4309 6259
451 455 511 521 358
956 472 1114 523 uxrosrrro
1134 474 1241 521 urssn.
1264 492 1304 504 -
1325 475 1394 521 aar.
1418 476 1494 523 xxm

451 646 578 708 terdum
596 653 702 709 autem
722 645 909 727 exprimitur
926 646 960 709 in
982 646 1149 730 singulari,
1165 653 1199 707 ut
1214 648 1240 709 Α
1254 646 1389 727 gratiam
1402 647 1538 729 Spiritus
1552 648 1679 727 Sancti3
1695 658 1728 714 et
1749 657 1824 714 sunt
1838 668 1887 713 res
1902 648 1986 732 signi-

452 742 487 805 in
512 744 670 826 prasenti,
696 745 772 807 dum
796 745 924 826 dicitur,
952 768 969 806 θ
995 748 1077 809 hanc
1103 746 1200 827 igitur
1254 743 1351 808 licata
1375 765 1431 827 per
1456 747 1579 828 specics
1607 747 1674 810 vini
1705 756 1737 811 et
1764 748 1855 831 panis
1881 771 1888 809 ε
1913 758 1983 829 sunt,

453 842 644 907 oblationem
661 866 689 923 n,
698 844 850 925 quoniam
865 846 1029 908 ordinatur
1042 845 1081 907 ad
1097 864 1201 907 sacra·
1253 842 1396 925 inquam,
1413 864 1463 908 res
1479 864 1579 925 sacra,
1595 847 1728 927 gratiam
1744 846 1908 910 continens
1922 847 1986 909 mul·

452 949 595 1004 mentum
611 962 711 1005 uuum
725 941 1006 1026 perlectum,quod
1021 952 1069 1007 θεῖ
1083 943 1201 1007 Eucha-
1254 949 1287 1005 to
1302 943 1509 1006 excellentius
1524 962 1620 1025 quam
1634 944 1696 1008 clia
1711 953 1915 1009 sacramenta.
1926 946 1986 1009 Por-

454 1038 553 1105 ristia.
913 1117 917 1123 ¹
1256 1057 1291 1104 ro
1306 1039 1442 1104 ellectus
1456 1042 1553 1123 hujus
1568 1044 1768 1122 sacramenti,
1786 1044 1819 1106 id
1838 1050 1883 1107 est
1900 1043 1987 1125 gratia

1257 1140 1584 1224 sacramentalis,quae
1598 1142 1631 1205 in
1646 1142 1707 1205 hoc
1720 1151 1913 1206 sacramento
1926 1160 1986 1205 con

1257 1236 1358 1301 fertur
1372 1239 1468 1320 digne
1483 1240 1694 1319 sumentibus
1712 1248 1761 1304 θεῖ
1776 1260 1826 1303 res
1840 1248 1961 1303 tantum.

628 1303 872 1369 ARTICULUS
895 1305 1024 1369 XXIII·
1297 1336 1398 1399 Verba
1422 1336 1517 1419 igitur
1544 1338 1751 1421 preinducta,
1778 1338 1881 1422 primo
1906 1357 1986 1421 expo

454 1455 502 1514 De
524 1454 756 1529 emplanatione
779 1454 903 1531 quintae
922 1454 1032 1529 partis
1053 1455 1200 1524 canonic,
1257 1443 1376 1498 nuutur
1393 1436 1433 1497 ‘¹⁰
1452 1453 1490 1499 ⁰0
1509 1437 1594 1517 qu⁰d
1614 1445 1663 1499 est
1681 1445 1909 1501 88οΜῐῦθῦῑῦῖῦ
1930 1446 1987 1499 ¹⁸11·

494 1542 616 1601 sciticet
631 1562 643 1600 .·
659 1544 762 1609 Quam
777 1543 970 1602 oblationem
986 1551 1035 1611 tu,
1050 1545 1149 1612 Deus,
1165 1544 1201 1602 in
1257 1540 1335 1613 lum,
1363 1533 1394 1601 id
1420 1541 1469 1596 est
1492 1535 1531 1597 de
1554 1534 1686 1597 materia
1713 1534 1830 1615 oblata,
1855 1534 1987 1599 videlicet

495 1632 655 1699 omnious,
671 1638 731 1693 etc.
1256 1632 1570 1712 paueetviuo.Haec
1585 1634 1671 1695 enim
1685 1634 1818 1697 materia
1832 1652 1988 1717 persacra-

1256 1729 1378 1791 tissima
1397 1729 1529 1793 canonis
1550 1731 1647 1794 verba
1666 1732 1836 1813 quemdam
1851 1731 1987 1794 idoneio-

501 1830 627 1897 ESUS,
643 1838 679 1888 ut
694 1828 914 1905 sanctificaret
924 1830 1201 1904 populum,eccra
1217 1830 1241 1893 B
1257 1836 1319 1891 tem
1340 1848 1396 1890 seu
1418 1828 1613 1909 spiritualem
1638 1829 1789 1893 virtutem
1815 1830 1944 1905 sortitur,
1960 1839 1987 1891 ut

512 1935 643 2002 portam
663 1944 781 2002 passus
803 1934 850 1985 est
875 1945 886 1984 .·
906 1927 1102 2001 peripsum
1126 1946 1202 2004 erpo
1257 1926 1298 1988 sit
1319 1933 1392 2007 apta
1416 1946 1452 1989 ac
1476 1927 1572 2009 digua
1595 1946 1666 2008 quae
1690 1928 1989 1990 transsubstantietur

452 2030 628 2103 offeramus
646 2025 782 2083 hostiam
806 2026 917 2084 laudis
937 2042 1062 2099 semper
1076 2025 1201 2086 De0.1u
1258 2044 1314 2087 scu
1334 2033 1537 2089 convertatur
1559 2025 1591 2087 in
1616 2026 1906 2108 praestantissimum
1931 2044 1989 2089 cor·

452 2121 596 2185 orationc
615 2141 652 2184 ac
673 2130 761 2202 parte
781 2120 954 2201 praehabita
974 2122 1077 2184 oravit
1100 2142 1203 2185 sacer·
1258 2143 1317 2205 pus
1347 2130 1378 2185 et
1407 2123 1594 2204 sanguinem
1622 2124 1694 2186 Filii
1723 2124 1791 2187 Dei.
1823 2124 1898 2188 Dicit
1924 2143 1989 2205 ergo

452 2220 509 2281 dos
529 2219 563 2280 in
583 2218 745 2282 communi
770 2218 964 2281 oblationem
988 2220 1070 2281 hanc
1097 2239 1115 2281 a
1139 2219 1202 2283 Deo
1258 2222 1404 2284 sacerdos
1428 2245 1435 2284 ι
1460 2244 1476 2281 n
1500 2223 1598 2296 Quam
1622 2222 1816 2285 oblationem
1843 2231 1886 2301 tu,
1904 2223 1987 2299 Deus,

453 2317 595 2398 suscipi3
618 2317 671 2378 hic
700 2324 805 2379 autem
831 2316 990 2397 exprimit,
1020 2317 1139 2380 orando
1168 2317 1202 2379 in
1257 2338 1449 2400 quesumus,
1466 2320 1607 2401 digneris
1627 2321 1733 2384 lacere
1755 2321 1945 2383 benedictam
1964 2344 1987 2399 n,

454 2415 597 2498 speciali,
624 2416 663 2478 ad
691 2415 767 2497 quid
792 2415 871 2477 velit
898 2433 967 2477 cam
996 2416 1155 2498 acceptari
1184 2436 1202 2479 a
1257 2417 1289 2479 id
1304 2426 1352 2479 est
1373 2418 1510 2497 quadam
1525 2417 1683 2500 spirituali
1705 2419 1824 2481 virtute
1843 2418 1988 2501 perfusam

453 2514 528 2594 Deo,
545 2514 655 2576 dicens
673 2537 679 2574 :
1257 2522 1290 2576 et
1304 2523 1457 2592 sanctam,
1474 2532 1511 2577 eo
1526 2515 1620 2578 modo
1634 2533 1697 2597 quo
1716 2535 1792 2579 vasa
1806 2524 1837 2579 et
1851 2516 1988 2597 templum

497 2614 601 2681 Quem
621 2612 827 2681 oblationem,
852 2610 884 2672 id
912 2620 960 2673 θεῖ
983 2630 1078 2692 quam
1105 2619 1203 2674 mate
1257 2632 1293 2675 ac
1318 2621 1423 2675 vestes
1449 2613 1682 2676 benedicuntur
1705 2621 1737 2677 θῖ
1765 2613 1989 2677 sanctificantur

453 2709 533 2772 riam
558 2710 709 2788 oblatam,
726 2718 774 2780 tu,
789 2715 888 2780 Deus,
909 2708 941 2771 id
966 2718 1024 2785 est,
1046 2718 1093 2789 tu,
1114 2711 1204 2773 Pater
1258 2718 1293 2773 ut
1307 2712 1370 2773 sint
1384 2718 1457 2791 apta
1471 2711 1505 2773 in
1520 2711 1630 2776 divino
1644 2712 1797 2794 obsequio
1816 2714 1989 2775 instrumen-

452 2808 603 2887 coelestis,
629 2809 667 2867 ic
699 2809 860 2877 omnibus,
891 2828 1088 2887 quesumus,
1114 2810 1203 2869 bene·
1257 2817 1299 2871 ta.
1317 2810 1450 2872 Additur
1470 2818 1587 2889 autem,
1605 2833 1622 2870 «
1644 2810 1677 2872 in
1699 2812 1848 2875 omnibus
1863 2834 1879 2871 a
1896 2810 1989 2892 :quod

453 2907 614 2987 †dictam,
630 2906 875 2984 miscrilsptam,
891 2906 1202 2984 ra†tam,rationa-
1258 2907 1357 2989 aliqui
1388 2907 1531 2969 referunt
1559 2908 1597 2969 ad
1627 2907 1658 2969 id
1684 2909 1769 2989 quod
1798 2909 1914 2972 dictum
1940 2915 1989 2984 θεῖ,

456 3006 552 3064 bilem
582 3005 871 3081 acceptabilemque
900 3005 1011 3080 facere
1041 3006 1200 3081 dipneris.
1222 3003 1276 3066 C«
1292 3013 1337 3084 tu,
1355 3006 1436 3067 Deus
1453 3027 1482 3083 a,
1500 3014 1534 3067 ut
1549 3005 1590 3067 sit
1609 3026 1720 3069 sensus
1738 3031 1745 3069 ι
1763 3030 1779 3067 a
1797 3009 1854 3087 Tu,
1869 3008 1945 3069 Deus
1963 3006 1990 3067 in

454 3102 617 3165 Ponuntur
646 3100 699 3163 hic
734 3101 875 3182 quinque
908 3100 1039 3163 uomina
1071 3102 1204 3184 adjecti·
1258 3102 1407 3166 omnibus
1423 3126 1451 3183 a,
1470 3103 1501 3165 id
1521 3112 1580 3183 θεῖ,
1597 3112 1643 3183 tu,
1660 3104 1753 3181 Deus,
1770 3105 1825 3187 qui
1841 3115 1991 3185 esetope

454 3219 506 3277 va,
537 3218 607 3281 qurc
641 3198 738 3261 variis
767 3198 870 3261 modis
898 3208 1119 3281 exponuntur3
1147 3202 1201 3264 sad
1257 3200 1337 3262 raris
1357 3200 1389 3261 in
1412 3200 1561 3263 omnibus
1578 3201 1682 3265 rebus.
1697 3203 1780 3266 Deus
1801 3203 1886 3266 enim
1907 3221 1991 3285 quum

455 3296 582 3360 omissis
605 3295 682 3374 illis,
709 3303 772 3359 tres
796 3296 1010 3379 expositiones
1036 3298 1202 3379 tangendae
1258 3298 1300 3361 sit
1314 3299 1501 3376 immensus,
1518 3306 1550 3361 et
1564 3298 1703 3380 primum
1725 3300 1916 3384 principium
1935 3318 1993 3363 om-

455 3404 540 3473 sunt,
557 3414 626 3477 qnae
648 3394 796 3458 meliores
817 3394 976 3457 videntur.
994 3395 1202 3459 Considerau-
1258 3396 1348 3458 nium
1363 3415 1481 3477 rerum,
1497 3396 1606 3460 omnia
1625 3406 1780 3480 penetrat,
1797 3419 1857 3463 nec
1878 3398 1990 3479 aliquod

454 3494 531 3556 dum
550 3512 636 3575 ergo,
653 3494 737 3574 quod
753 3493 786 3555 iu
803 3492 1005 3556 Sacramento
1027 3493 1133 3555 altaris
1155 3504 1202 3557 θεῖ
1258 3514 1355 3577 agens
1385 3502 1525 3558 creatum
1551 3495 1674 3578 aliquid
1698 3516 1792 3579 agere
1816 3506 1916 3579 potest
1937 3495 1989 3558 uisi

455 3592 575 3673 aliquid
590 3591 675 3673 quod
696 3599 744 3654 cst
765 3599 999 3654 sacramentum
1021 3599 1154 3671 mutum,
1172 3601 1203 3655 et
1258 3594 1290 3654 in
1316 3594 1430 3656 virtute
1455 3594 1548 3675 primi
1577 3595 1712 3675 agentis,
1733 3596 1818 3676 quod
1847 3605 1894 3660 θεῖ
1919 3596 1990 3657 licus

455 3690 575 3771 aliquid
591 3690 676 3771 quod
691 3697 739 3751 θεῖ
760 3708 810 3751 res
832 3696 864 3751 et
885 3699 1130 3770 sacramentum,
1146 3691 1203 3752 ali·
1257 3691 1413 3773 gloriosus
1429 3702 1459 3755 et
1475 3691 1578 3755 fortis.
1597 3692 1682 3756 Unde
1696 3694 1867 3776 Apostolus
1886 3693 1925 3756 ait
1939 3716 1945 3753 :
1960 3693 1989 3753 ln
2000 3705 2038 3749 rc.
2053 3712 2083 3741 rra

454 3788 531 3869 quid
550 3806 676 3869 quoque
695 3788 779 3869 quod
798 3794 847 3850 est
866 3806 915 3849 res
940 3795 1073 3850 tantum.
1094 3789 1202 3851 Sacra·
1258 3787 1327 3869 ipso
1356 3789 1503 3865 vivimuS,
1534 3807 1701 3851 movemur
1728 3797 1759 3851 et
1793 3809 1911 3852 sumus.
1939 3770 2024 3851 Sedu

455 3895 599 3949 mentum
628 3902 704 3947 vero
726 3884 843 3947 dicitur
867 3885 993 3965 siguum
1019 3885 1064 3949 rei
1091 3905 1198 3951 sacrae.
1257 3885 1372 3948 melius
1392 3886 1527 3949 arbitror
1546 3894 1582 3948 ut
1599 3887 1660 3949 hoc
1682 3887 1766 3967 quod
1790 3886 1916 3966 dicitur,
1932 3910 1948 3945 u
1962 3887 1990 3947 iu

454 3986 535 4047 Ante
551 3982 823 4046 consecrationem
839 4001 914 4064 crgo
928 3983 1021 4065 panis
1040 3992 1072 4047 ct
1091 3985 1200 4049 vinum
1257 3982 1406 4045 omnibus
1427 4005 1455 4060 a,
1473 3982 1628 4045 referatur
1651 3985 1691 4046 ad
1709 4006 1726 4044 c
1749 3984 1944 4048 benedictam
1965 4006 1989 4062 a,

455 4090 530 4145 suut
554 4088 788 4143 sacramentum
812 4088 945 4161 tantum,
962 4081 1037 4163 quia
1061 4091 1136 4146 suut
1161 4084 1202 4145 si·
1257 4088 1292 4143 ut
1307 4080 1348 4143 sit
1367 4100 1478 4143 sensus
1495 4103 1502 4143 z
1520 4102 1536 4140 u
1553 4082 1610 4161 Tu,
1627 4081 1721 4161 Deus,
1739 4082 1844 4146 lacere
1865 4082 1990 4165 digneris

454 4199 554 4263 gnum
568 4180 729 4241 dumtaxat
744 4178 790 4241 rei
806 4198 913 4256 sacrae,
927 4180 1076 4244 videlicet
1092 4199 1202 4265 corpo·
1217 4180 1242 4241 D
1256 4179 1339 4241 hanc
1375 4179 1568 4242 oblationem
1604 4180 1801 4243 benedictam
1837 4182 1870 4244 in
1903 4181 1991 4245 omui

455 4279 500 4341 ris
523 4285 555 4341 et
580 4276 744 4358 sanguinis
768 4276 896 4355 Christi,
919 4277 951 4338 in
977 4298 1046 4359 quae
1071 4298 1202 4343 conver·
1258 4278 1316 4340 bus
1337 4300 1366 4354 n,
1385 4277 1416 4338 id
1431 4286 1478 4340 θεῖ
1500 4278 1539 4340 ad
1561 4277 1622 4341 hoc
1642 4279 1726 4359 quod
1742 4278 1783 4341 sit
1797 4288 1871 4362 apta
1885 4300 1921 4343 en
1937 4296 1990 4361 qua

454 4384 576 4455 teutur3
586 4375 641 4437 sed
657 4382 728 4457 post
739 4375 1008 4438 consecrationem
1024 4377 1202 4440 accidentia
1257 4375 1447 4458 proveniant
1460 4394 1572 4439 omnes
1591 4376 1743 4440 utilitates
1758 4386 1790 4440 et
1804 4378 1923 4441 fructus
1942 4378 1990 4439 hu-

455 4474 548 4559 panis
566 4482 599 4537 θῖ
617 4473 685 4535 viui
705 4480 779 4535 sunt
797 4483 1030 4536 sacramentum
1053 4482 1198 4538 tantum:
1256 4474 1308 4555 jus
1334 4474 1534 4537 sacramenti.
1558 4474 1611 4537 Hae
1634 4494 1772 4557 namque
1795 4476 1943 4539 utilitates
1964 4482 1991 4537 at

454 4583 530 4637 tunc
555 4573 641 4637 enim
666 4571 842 4635 substantia
866 4571 958 4654 panis
982 4581 1015 4635 θῖ
1039 4572 1106 4635 vini
1137 4591 1200 4637 non
1256 4569 1391 4649 fructus,
1409 4570 1440 4632 id
1459 4579 1507 4633 est
1531 4571 1667 4636 allectus
1691 4574 1876 4655 gratiarnm,
1892 4591 1990 4657 prore-

455 4681 572 4750 mcnet,
589 4672 645 4734 sed
659 4669 835 4733 accidentia
855 4689 965 4732 eorum
987 4679 1140 4751 quantum
1161 4672 1200 4733 ad
1256 4670 1349 4731 niunt
1367 4689 1405 4731 ex
1424 4668 1483 4731 hac
1507 4669 1678 4751 oblatione,
1694 4670 1727 4733 in
1751 4680 1904 4753 quantum
1926 4690 1990 4735 con

454 4769 765 4852 repraesentationem
801 4768 952 4849 supplent
986 4768 1090 4830 vicem
1129 4769 1202 4831 sub-
1256 4768 1390 4829 vertitur
1414 4767 1447 4828 in
1469 4786 1583 4849 corpus
1607 4777 1639 4831 et
1663 4770 1850 4851 sanguinem
1876 4768 1988 4846 Christi,

455 4867 588 4945 stanticc,
604 4885 674 4948 quae
695 4884 848 4928 conversa
871 4873 930 4928 est.
951 4865 1071 4947 Corpus
1095 4876 1200 4930 autem
1255 4885 1325 4947 quae
1340 4866 1546 4948 spiritualiter
1566 4867 1664 4946 alunt,
1682 4867 1856 4950 perficiunt
1869 4878 1900 4933 et
1913 4887 1991 4950 rapa-

454 4975 486 5030 et
507 4965 636 5047 sanguis
662 4963 777 5027 Christi
802 4971 877 5025 sunt
891 4984 941 5025 res
966 4972 998 5026 et
1022 4984 1201 5029 sacramen·
1256 4972 1327 5027 rant
1347 4983 1420 5027 eum
1445 4964 1500 5046 qui
1524 4963 1619 5046 digne
1643 4966 1738 5027 sumit
1762 4967 1989 5031 Sacramentum

454 5074 533 5127 tum.
551 5065 630 5126 Sunt
653 5062 738 5125 euim
762 5069 1007 5139 sacramentum,
1029 5062 1061 5123 id
1087 5071 1136 5125 est
1156 5083 1200 5125 sa·
1255 5062 1374 5125 altaris.
1392 5062 1564 5144 Sequitur:
1582 5084 1598 5121 o
1619 5062 1812 5144 adscriptam
1838 5088 1868 5143 n,
1885 5065 1915 5128 id
1938 5070 1988 5139 est,

454 5182 545 5225 crum
560 5161 685 5242 siguum
701 5159 832 5221 unitatis
851 5160 993 5241 corporis
1012 5160 1136 5241 mystici
1152 5161 1198 5242 (id
1254 5169 1300 5239 tu,
1317 5160 1399 5223 Deus
1423 5160 1523 5239 Pater,
1545 5160 1687 5242 digneris
1712 5160 1818 5224 lacere
1843 5162 1989 5225 bancho

453 5268 502 5323 θεῖ
524 5258 697 5339 Εθθῖθείθ),
725 5276 795 5339 quae
823 5256 862 5319 fit
878 5277 946 5340 ,per
974 5258 1138 5324 caritatem
1167 5268 1199 5323 et
1254 5259 1347 5323 stiam
1363 5282 1380 5319 θ
1396 5259 1630 5342 adscriptam»,
1649 5258 1744 5325 idest
1763 5258 1796 5325 in
1820 5260 1900 5325 libro
1920 5258 1989 5323 divi·
