4309 6259
579 516 738 566 expostulo
759 518 858 565 ntum
883 524 890 564 :
914 518 997 577 l'llfil,
1019 518 1158 569 chanaon
1178 520 1312 569 Sl‘llllTlJS
1677 499 1717 569 δι’)

173 696 239 753 tam
254 688 376 753 scilicet
390 687 462 752 vitro
476 699 596 753 naturae
612 708 706 771 quam
722 688 794 753 vite
813 690 920 771 gratie
935 686 959 753 Α
975 691 1091 774 quibus
1115 693 1147 755 in
1171 692 1252 756 lsaia
1275 693 1375 756 fertur
1391 716 1398 754 :
1415 690 1603 773 llequiescet
1625 710 1719 774 super
1731 714 1801 766 ren.
1813 715 1863 765 na.

174 808 212 851 ac
236 788 356 869 glorie,
373 804 470 869 quum
496 787 537 849 sit
562 806 655 851 verus
678 788 760 850 Deus
783 794 815 850 et
839 808 921 851 unus
975 808 1048 852 eum
1064 790 1200 871 Spiritus
1214 791 1353 869 Domini,
1366 790 1496 873 spiritus
1511 788 1674 872 sapientire
1687 797 1720 853 et

175 888 266 950 dator
284 886 388 949 omnis
407 886 482 949 boni
503 886 600 948 creati
621 906 694 949 cum
716 886 804 949 Patro
823 893 855 948 et
873 886 922 948 Ti·
977 885 1307 971 intellectus‚spiritus
1322 888 1450 952 consilii
1465 896 1497 950 et
1511 887 1719 967 fortitudinis,

176 984 230 1063 lio,
248 984 311 1048 imo
332 992 363 1046 et
382 1004 464 1047 unus
480 1006 496 1043 (ι
512 984 585 1049 fons
604 984 697 1047 vivus
713 1008 729 1044 n
745 1003 817 1047 cum
832 985 921 1047 Patre
976 984 1108 1067 spiritus
1131 987 1274 1049 scientiae
1296 994 1329 1049 et
1352 986 1479 1068 pietatis
1497 1009 1505 1064 3
1532 992 1563 1048 et
1587 985 1724 1067 replebit

175 1092 292 1147 eterno
307 1090 338 1145 et
352 1082 520 1165 Unigenito
534 1082 614 1164 ejus.
629 1085 721 1159 Ipnis
736 1082 920 1164 spiritualis,
978 1102 1051 1145 eum
1074 1083 1206 1165 spiritus
1227 1084 1349 1148 timoris
1372 1083 1508 1147 Domini.

177 1199 241 1245 non
257 1180 439 1259 materialis,
456 1181 618 1243 caritatem
633 1181 823 1260 accendens,
837 1200 923 1243 uren·
1019 1182 1089 1243 llaec
1123 1182 1218 1256 dona,
1248 1183 1424 1245 secundum
1453 1182 1660 1245 celebriorem
1689 1201 1726 1244 ac

178 1286 240 1341 tem
266 1277 481 1357 inflammans,
502 1286 633 1361 peccata
653 1297 863 1357 consumens;
883 1279 922 1341 de
980 1279 1177 1343 subtiliorem
1205 1280 1406 1362 positionem,
1431 1300 1527 1361 quam
1552 1288 1728 1361 sequuntur

26 1376 693 1459 raemeqnoluqulturbominustlgncm
710 1376 781 1439 reni
798 1377 922 1439 mittere
980 1378 1128 1457 Thomas,
1157 1379 1316 1456 elbertus,
1342 1379 1495 1460 AEgidius‚
1524 1380 1645 1458 Petrus,
1676 1379 1727 1441 lli·

179 1476 211 1537 in
231 1482 358 1553 terram,
375 1482 406 1537 et
425 1474 501 1555 quid
526 1475 609 1553 volo,
626 1474 687 1537 nisi
713 1482 747 1535 ut
772 1475 923 1537 accenda·
981 1477 1128 1555 chardus,
1145 1497 1163 1539 a
1182 1477 1352 1540 virtutibus
1376 1477 1503 1540 realiter
1526 1477 1728 1559 distinguun-

57 1589 124 1629 ueat.
135 1601 163 1637 u.
178 1576 245 1635 turl
257 1573 343 1635 l'nde
358 1580 390 1635 et
403 1574 524 1653 lloyses
538 1572 616 1635 dixit
633 1596 640 1633 :
658 1572 739 1634 Deus
751 1580 824 1634 tuus
840 1572 923 1653 ignis
980 1584 1042 1653 tur,
1059 1584 1194 1656 suntque
1209 1575 1337 1637 habitus
1352 1576 1608 1658 supernaturales
1628 1574 1725 1636 inlusi

32 1654 67 1694 ³⁸·
178 1690 369 1734 consumens
384 1676 441 1733 est.
458 1670 522 1733 Hoc
539 1671 610 1751 igne
624 1671 729 1733 omnis
749 1678 855 1751 torpor
873 1690 925 1733 ex·
980 1674 1096 1755 quibus
1112 1694 1202 1735 mens
1216 1672 1356 1735 humana
1370 1672 1513 1735 allicitur
1527 1673 1608 1735 beno
1622 1690 1726 1754 prom-

178 1769 317 1851 pellitur‚
331 1768 432 1850 frigus
447 1768 552 1831 cordis
567 1768 762 1845 dissolvitur‚
775 1768 925 1850 depressa
980 1780 1096 1854 pieque
1124 1771 1251 1834 mobilis
1274 1791 1293 1833 a
1318 1771 1437 1853 Spiritu
1461 1772 1588 1850 Sancto,
1613 1770 1652 1832 ad
1678 1789 1726 1832 se·

178 1886 268 1929 mens
296 1868 334 1929 ad
362 1865 474 1929 divina
506 1866 647 1947 erigitur.
679 1868 817 1927 Caritas.
849 1862 962 1929 TotaB
981 1869 1143 1951 quendum
1158 1870 1228 1949 ejus
1243 1868 1441 1948 instinctum,
1457 1868 1724 1949 quemadmodum

177 1966 295 2049 quippe
326 1964 610 2047 superdignissima
644 1964 779 2026 Trinitas
811 1965 924 2027 caritas
981 1987 1037 2049 per
1062 1967 1195 2029 virtutes
1219 1967 1365 2046 morales,
1392 1968 1430 2029 ad
1457 1967 1652 2048 sequendum
1676 1966 1726 2048 ju·

178 2074 236 2143 est,
252 2073 281 2126 et
308 2064 422 2127 caritas
442 2082 504 2125 una
523 2063 666 2127 absolute
686 2070 826 2144 accepta,
844 2063 925 2125 sicut
981 2066 1102 2128 dicium
1127 2065 1269 2128 rationis.
1292 2065 1400 2146 ltaque
1420 2065 1583 2147 sapientise
1606 2065 1726 2127 donum

179 2170 209 2225 et
225 2162 390 2244 sapientia,
398 2168 429 2223 et
444 2161 600 2243 sapientia
614 2180 677 2223 una
692 2160 834 2223 absolute
849 2179 925 2242 quo·
982 2164 1195 2243 (intransitive
1210 2163 1365 2225 sumendo
1380 2163 1447 2226 haec
1468 2162 1575 2241 verba,
1599 2163 1659 2224 hoc
1679 2170 1728 2223 est

179 2280 240 2341 que
255 2267 394 2341 accepta.
413 2258 498 2322 Unde
515 2259 546 2319 in
567 2259 670 2340 prima
689 2278 746 2320 sua
767 2257 925 2321 Canoniua
983 2262 1139 2344 sapientia
1154 2269 1188 2323 ut
1202 2270 1251 2323 est
1263 2262 1396 2339 donum)
1411 2269 1460 2323 est
1478 2260 1728 2342 supernaturalis

60 2384 165 2419 ouon-u,
181 2367 310 2420 testatur
324 2358 458 2421 loannes
476 2380 483 2419 ε
501 2358 582 2419 [leus
598 2358 712 2419 caritas
727 2363 784 2419 est.
800 2357 926 2419 Verum·
983 2360 1096 2423 notitia
1126 2359 1193 2435 ilci,
1219 2376 1282 2439 qua
1313 2359 1412 2419 Deum
1441 2358 1644 2439 agnoscimus
1673 2376 1730 2439 per

44 2466 49 2475 '
180 2466 285 2519 tamen
307 2456 422 2518 caritas
447 2456 668 2535 appropriatur
692 2455 823 2537 Spiritui
849 2456 926 2517 Sun-
983 2467 1110 2540 gustum
1130 2458 1302 2536 internum,
1324 2464 1357 2518 et
1380 2456 1462 2519 bene
1485 2456 1666 2536 judicamus
1690 2457 1730 2518 de

181 2564 242 2632 cto,
272 2554 346 2636 quia
375 2552 516 2635 procedit
545 2572 563 2614 a
591 2552 679 2614 Patre
704 2560 736 2615 et
764 2552 842 2615 Tillo
871 2572 927 2635 per
983 2574 1020 2619 eo
1036 2575 1092 2637 per
1106 2554 1402 2619 connaturalitatem
1422 2562 1454 2616 et
1474 2552 1729 2616 conformitatem

181 2653 386 2731 voluntatem,
413 2651 451 2713 ad
477 2670 571 2732 quam
600 2650 719 2712 directe
743 2658 773 2713 et
800 2650 926 2732 proprie
983 2654 1120 2716 affectus
1143 2654 1182 2714 ad
1206 2652 1323 2733 ipsum,
1349 2671 1406 2733 per
1430 2652 1546 2713 mentis
1570 2669 1727 2733 saporem,

181 2751 316 2833 pertinet
344 2748 470 2826 caritaS,
496 2749 761 2830 quemadmodum
787 2748 884 2810 Tilius
909 2768 927 2811 a
984 2760 1094 2835 utputa
1108 2752 1192 2832 quod
1208 2751 1277 2832 ipso
1292 2750 1331 2811 sit
1347 2770 1506 2812 summum
1521 2758 1551 2809 et
1568 2749 1729 2830 incompa-

181 2849 269 2911 Patre
284 2867 340 2930 per
355 2847 563 2924 intellectum,
580 2848 618 2909 ad
634 2866 729 2927 quem
744 2847 875 2909 verbum
896 2856 928 2908 et
985 2850 1084 2912 rabile
1108 2849 1240 2920 bonrum,
1256 2866 1319 2928 quo
1339 2848 1406 2910 solo
1427 2846 1608 2924 fruendum,
1624 2856 1656 2921 rt
1676 2847 1727 2909 cui

181 2945 335 3029 sapientia
361 2946 487 3027 proprie
513 2952 657 3027 spectant
684 2966 690 3005 :
719 2945 801 3007 unde
830 2944 927 3007 Tilius
985 2948 1042 3011 soli
1068 2947 1209 3009 finaliter
1233 2946 1462 3008 inhaerendum.
1480 2945 1602 3007 bonum
1622 2953 1726 3008 autem

183 3046 320 3108 Verbum
334 3052 365 3106 et
380 3043 542 3125 Sapientia
557 3042 654 3105 Patris
670 3051 811 3105 vocatur.
942 3046 964 3109 C
985 3045 1125 3109 scientiae
1148 3052 1196 3107 est
1219 3063 1282 3126 quo
1301 3062 1357 3125 per
1376 3043 1629 3107 conformitatem
1649 3042 1730 3106 affe-

222 3148 263 3205 Ει
288 3143 452 3219 spiritatis
477 3143 598 3211 unctio,
619 3139 679 3203 boc
704 3147 762 3219 est,
786 3141 927 3202 intrmus
984 3152 1054 3206 ctus
1069 3143 1150 3205 bene
1170 3142 1324 3205 sentimus
1339 3141 1565 3222 etjudicamus
1584 3141 1623 3203 de
1643 3160 1730 3204 orea-

182 3251 211 3303 et
228 3238 477 3322 gratiosissimus
492 3240 676 3302 devotarum
697 3239 850 3301 mentium
872 3258 928 3300 un·
984 3242 1075 3319 turis,
1096 3241 1180 3321 quod
1204 3240 1327 3302 scilicet
1352 3240 1385 3300 in
1410 3259 1444 3301 se
1466 3247 1499 3301 et
1521 3258 1559 3301 ex
1583 3258 1616 3301 se
1641 3258 1730 3301 ranae

181 3349 302 3402 clarum
324 3337 480 3419 irrigator,
501 3336 657 3418 perfusor‚
675 3336 841 3399 influendo
861 3356 928 3397 mu·
984 3340 1049 3402 sint
1083 3348 1178 3420 atque
1205 3338 1244 3400 ad
1272 3338 1450 3400 Creatorem
1479 3338 1730 3419 omnipotentem

181 3454 258 3497 nera
284 3436 468 3516 gratiarum,
499 3434 762 3512 consolationum,
793 3434 929 3496 suavita·
984 3438 1126 3500 finaliter
1143 3435 1337 3500 ordinandus
1355 3437 1448 3498 Porro
1467 3435 1586 3498 donum
1609 3436 1732 3498 intelle·

182 3543 270 3611 tum;
296 3552 333 3596 ac
358 3533 453 3595 etiam
479 3556 495 3591 u
521 3532 629 3594 unctio
654 3531 805 3613 spiritalis
830 3554 846 3591 a
873 3552 928 3614 per
984 3544 1054 3597 ctus
1079 3543 1126 3597 est
1144 3553 1208 3615 quo
1227 3552 1265 3596 ea
1283 3552 1352 3613 quae
1372 3532 1449 3595 fidei
1470 3540 1544 3595 sunt
1562 3532 1732 3595 salubriter

181 3652 321 3710 causam,
344 3630 403 3693 hoc
419 3638 466 3693 est
481 3650 575 3692 causa
590 3638 621 3692 et
636 3631 725 3693 dator
743 3630 926 3711 hujusmodi
984 3634 1174 3716 rapiuntur3
1190 3640 1222 3693 et
1237 3630 1280 3692 ita
1294 3630 1333 3691 de
1350 3630 1463 3691 ceteris
1482 3628 1586 3705 donis,
1603 3629 1642 3690 de
1662 3629 1732 3709 qui-

181 3730 352 3805 nnctionis,
369 3730 407 3791 dc
422 3748 485 3809 qua
499 3728 719 3790 sanctissimus
734 3728 777 3789 ait
792 3728 927 3790 loannes
984 3732 1043 3794 bus
1058 3729 1228 3812 specialem
1244 3728 1357 3808 collegi
1379 3736 1557 3789 tractatum.
1573 3725 1643 3788 Alia
1662 3727 1731 3807 opi-

28 3851 89 3893 ma.
102 3851 167 3893 nso.
182 3830 214 3890 in
231 3828 333 3909 prima
347 3845 404 3889 sua
418 3826 575 3889 Canonica
592 3849 599 3889 ι
615 3827 653 3888 Ει
668 3845 724 3889 vos
745 3825 926 3889 unctionem
983 3829 1037 3892 nio
1056 3827 1206 3908 estquod
1225 3827 1309 3888 dona
1326 3825 1393 3887 haeo
1415 3842 1478 3886 non
1501 3824 1565 3885 sint
1588 3843 1606 3885 a
1631 3822 1730 3885 virtu-

28 3948 91 3991 rmr.
107 3950 140 3989 ar.
181 3926 305 3988 bebetis
320 3945 338 3987 a
353 3925 436 4001 Deo3
453 3924 611 4006 itemque:
626 3925 736 3987 Unctio
751 3924 928 4004 ejusdocet
983 3927 1067 3991 tibus
1083 3926 1232 3987 distincta
1246 3924 1382 4001 realiter,
1404 3922 1447 3985 ita
1467 3923 1551 4004 quod
1573 3923 1655 3985 dona
1675 3940 1729 3984 vo-

183 4044 239 4087 vos
260 4024 299 4086 de
318 4022 477 4086 omnibus.
502 4022 633 4103 lnsuper
652 4022 733 4083 Deus
752 4032 799 4084 ost
820 4023 927 4087 unctio
983 4032 1096 4088 cantur
1117 4024 1149 4085 iu
1169 4032 1323 4104 quantum
1342 4022 1478 4103 desuper
1503 4020 1726 4096 infunduntur,

182 4123 297 4200 activa,
323 4120 588 4202 quemadmodum
615 4129 646 4181 et
669 4120 772 4182 activa
797 4121 925 4199 creatio,
983 4124 1115 4186 virtutes
1150 4130 1267 4199 autem,
1298 4121 1329 4182 in
1365 4128 1518 4199 quantum
1547 4118 1728 4199 subjectum

182 4220 256 4301 quia
272 4220 303 4281 in
319 4218 558 4301 simplicissimo
573 4218 636 4280 Deo
652 4218 734 4280 idem
748 4227 821 4280 sunt
831 4238 927 4299 agens
944 4219 969 4281 D
984 4240 1076 4283 suum
1113 4219 1287 4302 perficiunt
1314 4226 1346 4281 et
1372 4217 1553 4279 confortant
1580 4216 1618 4277 ad
1647 4216 1728 4278 bene

183 4328 213 4382 ef
232 4320 325 4381 actio.
344 4318 386 4381 lle
405 4317 465 4379 hac
490 4317 646 4399 spirituali
672 4317 821 4379 unctione
847 4318 929 4379 Psal-
984 4319 1153 4399 egendum.
1170 4318 1255 4378 Hanc
1275 4316 1459 4397 opinionem
1479 4324 1655 4394 sequuntur
1668 4314 1731 4375 An-

28 4417 376 4499 rr.un,s.mographus
412 4415 552 4497 loquitur
586 4415 708 4477 Christo
740 4439 746 4477 :
778 4414 870 4477 Unxit
898 4424 927 4477 te
985 4415 1203 4478 tisiodorcnsis
1229 4414 1261 4475 in
1287 4414 1417 4475 Summa
1441 4431 1508 4489 sua,
1531 4411 1666 4473 Thomas
1691 4412 1730 4472 de

183 4517 276 4594 Deus,
293 4516 375 4577 Deus
395 4522 480 4593 tuus,
495 4514 565 4577 oleo
585 4513 699 4575 laetitiae
719 4532 782 4594 prae
802 4532 929 4575 consor·
984 4514 1140 4592 Erfordia,
1158 4513 1281 4589 Scotus,
1298 4510 1396 4572 etalii
1414 4510 1518 4572 multi.

185 4614 269 4677 tibus
285 4612 347 4675 tuis
361 4636 369 4691 ;
385 4612 526 4675 Christus
545 4630 671 4693 quoque
690 4612 774 4692 apud
789 4612 901 4673 lsaiam
919 4636 926 4673 ι
1025 4613 1181 4693 Amplius,
1196 4619 1269 4672 sunt
1284 4618 1316 4672 et
1330 4609 1393 4671 alia
1406 4611 1490 4671 dona
1505 4609 1641 4690 Spiritus
1656 4610 1733 4671 San-

28 4736 117 4783 um.
131 4734 150 4774 r.
184 4712 319 4794 Spiritus
335 4710 458 4775 Domini
478 4730 574 4792 super
593 4730 654 4787 me,
672 4728 709 4773 eo
728 4711 812 4791 quod
834 4730 930 4773 unxe-
985 4712 1040 4791 cti,
1068 4730 1138 4792 quaa
1162 4709 1363 4792 appellantur
1385 4708 1469 4771 dona
1497 4708 1606 4789 gratiae
1633 4708 1732 4787 gratis

185 4809 226 4871 rit
248 4830 309 4872 me.
985 4811 1075 4886 datan,
1093 4808 1168 4888 quia
1182 4806 1364 4869 communia
1379 4814 1452 4867 sunt
1466 4805 1559 4868 bouis
1574 4825 1609 4867 ac
1625 4804 1729 4883 malis,

94 4912 112 4965 3
227 4913 275 4971 Tu
290 4909 491 4984 septiformis
501 4908 626 4983 pratia,
642 4906 702 4969 hoc
717 4914 775 4985 est,
788 4930 803 4965 u
821 4915 853 4968 tu
870 4926 929 4987 n‚o
985 4916 1017 4971 et
1042 4908 1081 4969 ad
1109 4905 1244 4969 aliorum
1272 4902 1441 4965 utilitatem
1470 4911 1668 4984 prestantur,
1693 4922 1730 4965 ac

184 5006 320 5088 Spiritus
335 5005 458 5083 Sancte,
477 5004 508 5065 in
525 5012 553 5065 te
569 5002 637 5085 ipso
653 5024 775 5067 summe
795 5005 929 5087 simplex
985 5006 1076 5088 plure
1101 5024 1196 5086 quam
1216 5011 1347 5084 septem.
1364 5003 1407 5064 De
1426 5001 1542 5082 quibus
1567 5001 1669 5082 prima
1689 5001 1728 5062 ad

184 5113 216 5167 et
231 5123 324 5181 unns,
337 5122 370 5165 es
387 5103 418 5163 in
435 5124 451 5161 u
467 5102 567 5183 gratia
580 5125 609 5181 n,
622 5101 682 5165 hoc
697 5110 745 5165 est
761 5103 792 5163 in
808 5112 928 5185 septem
984 5103 1164 5167 Corinthios
1178 5101 1264 5164 fatur
1277 5101 1445 5182 Apostolus
1462 5123 1469 5161 ε
1486 5099 1547 5161 Alii
1562 5099 1655 5160 datur
1674 5118 1729 5180 per
1756 5132 1825 5176 ιω,
1838 5144 1875 5181 m,

184 5200 278 5266 donis
302 5200 410 5283 gratias
428 5208 552 5282 gratum
573 5199 731 5279 facientis,
748 5224 764 5261 u
785 5201 930 5283 septifor-
985 5202 1138 5285 Spiritum
1158 5219 1262 5263 sermo
1281 5198 1455 5281 sapientise,
1472 5196 1526 5259 ulli
1546 5215 1650 5259 sermo
1669 5196 1730 5259 sci·
1743 5198 1799 5238 ⁸⁴⁰·

185 5300 248 5364 mis
277 5322 307 5378 a,
334 5299 499 5363 influendo
527 5299 593 5363 haec
622 5308 743 5382 septem
770 5300 864 5382 dona,
890 5302 930 5365 de
986 5300 1092 5379 entiae,
1108 5299 1163 5363 alii
1177 5299 1270 5379 fides,
1286 5296 1341 5362 alii
1356 5297 1458 5380 gratia
1475 5294 1657 5376 sanitatum,
1673 5294 1728 5358 alii
