4309 6259
507 508 546 555 us
565 508 657 555 DONB
677 508 812 555 setlttttts
832 508 951 565 δΑΝὓΤΙ,
973 508 1147 556 sancturus
1169 510 1210 557 lv.
1232 528 1272 540 -
1294 511 1418 559 Anemo
1439 512 1469 557 vt
1703 492 1760 560 261

212 696 277 743 res.
301 676 423 742 Primus
447 676 561 743 modus
584 684 644 759 eat,
668 677 753 759 quod
775 676 907 743 virtutes
930 678 1001 743 etri
1019 686 1130 743 contra
1156 680 1304 745 virtutem
1338 678 1480 745 absolute
1514 689 1547 745 et
1581 680 1767 766 simpliciter

212 778 298 843 dona
312 776 386 841 ideo
404 774 531 841 realiter
549 774 797 858 distinguuntur,
811 776 963 858 quoniam
1016 786 1176 860 sumptam
1196 778 1344 842 virtutem
1363 778 1536 861 heroicam,
1556 798 1652 862 quam
1673 788 1767 845 vocet

212 876 347 941 virtutes
359 876 477 940 dantur
494 877 535 939 ad
555 876 636 940 benc
655 877 863 958 operandum,
879 877 962 941 dona
1016 874 1167 955 divinam,
1188 877 1262 959 quin
1281 896 1339 961 per
1362 896 1433 941 eam
1456 880 1547 959 quasi
1572 880 1666 943 modo
1690 898 1766 961 ope-

212 984 320 1041 autcm
344 975 385 1038 ad
408 973 620 1038 msictcndum
643 973 879 1039 tentationibus.
900 975 961 1038 Sed
1016 992 1125 1038 ramur
1146 975 1264 1039 divino.
1286 976 1376 1055 ltem,
1396 994 1495 1058 quum
1518 978 1615 1041 homo
1638 976 1679 1039 sit
1699 995 1768 1039 me-

212 1074 277 1139 boc
304 1072 492 1155 reprobatur
523 1072 734 1137 communiter
763 1096 771 1136 :
801 1073 877 1155 quia
903 1092 963 1156 per
1015 1072 1103 1136 diurn
1118 1074 1277 1155 quoddam
1296 1074 1378 1137 iuter
1396 1074 1526 1156 angelos
1541 1083 1572 1138 et
1586 1074 1688 1155 bruta,
1706 1075 1766 1139 sie-

213 1170 301 1237 idem
323 1172 417 1235 datur
439 1170 559 1235 bomini
583 1170 717 1235 facultas
740 1172 823 1235 bene
847 1172 961 1254 agendi
1016 1178 1051 1233 ut
1064 1171 1098 1233 in
1113 1171 1196 1235 vitiis
1211 1172 1376 1237 bominum
1396 1172 1541 1254 quadarn
1561 1172 1766 1237 inveniuntur

212 1279 248 1335 ct
269 1269 436 1334 resistendi
457 1267 544 1335 malo
566 1270 734 1335 contrario.
760 1269 847 1333 Sicut
875 1269 961 1333 enirn
1015 1268 1099 1334 inira
1120 1270 1259 1333 bumana
1281 1270 1349 1334 sive
1374 1270 1519 1349 brutulia,
1541 1278 1576 1333 ut
1595 1280 1670 1335 suut
1692 1290 1766 1355 pec·

213 1388 274 1453 per
291 1367 533 1451 temperantiam
553 1368 649 1431 babet
668 1368 740 1449 quis
759 1368 867 1432 vivere
882 1376 964 1432 tem·
1016 1376 1087 1431 cata
1110 1376 1221 1433 contra
1245 1377 1403 1449 naturam,
1424 1387 1494 1450 quta
1519 1370 1676 1434 excedunt
1699 1387 1768 1433 mo-

211 1476 332 1551 perate‚
362 1466 406 1531 ita
433 1474 464 1530 et
491 1465 742 1549 intemperantia
770 1486 959 1549 repugnare.
1015 1465 1091 1529 dum
1117 1466 1264 1531 humanae
1288 1467 1435 1555 malitiae,
1462 1465 1507 1531 sic
1535 1466 1568 1529 in
1599 1467 1688 1531 bonis
1718 1476 1767 1531 est

209 1600 254 1613 —
270 1564 358 1629 Alius
376 1583 454 1647 ergo
472 1566 586 1629 modus
606 1572 666 1643 est,
687 1565 772 1646 quod
792 1564 959 1642 diiiertmt,
1015 1563 1157 1627 invenire
1177 1565 1306 1628 modum
1326 1566 1512 1643 humanum,
1529 1565 1569 1627 ad
1588 1584 1685 1646 quem
1704 1564 1767 1628 vir-

209 1664 287 1745 quia
314 1682 372 1745 per
400 1662 531 1725 virtutes
560 1661 700 1725 vitantur
732 1671 873 1744 peccata,
904 1681 962 1744 per
1015 1668 1098 1725 tutes
1127 1660 1309 1744 perficiunt,
1340 1671 1373 1725 et
1400 1663 1529 1726 modum
1560 1662 1766 1745 snprahumc-

209 1762 296 1825 dona
312 1768 489 1843 purgantur
506 1769 709 1843 peccatorum
729 1759 877 1841 sequela.
899 1760 960 1823 Sed
1015 1778 1105 1841 num,
1125 1763 1165 1824 ad
1189 1779 1285 1842 quem
1308 1761 1479 1845 perliciunt
1500 1762 1593 1825 dona.

208 1859 295 1923 istud
315 1876 381 1922 non
405 1858 500 1935 valet,
525 1857 600 1939 quia
624 1865 793 1939 utrumque
819 1877 876 1941 per
898 1856 1003 1921 vir-B
1056 1859 1100 1921 lle
1126 1859 1194 1921 istis
1218 1860 1342 1924 duobus
1367 1858 1486 1922 ultimis
1512 1860 1614 1923 modis
1639 1858 1765 1923 dicendi

209 1965 295 2021 tutes
316 1956 471 2020 aufertur.
1015 1956 1086 2039 quis
1111 1958 1215 2021 verior
1235 1958 1285 2037 sit,
1307 1967 1397 2041 putat
1420 1960 1585 2022 Durandus
1606 1958 1664 2022 iste
1686 1958 1766 2023 nulli

250 2056 329 2118 ilinc
358 2055 468 2118 tertius
496 2055 609 2119 modus
633 2062 693 2132 est,
719 2055 804 2137 quod
830 2054 962 2119 virtutes
1016 2056 1278 2120 certitudiualiter
1298 2076 1367 2120 esse
1387 2066 1508 2120 uotum.
1527 2058 1766 2135 Verumtamen,

208 2162 243 2218 et
267 2155 351 2217 dona
374 2153 425 2216 vel
450 2161 524 2217 sunt
543 2152 628 2217 idem
652 2152 910 2232 convertibiliter,
930 2160 962 2216 et
1016 2154 1162 2235 quamvis
1188 2154 1297 2217 tertius
1323 2155 1382 2219 iste
1406 2156 1518 2219 modus
1547 2155 1696 2236 loquendi
1722 2156 1768 2218 vi·

210 2252 282 2317 solo
297 2251 426 2315 nomine
439 2250 610 2329 diliemnt3
626 2250 678 2314 vcl
693 2258 767 2315 sunt
781 2251 865 2315 idem
881 2250 963 2315 sicut
1017 2252 1128 2315 deatur
1141 2252 1290 2317 Durando
1304 2253 1440 2316 multum
1454 2253 1636 2335 probabilis,
1647 2262 1766 2333 tamen,

210 2350 347 2413 inierim
369 2356 401 2412 et
424 2348 570 2431 superius
591 2370 599 2410 :
620 2358 652 2412 et
675 2349 719 2412 ita
737 2349 841 2413 omnis
862 2349 962 2413 virtus
1015 2358 1169 2432 quantum
1205 2351 1401 2433 perpendere
1438 2368 1532 2432 queo,
1564 2351 1676 2415 modus
1708 2350 1767 2415 iste

210 2458 262 2513 est
284 2450 416 2525 donum,
438 2448 494 2511 sed
518 2464 583 2510 non
607 2456 748 2525 econtra,
770 2447 845 2529 quia
868 2448 963 2511 timor
1017 2447 1166 2529 loquendi
1200 2456 1248 2511 est
1281 2448 1407 2531 penitus
1438 2457 1707 2531 presumptuosus
1735 2457 1768 2513 et

210 2554 341 2612 nonest
360 2546 471 2623 virtus,
487 2553 519 2608 et
539 2544 708 2609 consilium
726 2544 887 2627 accipiunt
904 2563 963 2627 pro
1016 2545 1127 2610 lalsus.
1144 2545 1264 2629 Nempe
1284 2547 1368 2627 quod
1388 2546 1508 2626 dieunt,
1530 2548 1660 2610 modum
1680 2566 1767 2612 eorn-

209 2643 390 2728 prudeutia.
415 2643 524 2725 ltaque
547 2643 669 2723 dicunt,
693 2644 779 2723 quod
807 2661 908 2706 unum
931 2652 963 2707 et
1017 2662 1147 2707 munem
1177 2644 1327 2727 loquendi
1355 2663 1419 2727 quo
1448 2652 1611 2727 ponuntur
1643 2652 1766 2727 septem

211 2743 297 2807 idem
322 2741 438 2805 dieitur
461 2742 562 2805 virtus
582 2750 614 2805 et
634 2740 754 2804 donum
775 2742 895 2805 ratione
916 2742 962 2806 di·
1016 2762 1086 2806 esse
1108 2743 1190 2806 dona
1212 2742 1345 2826 Spiritus
1367 2742 1485 2821 Sancti,
1507 2762 1577 2805 esse
1599 2749 1703 2805 ortum
1725 2744 1766 2807 ab

209 2861 304 2905 versa
324 2864 332 2903 ι
352 2840 503 2922 quoniam
525 2839 642 2903 dicitur
664 2840 764 2903 virtus
786 2840 962 2903 secundnm
1016 2840 1067 2903 bis
1089 2840 1143 2921 qui
1166 2841 1446 2903 consideraverunt
1466 2840 1658 2923 principium
1682 2839 1766 2903 illius

209 2940 297 3021 quod
311 2937 437 3020 perlicit
450 2938 490 3001 ad
507 2938 589 3001 bene
600 2938 774 3020 agendum,
784 2945 816 2999 et
829 2938 959 3013 donum,
1017 2938 1146 3021 capituli
1162 2938 1321 3001 undecimi
1335 2938 1432 3016 Isaiae,
1450 2956 1513 3019 qno
1528 2938 1654 3020 legitur,
1672 2937 1767 3021 Egrc·
1781 2962 1812 3007 ra.
1823 2974 1851 3011 ιι.
1863 2963 1883 3004 ι.

210 3039 245 3101 in
273 3044 429 3118 quantum
457 3054 476 3099 a
499 3035 564 3101 Deo
587 3055 646 3119 per
668 3034 860 3099 inlusionem
886 3052 961 3098 con·
979 3037 1122 3105 odietur
1143 3036 1230 3117 virga
1249 3037 1288 3099 de
1310 3035 1414 3101 radice
1434 3037 1532 3116 lesse,
1554 3044 1629 3116 etc,
1649 3044 1681 3099 et
1701 3054 1765 3099 nou

211 3137 323 3199 lertur.
349 3134 388 3197 Et
416 3134 442 3197 si
471 3135 540 3197 istis
567 3134 746 3216 objiciatur,
771 3133 855 3214 qnod
886 3141 961 3196 tuuc
1017 3153 1202 3217 processum
1218 3134 1373 3216 ejusdem,
1390 3134 1461 3215 quis
1477 3134 1534 3197 rito
1550 3134 1766 3214 considerans,

212 3242 307 3298 erunt
335 3242 382 3297 tot
405 3234 489 3296 dona
510 3240 589 3313 quot
613 3232 755 3309 virtutes,
783 3233 963 3295 concedunt
1017 3232 1236 3315 aequanimiter
1260 3232 1352 3313 ierat,
1381 3233 1464 3314 legat
1486 3233 1545 3313 vel¹
1562 3232 1689 3295 audiatl
1712 3231 1768 3295 llle

211 3332 286 3409 boe,
317 3331 476 3412 loquendo
505 3331 545 3393 de
574 3329 742 3392 virtutibus
770 3328 895 3393 inlusis.
925 3328 963 3391 Et
1018 3347 1155 3410 namque
1186 3330 1298 3393 modus
1327 3328 1487 3411 loquendi,
1514 3349 1532 3392 a
1561 3329 1767 3392 sanctissimis

213 3430 371 3492 siiternm
389 3428 567 3511 objiciatur,
583 3428 669 3509 quod
687 3427 782 3491 lsaias
801 3446 865 3493 non
885 3448 963 3491 enu-
1017 3427 1160 3490 Patribus
1183 3446 1220 3489 ac
1243 3427 1375 3489 summis
1397 3427 1546 3490 Ecclesiae
1567 3426 1765 3505 Doctoribus,

37 3535 316 3603 12.n.2.2.merat
339 3526 400 3589 nisi
425 3532 546 3607 septem
574 3526 669 3603 dona,
693 3534 811 3607 negant
837 3525 911 3603 hoc,
937 3525 963 3586 si
1018 3525 1220 3607 Hieronymo,
1244 3524 1430 3607 Augustino,
1451 3525 1628 3603 Ambrosio,
1652 3523 1768 3605 Grego

214 3626 397 3690 attendatur
424 3643 489 3687 non
518 3622 621 3687 solum
656 3623 847 3706 principium
878 3624 963 3686 illius
1019 3624 1077 3703 rio,
1103 3632 1201 3703 ortuS,
1226 3623 1276 3685 vel
1306 3622 1409 3703 potius
1438 3622 1641 3704 approbatus,
1668 3623 1767 3685 conti-

214 3722 358 3807 capituli,
375 3724 430 3785 sed
452 3730 484 3785 et
504 3740 672 3804 processus
693 3745 701 3783 ε
722 3740 797 3785 narn
820 3722 964 3785 subditur
1019 3731 1133 3785 nuatus
1155 3740 1191 3784 ec
1212 3720 1391 3803 divulgatus
1412 3728 1461 3782 cst
1482 3743 1489 3781 ι
1514 3719 1670 3801 siquidem
1691 3728 1766 3783 aute

89 3844 161 3889 resa.
173 3848 199 3889 s.
215 3821 356 3885 ibi:llrit
369 3819 489 3902 justitia
503 3818 667 3901 cingulum
683 3819 864 3885 lumborum
879 3821 962 3901 ejus,
1019 3838 1073 3883 eos
1096 3819 1185 3881 multi
1210 3819 1310 3881 sancti
1332 3826 1426 3899 atque
1447 3816 1620 3881 doctissimi
1642 3817 1700 3879 viri
1723 3817 1765 3881 ita

214 3928 248 3983 et
271 3918 353 3981 sides
374 3916 562 3981 cinctorium
584 3936 697 3980 renum
716 3918 797 4000 ejus.
818 3918 965 3981 Commu·
1019 3917 1116 3981 locuti
1141 3925 1214 3980 suut
1243 3924 1274 3979 et
1299 3916 1512 3998 scripserunt;
1539 3915 1764 3999 specialissime

214 4034 292 4080 nem
311 4025 417 4078 autem
437 4016 568 4078 modum
589 4014 820 4097 loquendique
841 4034 964 4097 ponun-
1018 4025 1125 4079 autem
1143 4015 1335 4097 Augustinus
1360 4022 1391 4077 et
1414 4013 1582 4095 Gregorius
1606 4014 1638 4077 in
1664 4014 1767 4077 diver-

214 4126 268 4179 tur
282 4123 404 4197 septem
424 4113 518 4192 dona,
533 4112 644 4175 dicunt
662 4122 767 4176 ortum
786 4113 828 4176 ab
841 4114 890 4176 bis
909 4114 964 4194 qui
1019 4116 1063 4177 sis
1087 4114 1164 4178 locis
1189 4112 1276 4196 juxta
1302 4114 1387 4176 huuc
1409 4114 1538 4176 modum
1562 4113 1656 4177 locuti
1680 4123 1764 4176 sunt.

214 4214 498 4279 consideraverunt
512 4210 702 4294 principium
718 4211 802 4273 illius
821 4212 962 4293 capituli,
980 4213 1057 4277 Illit
1082 4231 1188 4276 nonne
1210 4212 1412 4293 sacrilegium
1435 4220 1483 4274 est
1507 4211 1557 4275 vel
1583 4221 1704 4294 putare,
1725 4232 1766 4276 ne

214 4331 282 4376 nou
305 4328 499 4394 processum.
522 4308 678 4372 -Porro
699 4318 830 4391 quartus
852 4310 964 4373 modus
1018 4314 1122 4375 dicam
1147 4310 1321 4391 allirmere,
1348 4312 1431 4391 quod
1454 4310 1503 4371 isti
1528 4310 1676 4374 Doctores
1701 4330 1765 4375 non

214 4410 367 4493 loquendi
395 4416 455 4487 est,
480 4407 565 4489 quod
594 4406 725 4471 virtutes
750 4417 782 4471 et
806 4409 889 4471 dona
917 4428 965 4471 re
1019 4411 1300 4476 consideraverunt
1325 4428 1509 4492 processum
1534 4409 1656 4491 praefati
1682 4409 1767 4491 capi-

213 4510 308 4573 aliter
335 4505 499 4583 dillerunt,
525 4504 599 4586 quia
622 4506 706 4569 dona
731 4504 901 4587 perficiunt
924 4507 964 4569 ad
1018 4510 1076 4572 tuli
1101 4508 1197 4587 Isaiae,
1216 4526 1315 4589 quum
1337 4516 1458 4570 certum
1480 4507 1522 4568 sit
1542 4508 1765 4588 Hieronymum

213 4607 414 4690 operandum
441 4604 544 4667 altiori
572 4604 666 4667 modo
694 4621 791 4684 quarn
820 4604 962 4667 virtutes.
1019 4618 1113 4689 atque
1134 4605 1333 4669 Ambrosium
1360 4623 1456 4686 super
1480 4612 1578 4667 totum
1603 4604 1688 4668 Isaiae
1713 4624 1767 4669 vo

212 4705 370 4782 Quocirca
383 4702 559 4779 sciendum,
576 4702 660 4782 quod
679 4702 762 4764 dona
782 4720 846 4765 nou
862 4704 966 4783 requi·
1020 4706 1127 4767 lunren
1144 4704 1324 4786 scripsisset
1336 4702 1487 4784 Denique,
1500 4703 1554 4783 qui
1569 4702 1600 4764 iu
1617 4722 1765 4784 processu

213 4814 330 4868 runtur
344 4803 383 4866 ad
398 4800 589 4865 eliciendum
605 4800 814 4863 substantiam
832 4801 966 4882 operati·
1020 4804 1104 4865 illius
1127 4801 1268 4884 capituli,
1291 4819 1355 4881 quo
1376 4801 1521 4880 hebetur,
1545 4800 1582 4863 Et
1607 4800 1665 4863 erit
1686 4799 1767 4863 lides
1782 4817 1872 4863 raras.

213 4902 299 4980 onis,
315 4901 371 4963 sed
390 4906 520 4981 propter
534 4898 663 4960 modum
677 4900 840 4980 operandi.
858 4899 966 4963 llodus
1021 4900 1209 4965 cinctorium
1235 4919 1345 4962 renum
1372 4900 1453 4980 ejus,
1476 4918 1532 4980 per
1555 4899 1653 4962 iidem
1678 4899 1770 4963 intel-

214 5010 325 5065 autem
339 4997 492 5080 operandi
506 5004 555 5059 est
568 4997 695 5080 duplex,
714 5006 789 5079 puta
808 4998 966 5061 humanus
1021 5000 1123 5081 ligunt
1143 5018 1212 5061 eam
1235 4996 1331 5059 fidem
1351 5016 1421 5076 quae
1442 5004 1490 5059 est
1511 4996 1688 5078 theologica
1709 4997 1771 5060 vir-

215 5110 249 5164 et
271 5097 552 5181 superbumanus:
574 5104 607 5158 et
627 5096 764 5177 primum
786 5097 968 5178 experimur
1021 5106 1084 5177 tus,
1119 5095 1305 5177 insipienter
1337 5096 1396 5157 hoc
1431 5103 1529 5176 agunt
1560 5118 1567 5156 ε
1600 5095 1652 5157 illa
1685 5096 1770 5158 euim

214 5202 248 5263 in
268 5197 382 5275 nobis3
398 5195 438 5258 de
458 5193 598 5259 seeundo
616 5202 722 5257 autem
742 5194 867 5257 videtur
882 5194 968 5276 loqui
1022 5214 1086 5259 non
1111 5194 1173 5258 luit
1196 5193 1228 5255 irr
1255 5192 1386 5270 Christo,
1408 5193 1447 5255 dc
1472 5210 1536 5274 quo
1560 5192 1601 5256 ibi
1627 5192 1665 5254 ad
1692 5191 1773 5256 litte-

214 5295 427 5379 Plrilosopbus
450 5292 584 5378 septimo
606 5292 800 5373 Etbicornm,
824 5293 968 5357 dividens
1024 5312 1092 5356 ram
1113 5292 1252 5374 loquitur
1272 5291 1376 5353 lsaies.
1394 5290 1480 5354 Unde
1500 5290 1542 5353 ibi
1563 5290 1642 5353 lrdes
1661 5291 1773 5373 accipi-
