4309 6259
428 482 491 548 292
726 500 767 547 nn
788 498 936 548 rasarone
957 496 1063 546 nounu
1086 496 1272 545 sauvarorus
1293 495 1451 545 nranocns.
1475 518 1515 527 -
1535 499 1606 545 aar.
1629 498 1681 546 xrv

427 670 513 752 qued
527 678 560 733 et
572 671 655 734 Deus
669 668 819 734 exaltavit
833 641 1019 750 illumizsic,
1031 669 1173 750 inquam,
1190 669 1212 730 Α
1233 686 1327 749 quem
1348 669 1486 731 mundus
1508 668 1681 732 crucifixus
1703 668 1745 731 sit
1764 666 1844 731 mibi
1866 676 1900 732 et
1919 688 1975 752 ego

427 778 523 851 atque
541 789 579 832 ex
598 769 907 833 considerationibus
925 778 958 832 et
976 767 1081 831 causis
1107 768 1176 829 istis
1232 765 1291 845 illi,
1308 765 1350 828 ita
1365 767 1448 847 quod
1463 767 1617 848 quidquid
1632 768 1771 831 mundus
1793 768 1975 831 immundus

427 876 492 930 tam
507 868 568 951 piis
583 876 615 931 et
629 867 880 947 rationabilibus,
889 868 983 929 debet
998 866 1054 928 tibi
1070 866 1176 948 passio
1231 864 1436 946 appretiatur,
1452 866 1576 946 quaerit,
1592 865 1805 947 amplectitur,
1822 864 1884 929 boc
1900 866 1972 929 mihi

429 986 501 1029 mea
513 967 646 1029 materia
660 986 731 1029 esse
745 975 777 1029 et
792 985 887 1028 causa
901 965 1009 1047 gaudii
1029 964 1178 1046 spiritua·
1232 962 1272 1024 sit
1287 982 1363 1025 crux
1378 972 1410 1025 et
1423 963 1542 1045 grande
1558 962 1733 1026 fastidium.

428 1064 480 1143 lis,
497 1064 561 1128 imo
576 1072 608 1126 et
622 1064 850 1146 multiplicium
866 1062 1079 1145 spiritualium
1100 1081 1176 1144 gau-

428 1162 565 1242 diorum,
583 1161 666 1225 sicut
680 1170 787 1225 cantat
803 1161 946 1224 Ecclesia
963 1185 969 1222 :
986 1159 1048 1224 Nos
1069 1169 1175 1223 autem

428 1260 556 1340 gloriari
585 1267 710 1341 oportet
737 1261 770 1321 in
799 1279 893 1323 cruce
921 1258 1047 1323 Domini
1074 1259 1175 1321 nostri
1422 1270 1667 1337 ARTICULUS
1690 1272 1782 1336 xlv,

428 1357 502 1420 Jesu
521 1357 647 1437 Christi,
664 1358 698 1419 in
717 1376 781 1438 quo
799 1367 849 1421 est
872 1358 969 1437 salus,
984 1357 1050 1419 vita
1072 1365 1104 1418 et
1129 1376 1176 1419 re-

428 1456 726 1533 surrectionostm3
742 1473 910 1538 perquem
925 1454 1037 1517 salvati
1052 1462 1084 1516 et
1098 1454 1175 1517 libe·
1258 1448 1306 1507 De
1321 1446 1580 1505 consideratione
1594 1448 1766 1506 dominica!
1785 1448 1949 1522 passionis

428 1552 488 1615 mi
510 1572 631 1615 sumus,
1438 1538 1482 1594 ad
1503 1536 1766 1610 regratiandum.

467 1651 621 1732 Denique,
637 1668 701 1733 quo
715 1651 872 1714 deteriora
888 1657 962 1714 sunt
982 1652 1067 1714 mala
1088 1657 1175 1713 aeter-

427 1767 476 1812 nm
499 1749 723 1829 damnationis,
746 1749 824 1811 vitia
848 1758 880 1812 et
905 1758 1046 1831 paccata,
1061 1747 1174 1829 jugum
1270 1748 1441 1811 Sacvarou.
1456 1782 1498 1793 -
1518 1747 1564 1809 Ad
1587 1747 1738 1810 virtutem
1761 1746 1974 1829 gratitudinis,

423 1847 604 1928 iniquitatis
633 1847 831 1929 servitusque
856 1848 987 1925 diaboli,
1013 1866 1051 1910 eo
1076 1847 1175 1909 abun·
1192 1845 1215 1907 B
1230 1865 1301 1928 quae
1315 1866 1387 1928 pars
1402 1854 1502 1910 exstat
1514 1846 1656 1928 justitiae,
1673 1865 1737 1909 uon
1757 1846 1860 1910 solum
1884 1845 1977 1927 perti-

426 1945 554 2008 dantius
568 1945 696 2027 gloriari
712 1954 742 2008 te
758 1945 790 2006 in
805 1964 876 2008 mea
890 1946 1037 2027 congruit
1056 1944 1176 2026 passio-
1231 1953 1285 2007 net
1310 1943 1458 2007 beneficii
1483 1944 1591 2007 collati
1616 1944 1837 2021 consideratio,
1866 1944 1923 2006 sed
1947 1952 1977 2007 et

427 2062 479 2122 ne,
495 2044 695 2125 inquantum
717 2062 774 2125 per
793 2062 863 2105 eam
882 2044 922 2106 ab
941 2043 1090 2106 omnibus
1111 2050 1174 2104 tam
1229 2052 1333 2125 grates
1361 2044 1536 2125 rependere
1569 2052 1600 2105 et
1632 2044 1736 2105 vicem
1768 2061 1826 2125 pro
1854 2041 1976 2105 viribus

426 2142 625 2223 gravissimis
639 2141 791 2203 liberatus
811 2161 845 2204 es
864 2141 957 2204 malis
971 2164 980 2218 3
996 2160 1055 2204 nec
1071 2140 1173 2204 solum
1229 2141 1388 2205 exhibere.
1404 2141 1478 2203 Mihi
1493 2159 1568 2223 ergo
1583 2142 1622 2203 de
1638 2139 1798 2203 beneficio
1817 2140 1975 2222 passienis

427 2239 629 2321 inquantum
646 2247 691 2318 tu,
708 2240 765 2302 sed
780 2246 811 2302 et
826 2246 926 2303 totum
947 2258 1048 2321 genus
1063 2240 1175 2301 huma-
1229 2240 1426 2320 aliorumque
1450 2239 1672 2320 mysteriorum
1695 2246 1726 2301 et
1753 2239 1911 2303 donorum
1940 2256 1975 2301 ac

426 2356 505 2398 num
529 2337 604 2399 inde
628 2345 772 2419 ereptum
797 2344 855 2399 est.
872 2337 1003 2417 llursus,
1019 2345 1173 2417 quantum
1228 2337 1457 2419 promissomm
1482 2354 1627 2399 meorum
1655 2336 1752 2400 debes
1777 2354 1841 2399 non
1871 2335 1974 2400 solum

427 2434 617 2498 charismata
644 2434 816 2516 gratiarum
840 2435 986 2516 donaque
1009 2435 1118 2516 gloria
1143 2442 1174 2496 et
1229 2455 1294 2515 ore,
1311 2436 1365 2498 sed
1387 2453 1482 2517 opere
1506 2453 1632 2516 quoque
1657 2443 1688 2497 et
1710 2434 1853 2515 veritate,
1869 2442 1975 2516 grates

426 2533 577 2595 universa
589 2532 674 2595 bona
688 2532 806 2596 virtute
821 2552 859 2595 ac
873 2533 988 2595 merite
1002 2552 1081 2595 meae
1103 2551 1174 2615 pas·
1229 2535 1395 2616 vicemque
1417 2535 1602 2615 rependere,
1619 2540 1705 2597 tanto
1731 2532 1910 2615 promptius
1933 2544 1977 2597 at-

422 2630 527 2694 sionis
551 2630 644 2693 vobis
672 2638 870 2712 recuperata,
897 2631 970 2693 data
996 2640 1028 2694 et
1055 2650 1174 2713 prapa-
1228 2649 1290 2712 que
1304 2630 1480 2693 ferventius
1501 2630 1580 2692 mibi
1603 2638 1634 2692 et
1654 2630 1733 2694 meis
1754 2630 1884 2692 vicariis
1905 2631 1977 2694 ebe

425 2738 503 2811 rata,
530 2736 604 2791 sunt
632 2729 862 2811 praestantiora,
889 2738 977 2793 tanto
1002 2729 1173 2793 cordialius
1228 2731 1357 2810 diendo,
1373 2748 1424 2792 me
1439 2748 1496 2811 pro
1511 2729 1634 2793 viribus
1649 2729 1845 2809 honorando,
1862 2729 1930 2794 imo
1947 2738 1977 2793 et

424 2827 457 2889 in
479 2846 558 2890 meae
582 2826 741 2909 passionis
763 2826 969 2890 meditatione
994 2836 1025 2889 te
1049 2833 1174 2909 oportet
1228 2838 1258 2891 te
1283 2829 1388 2911 ipsum
1414 2847 1470 2910 pro
1494 2848 1556 2908 me,
1578 2846 1634 2909 pro
1658 2828 1735 2906 fide,
1758 2846 1815 2909 pro
1839 2828 1975 2909 justitia,

424 2926 572 3007 gaudere.
588 2925 723 2987 Attende
744 2942 802 3006 pro
822 2925 957 3006 viribus,
974 2945 1070 3006 quam
1091 2923 1173 2986 inef·
1228 2926 1338 2990 mortis
1353 2926 1532 2989 discrimini
1547 2926 1733 3008 exponendo
1748 2933 1779 2987 et
1794 2935 1911 2989 cuncta
1925 2926 1978 2988 ad-

424 3021 564 3084 fabiliter
587 3040 702 3103 magna
720 3029 753 3083 et
770 3022 969 3085 abhorrenda
993 3031 1067 3085 sunt
1089 3022 1172 3085 mala
1191 3028 1212 3092 G
1230 3044 1321 3087 versa
1335 3024 1490 3107 patienter
1503 3024 1646 3103 ferendo,
1663 3042 1721 3106 pro
1736 3023 1888 3086 fratribus
1904 3042 1978 3105 quo

425 3119 491 3197 illa,
507 3128 540 3183 et
556 3138 652 3201 quam
672 3118 868 3182 ineffabilius
890 3139 1006 3201 magna
1024 3130 1056 3183 et
1077 3139 1173 3202 appe·
1227 3142 1290 3204 que
1319 3124 1382 3185 tuis
1405 3142 1443 3185 ex
1468 3141 1539 3185 mea
1566 3122 1696 3184 emitote
1724 3121 1862 3184 animam
1889 3130 1975 3184 tuam

425 3218 522 3280 tenda
539 3226 614 3280 sunt
636 3216 721 3281 bona
744 3218 815 3281 ista.
833 3218 948 3299 Sieque
972 3220 1059 3282 omni
1084 3219 1174 3282 volu·
1228 3222 1386 3304 ponendo,
1412 3226 1530 3301 quanto
1554 3219 1852 3301 incomparabilium
1879 3228 1977 3302 atque

425 3324 510 3398 ptate
522 3316 656 3379 sensuali
668 3317 953 3399 contempta,omni
966 3318 1022 3379 vili
1034 3318 1173 3381 consola-
1228 3317 1480 3382 eminentissima
1495 3325 1568 3379 sunt
1582 3336 1653 3379 mea
1667 3315 1827 3380 beneficia
1845 3335 1882 3379 ac
1907 3334 1979 3400 pre-

424 3415 510 3478 tione
524 3414 650 3494 abjecta
669 3415 819 3496 omnique
838 3415 952 3478 illicita
961 3416 1172 3479 delectatione
1228 3418 1336 3494 missa,
1354 3424 1385 3478 et
1400 3414 1582 3497 specialiter
1596 3433 1676 3477 meae
1691 3414 1846 3496 passionis
1861 3424 1979 3497 myste-

426 3530 582 3594 repressa,
613 3512 645 3574 in
680 3532 752 3576 mea
779 3513 883 3595 gaude
910 3522 1005 3595 atque
1033 3513 1173 3595 tripudia
1228 3514 1275 3577 ria
1296 3522 1327 3577 et
1347 3521 1514 3577 tormenta.

423 3611 582 3693 passione.
1268 3613 1403 3675 Adverte
1428 3618 1545 3691 quauta
1570 3610 1611 3671 sit
1632 3610 1747 3673 borum
1771 3610 1977 3693 ingratitudo,

463 3709 625 3789 Praeterea,
661 3709 695 3771 in
731 3728 804 3772 mea
836 3709 983 3791 passione
1020 3712 1170 3792 gaudere,
1228 3719 1322 3794 atque
1336 3728 1431 3791 quam
1448 3708 1541 3789 longe
1556 3708 1621 3770 sint
1635 3726 1653 3769 a
1667 3707 1819 3790 dignitate
1834 3728 1871 3771 ac
1886 3709 1980 3772 meri-

422 3815 473 3869 est
497 3826 624 3870 omnem
649 3808 885 3885 adversitatem,
901 3808 1170 3890 persecutionem,
1228 3816 1260 3873 to
1285 3806 1423 3873 nominis
1449 3805 1626 3885 christiani,
1647 3805 1702 3886 qui
1728 3806 1790 3869 mei
1816 3825 1926 3870 amere
1949 3816 1981 3870 et

424 3907 691 3986 aspamationem,
709 3906 901 3983 irrisionem,
919 3906 1080 3987 injuriam,
1093 3909 1174 3969 vitu·
1228 3906 1384 3989 passionis
1399 3924 1477 3968 rueaa
1492 3904 1608 3967 intuitu
1628 3913 1766 3967 renuunt
1784 3924 1886 3967 uuum
1910 3925 1979 3969 ver-

423 4004 633 4085 perationem,
650 4004 768 4065 intuitu
783 4012 814 4065 et
828 4022 935 4066 amore
950 4004 1012 4066 mei
1035 4024 1071 4067 ae
1094 4025 1173 4069 meae
1227 4005 1303 4067 bum
1318 4005 1433 4066 durum
1448 4002 1741 4066 modicissimumve
1757 4012 1979 4085 contemptum

425 4101 581 4183 passionis
595 4101 740 4163 hilariter
754 4101 929 4180 sustinere3
946 4111 978 4164 et
997 4102 1058 4166 boc
1081 4122 1173 4185 opor·
1226 4122 1263 4165 ac
1292 4101 1440 4164 minimas
1470 4100 1626 4162 sustinere
1655 4099 1801 4181 injurias.
1827 4100 1852 4163 0
1879 4120 1980 4181 quam

423 4206 522 4261 tetta
544 4198 680 4260 viriliter
699 4198 884 4280 adimplere.
1188 4199 1349 4281 Diudigui
1371 4206 1445 4262 sunt
1463 4198 1514 4259 isti
1541 4217 1560 4259 a
1584 4216 1635 4259 me
1660 4197 1781 4261 Christo
1806 4197 1979 4261 Christiani

426 4334 433 4339 -
465 4296 633 4359 Sacvarns.
649 4330 690 4341 —
709 4296 762 4359 Vae
783 4296 986 4377 insipientiae,
1003 4298 1068 4361 imo
1090 4299 1172 4361 insa·
1226 4298 1355 4362 vocarit
1379 4298 1416 4359 Et
1440 4295 1599 4378 quomodo
1624 4312 1682 4378 pro
1708 4314 1759 4357 me
1782 4294 1919 4359 offerret
1945 4315 1979 4358 se

423 4394 485 4457 niae
499 4412 589 4472 meae,
604 4394 660 4475 qui
676 4401 722 4458 tot
736 4402 767 4457 et
781 4394 877 4457 tantis
899 4403 1015 4458 sanctae
1037 4398 1173 4459 exsulta-
1227 4397 1319 4460 morti
1335 4404 1366 4458 et
1379 4394 1468 4458 omni
1489 4393 1681 4471 discrimini,
1702 4394 1756 4475 qui
1777 4394 1890 4457 abnuit
1913 4404 1979 4457 tam

423 4492 520 4556 tionis
544 4492 649 4554 causis
668 4491 807 4571 omissis,
830 4492 862 4553 in
883 4492 976 4555 vanis
995 4502 1027 4556 et
1045 4492 1172 4557 frivolis
1227 4496 1351 4558 modica
1373 4512 1430 4575 pre
1453 4511 1503 4555 me
1524 4492 1613 4575 patit

424 4590 530 4667 rebus,
548 4589 581 4650 in
596 4588 920 4668 confabulationibus,
938 4589 1022 4652 ludis
1038 4600 1069 4653 et
1089 4592 1172 4672 jocis
1267 4594 1357 4655 Porta
1376 4591 1523 4673 stigmata
1546 4610 1618 4653 mea
1643 4590 1675 4652 in
1701 4608 1833 4673 corpore
1858 4600 1928 4669 tuo,
1945 4600 1980 4653 ut
2000 4614 2065 4657 caat.
2079 4624 2098 4651 a

424 4688 544 4770 glorior
563 4696 596 4751 et
616 4686 808 4751 resolvor.0
829 4686 962 4750 Domine
976 4689 1061 4769 lesu,
1077 4708 1172 4771 quam
1228 4690 1568 4772 eumhpostolodicas
1586 4689 1746 4752 :inomni
1768 4688 1888 4752 fiducia
1913 4678 2099 4792 maa-2²37,¹¹

279 4807 412 4857 raama.
424 4785 489 4849 cito
515 4794 586 4867 post
609 4785 721 4847 fletum
745 4784 986 4848 exsultationem
1015 4786 1171 4868 infundis,
1227 4788 1436 4872 guilicabitur
1451 4787 1591 4851 Christus
1606 4786 1639 4848 iu
1655 4804 1787 4867 corpore
1806 4806 1891 4867 meo,
1909 4788 1980 4850 sive
1994 4796 2026 4835 2⁰·

424 4884 483 4965 qui
511 4882 569 4944 tibi
593 4882 849 4963 compatientem,
876 4889 942 4944 tam
970 4883 1116 4947 celeriter
1143 4895 1174 4949 et
1227 4888 1408 4969 pervitam,
1426 4886 1726 4967 sivepermortem.
1742 4884 1869 4948 Hocest
1889 4886 1981 4968 quod

426 4980 547 5045 diffuse
560 4980 595 5042 in
610 4988 664 5042 tua
678 4980 825 5061 passione
840 4979 947 5043 efficis
961 4980 1170 5063 gloriantem!
1228 4986 1351 5068 primus
1370 4993 1401 5047 et
1425 5002 1568 5047 summus
1587 5002 1678 5045 meus
1697 4982 1836 5045 vicarius
1861 4981 1980 5047 fideles

277 5100 320 5145 r..
337 5114 411 5151 nm.
426 5080 554 5160 Verum,
570 5078 610 5140 de
625 5086 730 5141 cetero
744 5077 828 5140 absit
847 5097 866 5139 a
886 5098 937 5141 me
959 5080 1118 5163 respicere
1139 5082 1173 5143 in
1228 5084 1392 5147 admonuit
1407 5080 1874 5145 universos:tl0mmunicautes
1889 5082 1982 5143 Chri·
2001 5104 2070 5149 retr.
2082 5112 2102 5148 a.

275 5167 365 5270 ‘m
379 5238 410 5278 ,1,
426 5180 581 5242 vanitates
606 5186 639 5241 et
661 5176 802 5239 insanias
829 5176 939 5257 falsas,
964 5188 1019 5242 aut
1044 5181 1173 5262 gloriari
1228 5184 1266 5245 sti
1282 5181 1481 5265 passionibus
1495 5181 1640 5262 gaudete,
1657 5188 1692 5241 ut
1706 5186 1738 5241 et
1755 5178 1788 5241 in
1810 5180 1982 5245 revelatio-
1997 5172 2026 5211 ¹³·
2124 5262 2125 5265 Ἴ

276 5289 311 5333 tt·
353 5315 357 5323 ·
427 5277 490 5341 uisi
504 5278 538 5340 in
553 5295 648 5341 cruce
662 5276 788 5340 Domini
802 5277 866 5340 mei
881 5276 954 5341 Jesu
973 5279 1100 5361 Christi,
1116 5299 1175 5364 per
1228 5300 1268 5344 ne
1289 5280 1398 5362 gloria
1419 5279 1490 5360 ejus
1510 5277 1685 5359 gaudeatis.
