4309 6259
711 1054 1194 1185 PROOEMIUM

231 1660 406 1725 Sntvt'tolt.
426 1694 470 1707 -
488 1662 580 1723 Pone
600 1680 650 1721 me
670 1668 708 1721 ut
728 1660 935 1738 signaculum
956 1678 1057 1738 super
1082 1680 1139 1721 cor
1161 1669 1267 1733 tuum,
1288 1662 1368 1743 quin
1390 1658 1491 1739 so‘rta'a
1511 1671 1558 1723 eat
1579 1670 1616 1725 ut
1637 1682 1725 1724 mors

172 1770 316 1831 ditectio.
337 1768 426 1832 Cant.
446 1785 514 1842 rur,
533 1766 565 1832 ll.

231 1876 313 1953 Quid
337 1876 424 1940 enim
446 1875 610 1957 requires
634 1882 677 1955 te,
699 1875 760 1937 nisi
780 1884 815 1938 nt
835 1875 947 1957 diligas
969 1895 1020 1939 me
1041 1876 1210 1940 Dominum
1232 1878 1331 1940 Deum
1352 1878 1465 1939 tuuml
1484 1876 1571 1952 Quod
1594 1877 1621 1940 si
1643 1876 1722 1941 dile-
1738 1894 1871 1945 nantum.

171 1982 255 2047 xoris
272 2002 337 2062 me,
352 1983 437 2046 baud
458 1983 589 2047 dubium
604 1981 680 2064 quin
699 1982 828 2047 obedies
845 1982 935 2045 mibi.
951 1982 1031 2058 Quid
1052 1983 1238 2065 iniquitatis,
1255 1984 1330 2065 quid
1349 1983 1626 2065 inconvenientiae,
1643 1983 1720 2066 quid
1734 2001 1784 2047 rer.
1799 2014 1821 2052 n.
1831 2003 1853 2045 r.

170 2090 370 2155 infidelitatis
391 2089 541 2154 invenisti
563 2089 596 2152 in
618 2108 680 2168 me,
696 2089 770 2171 quia
790 2090 945 2172 elongasti
966 2097 997 2153 te
1019 2109 1038 2153 e
1058 2108 1110 2153 me
1131 2098 1163 2153 et
1183 2090 1286 2154 abiisti
1306 2090 1586 2173 postvenitateml
1601 2091 1719 2155 Rever-
1735 2109 1870 2161 rou.1o.r‚

172 2207 238 2261 tere
266 2199 306 2261 ed
336 2216 399 2278 me,
424 2205 457 2259 et
478 2214 543 2261 non
562 2206 702 2261 avertam
726 2197 842 2262 taciem
861 2216 966 2261 meam
988 2217 1008 2261 a
1032 2206 1074 2278 te,
1100 2198 1174 2281 quia
1198 2198 1378 2263 misericors
1398 2218 1482 2261 sum.
1739 2175 1772 2217 ¹²·

230 2304 403 2368 Snnvnrns.
419 2302 548 2378 -Quia
568 2322 614 2385 es,
632 2304 787 2368 llominel
1737 2347 1864 2398 mg,

228 2413 405 2476 sturmen.
427 2410 554 2475 -Non
574 2412 665 2476 audis
688 2412 773 2495 qnod
797 2412 891 2477 dicol
911 2410 1022 2477 Nonne
1045 2412 1112 2495 jam
1137 2413 1200 2477 dixi
1222 2436 1229 2477 :
1249 2413 1328 2489 Qadd
1353 2414 1479 2495 requiro
1499 2434 1518 2477 a
1541 2422 1584 2496 to,
1605 2415 1666 2479 nisi
1688 2424 1724 2479 nt

170 2520 285 2602 diligas
307 2538 358 2583 me
379 2518 547 2583 Dominum
568 2519 666 2583 Deum
688 2522 800 2583 tnuml

229 2627 402 2689 Snnvnma.
418 2662 459 2673 -
472 2626 591 2689 Vocem
606 2625 966 2705 tuam,llomine‚audivi
979 2634 1012 2689 et
1024 2626 1232 2709 timui,atque
1247 2636 1374 2710 stupore
1391 2628 1542 2711 repletus,
1552 2628 1722 2693 verborum
1738 2640 1871 2691 denuct-

171 2741 301 2797 tuorum
316 2731 582 2815 significationem
593 2753 658 2797 non
672 2734 748 2797 satis
768 2734 900 2797 adverti.
916 2733 955 2796 lit
973 2752 1059 2797 nunc
1081 2733 1157 2815 quid
1177 2734 1268 2815 jubet
1282 2734 1433 2799 Dominus
1450 2738 1563 2799 meusl
1577 2735 1655 2811 Quid
1671 2754 1722 2799 me
1737 2748 1854 2799 aena.

171 2840 220 2905 vis
241 2839 363 2918 facere,
379 2840 462 2903 lleus
483 2840 595 2903 salutis
615 2843 716 2904 meaet

228 2948 405 3011 Snnvnroa.
425 2982 466 2993 -
485 2946 564 3010 (lum
589 2948 817 3029 tranquillitate
841 2966 892 3011 me
916 2947 1000 3011 andi.
1026 2946 1151 3011 Etenim
1175 2946 1239 3011 dixi
1264 2970 1271 3009 ε
1298 2944 1378 3023 Quid
1404 2948 1530 3030 requiro
1554 2968 1573 3013 a
1595 2958 1637 3029 te,
1660 2948 1722 3013 nisi

170 3065 205 3119 nt
223 3055 341 3136 diligas
361 3056 436 3116 met
456 3054 521 3119 lloo
542 3063 591 3117 est
612 3074 687 3138 ergo
708 3056 794 3137 qnod
813 3055 937 3136 iubeo:
961 3054 1058 3137 dilige
1081 3076 1142 3119 me.
1163 3054 1275 3137 Dilige,
1299 3054 1440 3137 inquam,
1462 3075 1527 3120 non
1550 3058 1653 3120 solum
1675 3058 1722 3121 di·

171 3164 309 3228 lectione
334 3181 398 3244 qua
423 3161 601 3245 imperfecti
625 3162 808 3242 Christiani,
832 3164 896 3225 imo
919 3171 952 3225 et
974 3162 1133 3244 infideles,
1154 3182 1204 3227 me
1229 3163 1377 3245 diligunt,
1401 3164 1455 3227 sed
1482 3164 1648 3247 spirituali,
1670 3185 1722 3231 su·

169 3270 369 3353 pernaturali
390 3268 561 3350 infusaque
582 3270 724 3333 caritate.

227 3380 404 3443 Snnvnrns.
419 3416 461 3425 -
479 3378 560 3454 Quid
583 3386 633 3441 est
653 3378 698 3441 ita
718 3376 873 3459 diligeret

228 3487 405 3550 Snuvnroa.
425 3486 586 3561 -Quum
606 3485 739 3568 diligere
758 3485 800 3547 sit
818 3485 913 3549 alicui
934 3487 1053 3549 bonum
1073 3484 1167 3563 velle,
1188 3485 1319 3567 diligere
1339 3504 1389 3549 me
1415 3486 1550 3567 sincere,
1571 3494 1620 3551 est
1644 3487 1723 3551 mibi

169 3594 230 3675 ipsi
252 3593 339 3657 velle
360 3611 455 3657 omne
469 3593 554 3674 quod
570 3612 653 3674 sum,
669 3602 701 3656 ct
713 3611 808 3656 omne
829 3594 913 3674 qnod
929 3592 1007 3656 mibi
1028 3592 1163 3656 debetur
1179 3600 1211 3655 et
1224 3611 1318 3656 omne
1338 3593 1423 3674 quod
1438 3594 1530 3657 decet
1549 3613 1611 3675 me,
1628 3603 1723 3682 alque

168 3721 263 3766 omne
285 3701 374 3783 quod
395 3701 500 3782 placet
520 3700 612 3781 mibi,
628 3701 807 3781 bommqne
828 3700 988 3764 contraria
1006 3699 1104 3763 nolle.

228 3809 403 3872 Snnvnms.
417 3844 459 3853 -
472 3809 587 3872 Precor
599 3816 642 3886 te,
659 3807 801 3889 Domine,
817 3807 885 3872 baec
901 3808 971 3890 ipsa
984 3807 1063 3869 mibi
1085 3806 1223 3870 lucidius
1243 3805 1458 3890 dillusiusque
1476 3827 1607 3890 expone.
1625 3809 1723 3875 Video

168 3935 309 3998 namque
324 3915 497 3979 nonnullos
518 3915 573 3996 qui
587 3916 679 3978 valde
699 3915 836 3998 diligunt
851 3923 999 3998 parentes
1019 3933 1094 3979 suos
1109 3921 1141 3976 et
1161 3932 1219 3996 pro
1235 3914 1375 3997 ipsorum
1397 3923 1595 3980 morerentur
1614 3916 1723 3980 deien-

168 4022 282 4098 sione;
299 4038 367 4085 non
387 4029 494 4084 tamen
515 4021 617 4084 vitant
636 4040 732 4086 omno
752 4023 836 4104 quod
857 4021 1003 4105 displicet
1024 4020 1220 4102 parentibus.

228 4132 405 4194 Snnvnron.
421 4127 563 4193 —Nosti
582 4149 621 4192 ox
640 4130 812 4211 Scriptnris
827 4138 858 4192 et
873 4129 1005 4209 ratione,
1021 4130 1106 4209 quod
1125 4129 1207 4192 Deus
1228 4130 1267 4191 sit
1282 4148 1339 4192 ens
1359 4128 1500 4193 absolute
1520 4130 1696 4213 perlectum
1714 4154 1721 4194 ε

166 4236 200 4301 in
214 4255 280 4320 quo
294 4244 355 4314 est,
368 4235 433 4299 imo
448 4235 501 4317 qui
512 4244 562 4299 est
576 4236 736 4299 beatitudo
751 4236 878 4317 ponitus
893 4235 1032 4313 infinita,
1049 4234 1252 4317 pulchritudo
1267 4236 1437 4315 immensa;
1450 4237 1543 4318 cnjus
1558 4237 1721 4321 sapientia,

167 4344 413 4428 omnipotentia,
429 4342 603 4427 opulentia,
620 4343 782 4421 sanctitas,
798 4343 910 4425 pietas,
926 4342 1061 4425 justitia,
1077 4344 1225 4421 dulcedo,
1243 4343 1393 4426 majestas
1417 4344 1505 4407 omni
1526 4352 1614 4408 caret
1634 4364 1723 4409 men·

167 4475 243 4518 sura
262 4463 296 4518 et
313 4471 460 4517 numero.
477 4453 516 4515 Et
534 4452 602 4535 ipse
623 4460 671 4515 est
690 4450 886 4531 naturaliter,
903 4452 1155 4534 independenter
1175 4460 1207 4513 et
1225 4450 1600 4534 incircumscriptibiliter
1621 4453 1722 4516 bonus

168 4582 205 4625 ao
220 4560 349 4625 bonitas
363 4578 455 4642 pura,
470 4559 588 4622 veritas
602 4558 714 4640 primo,
731 4558 971 4641 simplicissima
990 4558 1107 4637 unius,
1125 4557 1394 4640 separatissimum
1415 4576 1496 4635 esse,
1514 4557 1723 4622 incommuta-

168 4668 234 4731 bile
250 4666 474 4730 universorum
489 4666 695 4749 principium,
711 4664 849 4745 Creator,
865 4664 1057 4747 gubernator
1076 4673 1108 4727 et
1121 4664 1228 4745 judex.
1244 4664 1352 4745 ltaque
1372 4664 1435 4726 Deo
1449 4663 1532 4727 velle
1552 4666 1636 4747 quod
1653 4666 1721 4749 ipse

168 4784 228 4854 est,
256 4781 308 4837 est
333 4773 363 4837 ei
391 4791 520 4838 omnem
549 4791 638 4835 auam
663 4772 894 4849 excellentiam,
922 4770 1151 4854 perlectionem
1176 4780 1207 4833 et
1230 4770 1363 4852 gloriam
1389 4778 1454 4835 toto
1482 4773 1576 4836 corde
1602 4770 1720 4855 lavere,

168 4890 267 4965 atque
282 4882 321 4945 de
335 4881 421 4944 omni
438 4898 495 4943 sua
508 4879 716 4959 beatitudine,
732 4878 887 4961 sapientia
906 4888 939 4942 et
951 4880 1077 4957 decore,
1096 4878 1251 4960 insitoque
1267 4878 1439 4941 eminentia
1460 4878 1493 4941 in
1512 4880 1600 4943 omni
1620 4880 1722 4963 digni-

169 4998 245 5069 tate,
262 4986 462 5069 perfectione
475 4995 508 5050 et
519 4986 730 5069 jucunditate,
747 4986 927 5051 cordialiter
947 4987 1167 5068 congaudere;
1184 4986 1216 5048 in
1232 4986 1344 5049 horum
1360 4985 1627 5067 contemplatione
1648 4988 1721 5051 totis

168 5094 302 5176 gloriari
315 5091 509 5175 precordiis,
525 5111 563 5157 ac
578 5092 673 5155 malle
687 5112 721 5156 se
736 5092 840 5174 ipsum
854 5100 887 5155 et
907 5100 1008 5156 totum
1023 5092 1178 5154 mundum
1193 5091 1374 5171 annihilari,
1392 5110 1487 5172 quam
1503 5092 1585 5156 bano
1602 5100 1719 5156 tantam

168 5200 411 5280 beatitudinem,
436 5199 665 5283 perlectionem
693 5207 726 5263 et
752 5198 886 5282 gloriam
910 5198 1149 5282 omnipotentis,
1177 5197 1451 5281 superdignissimi
1474 5197 1530 5262 Dei
1556 5198 1588 5262 in
1612 5200 1719 5282 aliquo

168 5326 335 5373 minorari.
