4309 6259
447 473 507 537 372
939 489 1098 537 aurosum
1118 488 1224 535 mssa.
1248 506 1288 517 -
1309 488 1379 534 aar.
1402 490 1498 536 xxxiv

304 678 360 722 oen.
373 677 433 729 me.
447 664 715 744 quemadmodum
730 660 805 725 Cain
821 660 938 725 occidit
951 659 1041 740 Abel,
1056 659 1103 723 sie
1118 658 1196 741 Syn·
1210 659 1235 721 Α
1250 661 1314 719 erit
1332 661 1421 720 inter
1442 663 1523 720 duos
1548 660 1630 721 illos.
1651 660 1723 723 llaec
1748 659 1845 724 verba
1869 668 1981 724 senteu-

448 778 550 843 agoga
569 761 739 823 Christum.
767 760 929 839 Praeterea‚
952 757 1194 837 Melchisedech,
1249 756 1348 819 tiosus
1368 756 1422 819 ille
1442 758 1595 838 propheta
1618 758 1785 822 Zacharias
1808 760 1848 821 de
1870 759 1980 822 Christo

300 876 364 920 aaa
365 888 410 926 .....
415 876 436 917 c.
451 860 505 941 qui
529 860 599 923 sino
617 859 804 941 genealogia
821 858 893 938 luit,
914 875 978 920 non
998 857 1082 937 quod
1102 855 1197 935 origi·
1250 854 1384 916 induxit.
1407 854 1581 917 Translatic
1603 874 1740 937 namque
1762 856 1923 920 Chaldaica
1940 857 1978 919 sic

450 977 524 1021 nem
538 977 602 1021 non
618 957 826 1037 hahebat,sed
842 955 917 1037 quia
932 954 1094 1035 Scriptura
1108 952 1195 1015 illam
1250 951 1345 1013 habet
1376 975 1382 1012 :
1409 950 1490 1014 Ecce
1518 952 1579 1032 vir,
1609 953 1736 1016 Messias
1765 972 1882 1018 nomen
1907 954 1976 1036 ejus.

450 1075 514 1119 non
529 1056 688 1137 exprimit,
696 1055 840 1136 quamvis
851 1053 949 1116 ludaei
964 1060 1108 1114 asserant
1122 1067 1195 1113 enm
1250 1049 1389 1111 Christus
1409 1050 1537 1132 quippe,
1554 1050 1607 1132 qui
1632 1051 1672 1113 de
1697 1071 1732 1115 se
1754 1052 1826 1134 ipso
1850 1060 1977 1133 testatur,
2115 1118 2116 1123 ,

303 1171 434 1222 oman.
450 1153 550 1216 fuisse
576 1152 682 1215 filium
708 1152 773 1216 Noe
800 1152 854 1233 qui
882 1151 916 1213 iu
936 1150 1049 1213 Genesi
1079 1148 1196 1211 dieitur
1249 1148 1314 1228 Ego
1330 1166 1400 1209 sum
1422 1147 1475 1209 lux
1496 1148 1618 1228 mundi,
1634 1149 1746 1213 merito
1761 1149 1873 1213 Oriens
1886 1152 2076 1233 appel-rma,
2115 1152 2116 1215 ]

450 1251 716 1330 Sem,etvi1isse
736 1250 894 1332 usquead
920 1247 1192 1331 temporalsaao:
1250 1244 1342 1307 latur.
1358 1244 1416 1307 llic
1431 1243 1695 1326 ergoaedilioavit
1716 1247 1870 1329 templum
1890 1242 2013 1312 Domi*
2115 1236 2116 1239 ¹

448 1350 502 1412 hic
522 1349 750 1411 Melchisedech
770 1347 929 1410 Christum
944 1345 1103 1427 figuravit.
1116 1344 1194 1407 Nam
1250 1361 1302 1422 no,
1319 1342 1349 1403 id
1365 1350 1412 1405 est
1426 1340 1601 1405 Ecclesiam
1621 1351 1761 1406 sanctam
1784 1345 1978 1419 catholicam

302 1465 434 1517 marana.
449 1448 624 1511 secuudum
639 1444 1036 1528 Apostolum,assimilatns
1052 1452 1100 1504 est
1114 1442 1194 1505 Filio
1250 1440 1317 1523 ipse
1332 1458 1457 1521 quoque
1477 1449 1526 1502 est
1546 1442 1692 1504 sacerdos
1712 1444 1886 1506 seeundum
1909 1445 1979 1506 ordi-
1990 1462 2073 1509 neem

317 1564 433 1617 rante.
449 1546 515 1624 Dei,
543 1545 635 1626 cujus
658 1544 894 1625 generationem
925 1559 1019 1604 nemo
1046 1559 1194 1603 enarrare
1248 1558 1321 1601 nem
1337 1538 1625 1617 Melchisedech3et
1638 1558 1697 1622 per
1711 1540 1781 1621 ejus
1797 1540 1979 1605 sacrificium
1990 1532 2012 1569 ¹⁰·

448 1651 562 1725 potest.
580 1644 639 1705 Sed
656 1651 687 1705 et
701 1641 899 1704 sacrificium
920 1640 990 1720 ejus
1010 1638 1122 1701 Christi
1146 1658 1195 1700 sa·
1247 1656 1311 1718 quo
1336 1636 1449 1699 obtulit
1471 1638 1690 1718 semetipsum,
1711 1638 1881 1702 consilium
1904 1642 1979 1722 pacis

449 1740 605 1803 orificium
626 1739 802 1803 clarissime
817 1737 1030 1820 presignavit,
1041 1736 1192 1817 quoniam
1248 1735 1367 1797 lactum
1383 1742 1430 1796 est
1443 1734 1528 1797 inter
1541 1735 1621 1798 duos
1638 1736 1721 1815 illos,
1739 1736 1769 1799 id
1791 1746 1839 1818 est
1859 1739 1979 1820 gentiles
2115 1810 2116 1813 ι

317 1856 373 1899 cen.
389 1868 433 1907 nv,
448 1857 562 1919 panem
577 1846 609 1900 et
619 1838 730 1899 vinum
744 1836 859 1900 obtulit
874 1835 937 1897 Deo
949 1853 1007 1915 pro
1021 1834 1229 1914 gratiarumB
1248 1841 1342 1914 atque
1357 1833 1478 1896 ludaeos
1495 1856 1502 1895 :
1520 1853 1593 1896 nam
1609 1833 1750 1896 Christus
1770 1844 1818 1897 est
1838 1836 1916 1918 lapis
1934 1858 1979 1900 au·
1995 1859 2070 1914 enm
2115 1820 2116 1825 ξ

302 1922 335 1962 ¹⁸¹
449 1937 572 1999 actione
591 1937 630 1999 de
650 1936 784 1999 victoria
804 1953 900 2016 quam
921 1932 1082 1995 concessit
1097 1932 1194 1995 Abra·
1247 1930 1377 2011 gularis,
1393 1930 1447 2011 qui
1467 1930 1544 1993 lecit
1564 1940 1696 2014 utraque
1717 1952 1828 2011 unum,
1844 1935 1915 2017 quia
1933 1926 2014 1997 tte-²⁰·
2026 1927 2047 1964 ¹⁴¹

298 2050 432 2095 raram-m.
448 2035 507 2115 hae,
517 2035 571 2115 qui
586 2034 727 2115 quinque
745 2052 833 2114 reges
849 2031 977 2111 devicit,
985 2039 1017 2091 et
1031 2031 1089 2093 lot
1101 2051 1192 2092 suum
1248 2029 1378 2091 clesiam
1404 2049 1441 2091 ex
1464 2030 1635 2110 gentilibus
1658 2039 1690 2092 et
1715 2031 1829 2093 Judaeis
1853 2032 1978 2115 collegit,

448 2141 607 2213 nepotem,
619 2133 658 2193 de
680 2149 777 2193 manu
803 2150 913 2193 eorum
939 2130 1067 2211 eripuit.
1086 2129 1193 2192 llerito
1247 2136 1398 2208 utrosque
1413 2127 1445 2188 in
1466 2147 1529 2190 una
1551 2128 1705 2209 religione
1727 2136 1758 2191 ει
1780 2130 1842 2192 side
1865 2150 1980 2194 concor·

447 2248 573 2311 quoque
593 2228 723 2309 ponitur
741 2228 897 2290 Abraham
917 2228 985 2308 (qui
1011 2236 1042 2290 ει
1061 2227 1129 2308 ipse
1150 2247 1194 2289 sa·
1248 2225 1415 2288 dansllaec
1427 2233 1533 2287 autem
1545 2226 1687 2289 Ecclesia
1702 2228 1870 2307 mysticum
1882 2228 1979 2291 Christi

448 2330 559 2392 cerdos
573 2327 635 2389 luit
648 2351 655 2387 ε
668 2345 742 2388 nam
760 2326 792 2388 in
809 2326 877 2408 lege
896 2336 1017 2389 naturae
1035 2327 1195 2409 primoge-
1249 2342 1363 2403 corpus
1388 2332 1530 2404 vocatur,
1548 2343 1605 2405 pro
1623 2343 1687 2405 quo
1706 2333 1776 2388 orat
1796 2327 1935 2390 sacerdos
1952 2326 1979 2387 in

447 2426 518 2505 niti,
535 2425 647 2488 saltem
668 2424 715 2485 illi
731 2424 847 2505 quihus
863 2423 944 2486 alins
960 2444 1024 2488 uon
1040 2426 1196 2488 successit
1248 2422 1308 2484 hac
1330 2422 1460 2485 canonis
1482 2430 1582 2504 parte,
1606 2422 1715 2485 dicens
1736 2446 1743 2484 :
1766 2426 1931 2501 Supplices
1955 2434 1979 2485 te

447 2523 481 2585 in
501 2522 611 2585 ordine
625 2522 840 2604 generationis
859 2543 877 2584 a
892 2530 991 2603 patre,
1005 2531 1037 2585 et
1051 2542 1109 2604 per
1123 2542 1195 2586 con·
1250 2540 1412 2597 rogamus,
1428 2528 1488 2582 etc.

452 2640 588 2703 sequens
613 2619 783 2702 unigeniti,
811 2621 990 2683 sacerdotes
1015 2619 1158 2700 luerunt)
1185 2644 1192 2683 ε
1289 2616 1411 2680 Dicitur
1431 2627 1537 2681 autem
1562 2617 1597 2679 in
1620 2618 1776 2682 Rationali
1800 2620 1979 2699 divinorum,

447 2728 516 2781 tum
531 2718 606 2799 quia
617 2718 749 2780 Abrahae
763 2717 982 2799 principaliter
996 2717 1080 2780 lacta
1095 2725 1142 2780 est
1157 2718 1196 2780 de
1249 2715 1333 2794 quod
1349 2714 1415 2777 haec
1436 2715 1533 2778 verba
1552 2723 1646 2778 tantae
1665 2715 1887 2797 profunditatis
1908 2726 1979 2793 suut,

449 2816 563 2880 Christi
587 2816 727 2879 adventu
750 2816 1022 2896 promissionum
1043 2816 1195 2898 quoniam
1250 2819 1285 2873 ut
1309 2811 1489 2874 intellectus
1514 2812 1673 2876 humanus
1697 2815 1750 2876 rix
1778 2834 1815 2877 ea
1841 2816 1981 2897 attingere

302 2915 646 2989 rtu.m1,rsacrilicium
670 2934 733 2996 quo
757 2922 885 2996 paratus
904 2924 972 2977 erat
993 2916 1195 2977 carissimum
1251 2908 1361 2991 possit.
1380 2910 1603 2972 Verumtamen
1619 2919 1792 2994 utcumque
1813 2914 1982 2995 exponenda

302 3004 325 3043 ⁰*
338 3014 384 3057 ”l
451 3032 543 3076 suum
563 3011 668 3073 lilium
688 3011 865 3090 immolare,
881 3009 986 3092 ligura
1005 3020 1054 3073 est
1077 3011 1233 3075 sacrifi-C
1252 3015 1335 3071 sunt.
1353 3009 1432 3069 llum
1455 3027 1530 3072 vero
1552 3011 1699 3073 sacerdos
1721 3011 1803 3073 hauc
1824 3012 1981 3074 orationem

313 3132 378 3177 naa.
392 3146 436 3183 vm,
452 3111 491 3173 cii
512 3128 575 3190 quo
601 3110 683 3172 lleus
701 3109 792 3170 Pater
809 3109 969 3171 Christum
994 3110 1196 3191 unigenitum
1252 3106 1339 3187 dicit,
1356 3106 1489 3169 inclinat
1503 3126 1548 3185 se,
1565 3116 1722 3190 quatenus
1737 3109 1881 3173 interiori
1894 3109 1983 3172 humi-

305 3198 339 3240 ⁸²·
451 3226 543 3269 suum
559 3225 616 3289 pro
631 3206 780 3271 omnibus
795 3206 886 3269 nobis
901 3207 989 3268 dedit
1004 3228 1041 3270 ac
1055 3208 1195 3271 tradidit.
1253 3204 1374 3268 liationi
1399 3205 1516 3268 mentis
1545 3208 1790 3287 correspondeat
1819 3206 1983 3271 humiliatio

490 3305 624 3367 Additur
647 3313 753 3367 autem
782 3305 814 3366 in
841 3303 909 3367 line
938 3305 1034 3386 hujus
1062 3307 1162 3389 partis
1189 3331 1196 3369 :
1253 3303 1697 3386 corporis3incliuatquoque
1713 3304 1982 3369 manibuscancel·

451 3413 598 3463 sanctum
631 3405 844 3480 sacrificium,
874 3406 1117 3465 immaculatam
1146 3408 1200 3466 lto-
1253 3402 1324 3465 latis
1355 3401 1387 3463 in
1416 3401 1552 3483 figuram
1581 3402 1697 3481 cruclS,
1729 3412 1762 3465 ut
1790 3405 1929 3468 ostendat
1953 3420 1981 3463 se

451 3502 652 3582 stiam,quod
668 3501 869 3564 referendum
885 3510 933 3564 est
947 3503 987 3564 ad
1002 3502 1198 3566 sacrificium
1253 3520 1343 3565 orare
1357 3510 1390 3562 et
1404 3501 1486 3563 velle
1500 3501 1633 3582 gratiam
1649 3502 1785 3583 adipisci
1800 3503 1914 3565 virtute
1933 3519 1981 3563 seu

451 3599 646 3681 novaelegis,
663 3600 877 3681 quoddieitur
892 3600 1087 3663 sacrificium
1108 3610 1201 3683 prout
1253 3599 1366 3662 merito
1400 3599 1559 3680 passionis
1592 3600 1759 3683 crucisque
1787 3600 1911 3663 Christi.
1937 3599 1983 3662 Est

452 3699 515 3761 lleo
542 3698 688 3779 ollertur,
714 3706 745 3761 et
768 3698 870 3760 hostia
899 3699 931 3760 in
959 3707 1113 3779 quantum
1144 3720 1201 3782 per
1253 3696 1338 3760 enim
1358 3696 1528 3778 diligenter
1551 3697 1778 3760 advertendum
1803 3700 1885 3780 quod
1908 3698 1983 3760 luno

453 3795 559 3877 ipsum
575 3797 656 3858 Deus
672 3797 825 3879 placatur.
843 3795 1066 3860 Potesttamen
1089 3797 1200 3861 referri
1254 3795 1378 3858 centius
1393 3794 1475 3878 Papa
1489 3795 1587 3858 dicit:
1600 3796 1703 3859 Verba
1717 3796 1890 3879 (inquiens)
1904 3814 1983 3859 eane

453 3893 492 3955 ad
531 3892 726 3956 sacrificium
764 3892 1016 3955 Patriarcharum
1053 3895 1197 3978 istorum,
1253 3892 1304 3954 nis
1332 3894 1371 3955 ad
1400 3892 1675 3956 consecrationem
1705 3902 1736 3955 et
1765 3896 1874 3976 gratim
1895 3910 1985 3956 sacra-

453 3992 537 4072 quod
552 3990 666 4053 dicitur
681 4000 826 4053 sanctum
845 3999 876 4053 et
897 3992 1149 4074 immaculatum,
1166 3995 1199 4056 in
1253 3991 1400 4053 mentalis
1422 3990 1677 4073 impetrationem
1702 3992 1883 4073 pertinent3
1906 3992 1984 4071 signa

453 4097 607 4169 qnantum
627 4088 732 4169 ligura
756 4088 819 4150 luit
842 4089 910 4151 veri
935 4091 1099 4171 sacrificii,
1114 4095 1199 4173 quod
1254 4098 1360 4151 autem
1375 4089 1413 4151 ad
1430 4088 1630 4151 recolendam
1646 4090 1810 4153 historiam
1831 4096 1982 4173 spectant:

453 4185 630 4249 formaliter
652 4185 892 4248 immaculatum
911 4206 948 4249 ac
968 4197 1113 4251 sanctum
1139 4199 1198 4268 est,
1216 4192 1240 4254 D
1256 4195 1458 4269 repraesentat
1473 4187 1558 4249 enim
1575 4206 1631 4268 per
1650 4208 1687 4250 ea
1708 4189 1855 4252 sacerdos
1870 4188 1937 4270 quid
1957 4186 1984 4247 iu

452 4283 576 4347 scilieet
590 4284 829 4347 Sacramentum
844 4282 963 4348 altaris.
980 4286 1018 4348 Et
1037 4287 1105 4349 haec
1128 4288 1201 4349 ulti·
1254 4285 1401 4367 passione
1415 4285 1529 4347 Christi
1545 4286 1586 4346 sit
1600 4284 1840 4368 lactumlgitur
1853 4285 1983 4349 sacerdos

452 4401 504 4444 ma
519 4381 616 4444 verba
630 4402 648 4444 a
661 4382 696 4443 B.
713 4381 818 4445 Leone
832 4380 916 4463 Papa
930 4393 1004 4446 sunt
1018 4385 1135 4448 addita.
1254 4384 1358 4447 taliter
1379 4404 1413 4447 se
1432 4385 1536 4467 ipsum
1561 4392 1666 4448 mente
1689 4405 1726 4448 ac
1752 4405 1884 4468 corpore
1905 4382 1982 4467 quasi

1254 4482 1376 4546 Christo
1401 4481 1547 4547 confixus
1571 4483 1754 4563 humilians,
1770 4480 1983 4548 affectuosissi

611 4599 857 4665 ARTICULUS
880 4601 1038 4665 XXXIV·
1254 4599 1306 4739 npp
1329 4580 1497 4643 devotione
1521 4587 1615 4660 atque
1638 4579 1890 4660 pmfundissimo¹
1910 4580 1982 4642 dicat

1255 4697 1273 4739 a
1303 4685 1398 4740 ectu:

1296 4778 1504 4852 Omnipotens
1520 4780 1619 4848 Deus,
1635 4778 1665 4841 id
1688 4766 1746 4859 est,
1763 4798 1782 4842 o
1802 4778 1889 4841 Pater
1908 4786 1984 4840 eter-

1255 4896 1306 4954 ne,
1322 4873 1378 4955 qui
1393 4874 1500 4936 omnia
1516 4884 1616 4955 potes,
1634 4876 1684 4938 cui
1707 4896 1770 4939 nou
1791 4886 1840 4939 est
1855 4874 1983 4957 impossi·
1994 4886 2076 4946 sant·

1254 4973 1329 5049 bile,
1348 4973 1411 5035 imo
1426 4991 1484 5035 nec
1499 4971 1636 5035 difficile
1650 4992 1745 5036 omne
1766 4975 1907 5052 verbum,
1922 4992 1984 5049 sap
1993 4948 2073 5059 ξζξξιξ]

320 5088 368 5131 Zac
408 5102 435 5139 n,
520 5068 601 5129 CCI?
614 5069 679 5137 cir,
695 5069 811 5129 Oriens
825 5088 942 5129 nomen
962 5071 1035 5147 ejus
1044 5092 1058 5139 ,·
1072 5081 1103 5131 et
1123 5075 1199 5132 ccdi-
1252 5074 1363 5148 plicas,
1375 5071 1405 5132 id
1421 5080 1469 5132 est
1483 5070 1620 5133 amorosi
1634 5090 1671 5134 ao
1687 5073 1834 5151 humiles,
1847 5090 1983 5152 ropamus
1996 5081 2018 5124 ιῑ.
2029 5077 2050 5117 ²³·
2103 5087 2109 5130 r

531 5166 643 5243 ficabit
668 5168 823 5240 temptum
844 5168 995 5237 Domino,
1011 5177 1042 5228 et
1063 5171 1128 5229 err't
1152 5190 1200 5229 sce
1255 5179 1295 5240 te,
1310 5168 1342 5231 id
1365 5176 1423 5246 est,
1444 5187 1502 5249 ego
1525 5169 1671 5233 sacerdos
1691 5174 1735 5250 (ει
1756 5171 1892 5253 populus
1912 5156 1985 5233 chri?

452 5267 564 5325 cardos
577 5281 676 5340 super
690 5263 769 5322 solio
783 5282 851 5333 sao,
867 5272 898 5323 et
918 5268 1090 5328 consitium
1107 5270 1200 5343 pacis
1255 5266 1374 5329 stianus
1404 5267 1435 5328 in
1465 5266 1535 5346 ejus
1567 5270 1716 5349 persona)
1741 5276 1771 5333 te
1805 5288 1892 5352 rogo,
1912 5268 1983 5347 jace

453 4734 502 4792 De
521 4732 688 4791 intellectu
705 4732 837 4791 decimae
852 4734 963 4807 portis
980 4736 1125 4804 cononis,
1141 4738 1201 4795 soi-

496 4821 570 4878 licet
592 4840 603 4877 .·
625 4820 797 4894 Supplices
821 4828 851 4879 te
873 4840 1036 4897 ropamus,
1060 4826 1202 4899 omnipo·

496 4917 565 4968 tens
581 4910 681 4976 Deus,
696 4915 758 4969 ete.
