4309 6259
385 444 443 510 278
702 464 742 511 on
762 463 910 511 rassvorvs
931 464 1041 510 nomm
1063 462 1250 509 saavsroms
1272 462 1431 511 omnooos.
1448 464 1616 510 -annv

385 633 503 715 populo
537 644 755 716 praesentatus,
787 635 905 717 populo
934 653 991 697 suo
1020 642 1131 697 contro
1147 635 1172 696 Α
1188 634 1238 696 nis
1252 653 1289 697 ac
1309 641 1429 697 nature
1448 633 1480 695 in
1502 650 1572 696 eam
1593 630 1824 715 dispensatorie
1843 630 1942 694 desti·

384 731 488 814 ipsum
505 733 743 815 proclamante:
761 733 860 810 Tolle,
877 732 1132 814 tolle,crucilige
1187 740 1264 810 tuta,
1288 732 1331 794 ita
1354 734 1439 813 quod
1464 732 1554 814 quasi
1580 732 1740 795 admirans
1764 730 1901 795 clamavi
1930 753 1937 790 :

385 848 469 893 eum.
487 830 601 913 Sieqne
615 832 743 895 tandem
764 832 857 895 morti
878 831 1065 913 turpissimae
1086 838 1134 893 est
1187 830 1269 892 Deus
1285 831 1476 910 meus,l)eus
1491 829 1722 910 meus,utquid
1738 827 1939 909 dereliquisti
1962 841 2048 887 narra

385 928 590 1011 injustissime
615 930 824 1012 adjudicatus,
851 938 945 1011 etque
965 930 1004 992 ad
1026 930 1132 992 locum
1188 932 1261 991 mel
1291 928 1523 1010 completisque
1552 928 1700 992 omnibus
1732 936 1765 991 et
1799 926 1936 1008 prolato,
1952 908 2064 957 ‘⁸¹⁸⁴'

386 1044 511 1089 reorum
527 1027 663 1109 propriis
678 1027 818 1090 humeris
836 1046 965 1089 crucem
985 1026 1132 1108 bajulans
1188 1026 1444 1090 Consummatum
1467 1036 1526 1106 est,
1551 1027 1703 1090 inclinato
1731 1025 1847 1106 capite,
1871 1024 2080 1087 cla-Jmm.

386 1124 684 1205 ignominiosissime
703 1126 828 1187 ductus.
845 1126 958 1207 Sicque
977 1125 1010 1186 in
1032 1124 1133 1187 omni-
1188 1144 1279 1187 mans
1308 1125 1492 1189 mirabiliter
1520 1144 1598 1189 voco
1623 1144 1748 1205 magna,
1775 1123 1876 1203 Pater,
1901 1122 1936 1184 in
1950 1100 2081 1207 'lum

386 1221 446 1285 bus
470 1224 620 1287 membris
643 1242 680 1286 ac
704 1223 850 1286 sensibus
875 1223 1026 1305 corporis,
1042 1230 1074 1285 et
1099 1222 1132 1284 in
1188 1241 1300 1284 manns
1326 1231 1395 1285 tuas
1420 1222 1609 1285 commendo
1638 1222 1784 1304 spiritum
1813 1240 1936 1300 meum,
1951 1226 1988 1268 ⁴⁶·

388 1321 531 1384 sensibus
555 1321 756 1385 interioribus
780 1322 984 1404 appetituque
1010 1321 1133 1384 sensiti-

386 1438 438 1499 vo,
459 1427 491 1482 et
515 1419 549 1481 in
573 1420 786 1501 superioribus
806 1420 919 1482 animae
938 1419 1059 1482 viribus
1085 1438 1133 1481 se-

386 1517 526 1579 cundum
554 1526 733 1600 respectum
762 1537 872 1580 earum
901 1518 940 1580 ad
970 1518 1132 1598 objectum

385 1624 525 1677 creatum
551 1624 582 1679 et
601 1617 705 1697 quoad
726 1615 951 1679 radicationem
970 1634 1079 1679 earum
1100 1615 1132 1677 in

384 1713 520 1776 essentia
531 1714 734 1795 animmque
748 1722 813 1777 tota
828 1713 947 1776 exstitit
962 1713 994 1775 in
1009 1713 1130 1792 dolore,

1188 1320 1353 1401 exspiravi.

1227 1418 1345 1481 Deinde
1368 1420 1530 1502 perpende
1555 1438 1617 1500 qua
1642 1438 1737 1481 causa
1760 1418 1821 1481 ista
1845 1418 1941 1481 susti-

1188 1516 1242 1577 nui
1270 1540 1277 1577 :
1305 1536 1364 1579 nec
1389 1517 1520 1579 dubium
1543 1516 1621 1597 quin
1650 1524 1779 1598 propter
1806 1524 1940 1597 peccata

1188 1614 1295 1697 populi
1320 1614 1481 1677 diluenda.
1505 1615 1543 1677 Et
1562 1634 1624 1697 quo
1648 1614 1715 1677 line
1733 1638 1740 1676 :
1758 1622 1793 1676 nt
1817 1613 1941 1677 scihcet

1188 1730 1288 1793 genus
1317 1712 1491 1775 humanum
1521 1713 1561 1775 ab
1589 1722 1706 1775 eterna
1734 1712 1940 1775 damnatione

383 1810 598 1875 intensissime
614 1812 829 1893 torquebatur,
846 1830 1026 1893 quanquam
1049 1812 1132 1874 vires
1150 1806 1173 1868 B
1189 1810 1346 1890 eriperem
1380 1819 1473 1892 atque
1503 1810 1665 1873 coelestem
1693 1810 1878 1874 felicitatem
1907 1812 1939 1873 ei

382 1909 445 1973 illae
464 1909 642 1991 superiores
661 1929 718 1991 per
744 1918 923 1990 respectum
948 1911 986 1971 ad
1011 1910 1133 1973 increa-

383 2017 450 2071 tum
469 2008 631 2089 objectum
651 2007 771 2069 luerint
791 2008 823 2068 in
843 2008 957 2089 gaudio
977 2006 1132 2071 beatificae

382 2104 553 2168 fruitionis.
583 2140 623 2150 —
656 2106 778 2167 lnterea
812 2105 990 2186 passionem
1027 2125 1130 2168 meam

382 2204 567 2284 gravissime
591 2204 676 2265 auxit
694 2204 891 2267 amarissima
911 2205 966 2267 illa
986 2224 1131 2287 compas-

382 2301 430 2363 sio
446 2319 507 2382 qna
523 2301 728 2364 dilectissima
746 2304 843 2365 llater
862 2322 932 2366 mea
950 2303 1028 2365 mibi
1049 2302 1130 2366 tide-

381 2398 502 2462 lissime
517 2418 554 2463 ac
573 2400 776 2463 acerbissime
796 2400 994 2478 condolebat,
1012 2410 1044 2463 et
1063 2422 1130 2464 rnr-

382 2516 435 2559 sus
460 2498 638 2578 compassio
662 2498 857 2579 illaqueet
885 2517 943 2581 ego
973 2500 1001 2561 ei
1030 2499 1129 2580 megia

379 2612 477 2675 quam
492 2594 561 2678 ipsa
575 2595 653 2658 mihi
673 2596 897 2677 compatiebar.
915 2596 1032 2659 Ceteris
1052 2614 1131 2677 quo-

284 2706 291 2711 “
378 2712 442 2776 que
456 2692 566 2755 amicis
582 2693 660 2757 meis
675 2693 754 2755 mihi
777 2695 982 2757 vehementer
1003 2713 1131 2775 eompa-

379 2792 529 2854 tientibus
560 2792 684 2855 intense
714 2793 873 2856 condolui.
905 2829 946 2839 —
974 2793 1129 2874 Amplius,

379 2890 526 2970 quamvis
559 2898 624 2952 tam
657 2890 886 2953 inaestimabilis
916 2890 1012 2954 luerit
1040 2891 1131 2953 dolor

1189 1928 1420 1989 recuperarem.
1442 1907 1508 1981 Quo
1533 1907 1639 1971 fructu
1666 1932 1672 1970 :
1697 1908 1772 1989 quia
1800 1908 1939 1972 maximo

1189 2006 1311 2085 merito,
1342 2024 1399 2087 per
1428 2007 1510 2086 quod
1539 2025 1640 2087 genus
1669 2006 1843 2069 humanum
1872 2007 1939 2070 llco

1189 2103 1269 2165 Patri
1291 2102 1492 2166 reconciliavi
1508 2112 1539 2166 et
1554 2103 1723 2185 gratiarum
1745 2104 1939 2167 charismata

1187 2201 1368 2264 hominibus
1393 2201 1504 2264 merui.
1521 2202 1586 2265 lmo
1610 2201 1784 2283 perlectam
1810 2222 1939 2284 repara·

1187 2298 1306 2360 tionem
1321 2305 1440 2361 naturae
1457 2307 1489 2361 et
1503 2298 1771 2362 beatificationem
1786 2298 1857 2381 ejus
1873 2300 1942 2381 ple-

1187 2394 1351 2457 nissimam
1361 2395 1399 2455 in
1414 2414 1546 2477 corpore
1561 2405 1592 2459 et
1606 2396 1761 2475 anima,et
1776 2398 1940 2460 meritorie

1188 2501 1219 2555 et
1233 2492 1432 2557 sufficienter
1446 2494 1567 2557 obtinui
1583 2494 1638 2557 ibi.
1655 2494 1774 2577 Nempe
1793 2514 1832 2558 ex
1850 2515 1942 2558 surn-

1187 2612 1239 2655 ma
1257 2601 1289 2656 et
1307 2594 1529 2657 ardentissima
1548 2594 1678 2657 caritate
1698 2594 1797 2657 Patris
1818 2615 1855 2659 ac
1881 2596 1940 2659 ho-

1187 2692 1308 2753 minum
1334 2691 1458 2755 seciae
1487 2692 1602 2773 pertuli
1631 2700 1756 2770 cuncta,
1778 2702 1875 2775 atque
1903 2695 1938 2757 in

1186 2789 1272 2851 omni
1287 2790 1346 2851 hac
1362 2789 1508 2870 passione
1528 2809 1599 2853 mea
1612 2790 1764 2853 virtutum
1779 2792 1942 2855 excellen-

1187 2887 1259 2948 tiam
1296 2886 1478 2968 plenissime
1507 2888 1733 2969 demonstravi,
1764 2889 1845 2952 sicut
1875 2891 1940 2955 hoc

380 3006 470 3049 meus
490 2989 663 3068 corporalis
687 2988 823 3051 exterior
847 2997 879 3051 et
902 2997 968 3051 tam
992 2989 1130 3051 acerbis·
1149 2982 1268 3047 Cinlra
1284 2994 1409 3067 tangam
1423 3009 1430 3047 τ
1443 2986 1496 3049 nbi
1512 2996 1544 3050 et
1558 2987 1726 3050 declarabo
1740 2996 1818 3068 quot
1834 2990 1941 3052 modis

381 3083 460 3145 sima
485 3084 599 3164 passio,
617 3085 719 3165 major
742 3093 847 3147 tamen
871 3093 964 3167 atque
986 3085 1130 3148 acerbior

381 3179 441 3242 luit
465 3180 555 3244 dolor
579 3180 709 3244 interior
732 3191 764 3243 et
787 3182 1016 3264 compassionis
1045 3182 1130 3245 allii-

381 3278 454 3357 ctio,
471 3278 585 3360 quibus
599 3278 826 3342 incredibiliter
840 3281 989 3361 angebar,
1004 3289 1129 3361 torque-

381 3377 438 3440 bar
470 3385 502 3439 et
534 3377 767 3458 comprimebar
804 3398 842 3441 ex
877 3379 1128 3442 consideratione

378 3475 610 3557 ingratitudinis
626 3484 658 3538 et
672 3484 818 3539 extreme
833 3476 1016 3557 perditionis
1031 3477 1129 3539 Judae-

378 3593 470 3637 orum
489 3593 526 3637 ac
550 3574 694 3637 omnium
720 3575 937 3656 reproborum,
953 3575 986 3637 in
1012 3576 1128 3655 quibus

379 3673 520 3735 fructum
534 3691 572 3735 ac
586 3673 735 3735 meritum
751 3673 906 3754 passionis
925 3693 1003 3737 mee
1025 3674 1128 3737 consi-

1184 3083 1300 3145 debeas
1323 3103 1425 3145 meam
1449 3084 1629 3165 passionem
1652 3084 1802 3149 recolere.

1398 3348 1645 3414 ARTICULUS
1668 3349 1709 3411 V.

1183 3496 1373 3556 Admiratio
1388 3498 1510 3555 salvati
1528 3514 1627 3571 super
1642 3498 1737 3557 biset
1752 3500 1939 3575 deploratio

1352 3586 1611 3661 ingratitudinis
1631 3594 1760 3647 nostroe.

378 3771 486 3834 deravi
506 3770 622 3833 debere
647 3769 790 3833 frustrari
809 3796 815 3833 :
833 3789 968 3853 quorum
993 3771 1127 3834 salntem
1224 3769 1393 3831 Sanvnrus.
1406 3805 1448 3816 -
1461 3770 1527 3832 Heu
1543 3789 1605 3848 me,
1622 3770 1753 3835 Domine
1769 3773 1823 3852 mi,
1835 3791 1936 3855 quan·

381 3887 444 3949 quo
463 3868 564 3950 magis
589 3868 718 3950 appetii,
734 3887 772 3932 eo
796 3870 836 3931 de
860 3869 1001 3950 ipsorum
1026 3870 1129 3950 perdi·
1183 3875 1214 3929 ta
1243 3876 1291 3930 est
1319 3868 1559 3946 inadvertentia,
1587 3868 1651 3933 imo
1680 3869 1871 3951 ingratitudo
1900 3883 1933 3937 et

379 3967 465 4029 tione
481 3966 638 4048 poenalins
652 3966 749 4029 dolui.
766 4002 806 4012 —
820 3967 991 4043 Postremo,
1008 3967 1040 4028 in
1057 3986 1128 4029 cru·
1184 3965 1301 4028 malitia
1326 3975 1444 4044 nostra,
1463 3966 1536 4048 quia
1562 3966 1671 4029 salutis
1696 3978 1810 4033 nostrae
1835 3990 1935 4053 nego-

379 4083 416 4126 ce
432 4064 485 4125 diu
501 4064 612 4126 vivens
628 4064 816 4144 pendebam,
833 4065 998 4146 puncturis
1017 4066 1127 4128 mortis
1183 4064 1272 4141 tium,
1291 4064 1457 4127 creationis
1472 4074 1588 4129 nostre
1604 4084 1744 4145 causam,
1762 4070 1934 4149 reparatio-

380 4169 524 4223 naturam
554 4161 756 4224 tenerrimam
791 4162 931 4243 undique
959 4172 1127 4244 penetran-
1144 4161 1294 4242 Dnisque
1309 4170 1424 4225 nostrae
1446 4164 1577 4226 modum
1598 4182 1635 4226 ac
1655 4165 1802 4246 pretium,
1820 4185 1932 4247 parum

378 4260 464 4323 tibus
479 4268 511 4323 et
526 4279 626 4341 usque
641 4261 680 4322 ad
696 4260 806 4323 intima
821 4262 924 4324 cordis
946 4261 1127 4343 pertingen-

379 4358 482 4437 tibus;
499 4368 531 4421 et
548 4358 617 4440 ipsa
636 4358 863 4422 violentissima
884 4360 1033 4423 distentio
1058 4380 1127 4422 cor-

376 4457 462 4538 poris
485 4465 517 4520 et
535 4456 719 4538 ponderatio
739 4457 809 4539 ejus
830 4458 956 4520 trahens
976 4458 1125 4520 deorsum

377 4556 521 4618 membra
541 4554 702 4634 dissecuit,
720 4555 853 4617 vulnera
874 4555 1047 4636 ampliavit,
1065 4575 1124 4618 nec

376 4653 515 4734 aliquam
545 4654 798 4733 repausationem
828 4653 1023 4716 moribunde
1050 4673 1125 4715 con-

376 4750 471 4812 cessit
486 4756 616 4828 naturae,
632 4767 702 4830 quae
718 4769 751 4813 se
771 4750 845 4812 hinc
867 4750 942 4812 inde
963 4750 1124 4813 retrahere

376 4848 462 4911 etad
477 4848 701 4911 naturaliorem
717 4848 811 4909 sitnm
826 4848 918 4929 qnasi
937 4849 1124 4912 contrahere

375 4946 551 5009 videbatur.
568 4945 701 5008 Attende
717 4954 840 5027 septem
855 4947 1037 5027 verbaque
1053 4966 1124 5028 pre

376 5045 434 5107 tuli
455 5044 510 5123 ibi,
526 5051 558 5106 et
578 5043 714 5124 qualiter
736 5051 848 5105 natura
872 5043 1003 5106 inferior
1027 5043 1124 5106 luerit

377 5143 497 5221 relicta,
514 5140 728 5222 sensitivaque
744 5160 816 5221 pars
832 5141 923 5206 solita
944 5141 1123 5204 redundan-

374 5241 418 5304 tia
432 5240 516 5304 dulci
531 5260 568 5303 ae
583 5239 792 5305 consolatoria
814 5239 982 5321 superioris
1004 5240 1121 5321 portio·

1182 4268 1235 4321 aut
1250 4260 1326 4322 nihil
1348 4261 1560 4324 advertimus!
1578 4262 1650 4325 ldco
1669 4262 1766 4344 tepidi
1787 4282 1932 4329 remanc-

1182 4358 1466 4440 mus,negligentes
1479 4360 1731 4440 consistimus,ct
1745 4381 1814 4425 esse
1828 4363 1931 4446 iugra-

1182 4455 1204 4517 ti
1228 4456 1387 4519 Altissimo
1411 4476 1475 4519 non
1498 4477 1660 4536 veremnr;
1681 4460 1808 4541 aggredi
1829 4463 1930 4526 ardua

1180 4552 1399 4633 lormidamus,
1413 4554 1477 4635 pati
1501 4554 1645 4635 adversa,
1665 4557 1871 4638 opprobrium
1897 4570 1930 4623 et

1181 4659 1395 4731 contemptum
1414 4652 1591 4731 renuimus,
1603 4653 1642 4715 ad
1658 4673 1739 4717 vana
1754 4664 1786 4717 et
1799 4655 1925 4739 frivola,

1180 4749 1219 4811 ad
1234 4748 1336 4827 ludos,
1344 4749 1433 4830 jocos
1449 4758 1481 4811 et
1494 4750 1576 4811 risus
1592 4770 1701 4814 sumus
1717 4753 1887 4835 proclives,
1895 4766 1928 4819 et

1179 4847 1260 4909 sicut
1276 4848 1396 4910 sonitus
1417 4848 1578 4929 spinarum
1599 4850 1658 4913 suh
1676 4851 1749 4930 olla,
1766 4853 1808 4914 ita
1827 4856 1927 4917 resul-
1943 4886 2093 4937 gnam,

1178 4953 1223 5007 tat
1238 4945 1452 5009 confabulatio
1467 4956 1499 5009 et
1513 4947 1714 5013 cachinnatio
1737 4950 1926 5033 insipientie

1178 5051 1303 5106 nostre.
1321 5042 1474 5117 Quoniam
1496 5053 1549 5107 tua
1574 5047 1719 5128 stigmata
1739 5048 1771 5111 in
1792 5068 1927 5132 corpore

1178 5148 1285 5203 nostro
1309 5160 1372 5204 non
1398 5151 1572 5225 portamus,
1588 5144 1651 5206 alia
1674 5154 1846 5226 gestamus,
1864 5168 1927 5213 nec

1176 5240 1333 5323 passionis
1349 5248 1411 5305 tue
1429 5242 1585 5305 acerbitas
1604 5252 1712 5307 nostro
1732 5246 1819 5309 cordi
1834 5246 1926 5311 inde-
