4309 6259
284 497 325 543 D!
345 498 546 547 oscannum
567 500 696 548 Atratus
719 502 756 547 ΕΙ·
775 502 873 547 1188AE
893 501 1119 549 macharion}
1139 503 1298 551 olatodos.
1323 520 1363 534 ·-
1383 503 1452 549 ΛΒΤ.
1476 501 1561 549 nvn
1638 480 1698 547 423

157 686 223 730 sum
245 667 392 749 frigidus.
408 668 542 732 Inimico
562 668 772 751 nequissimo,
787 670 843 752 qui
858 670 897 731 ad
913 670 939 732 Α
953 687 1012 733 nos
1040 670 1098 733 tibi
1128 690 1254 753 semper
1281 672 1443 754 placentes
1470 670 1621 753 omnique
1648 669 1700 733 die

156 765 271 829 ostium
292 767 397 830 cordis
421 767 691 849 suggestionibus,
708 768 847 830 susurris
867 776 900 830 et

155 864 381 929 tentationibus
402 866 469 927 suis
490 865 623 929 nefariis
638 867 753 949 pulsat,
769 866 901 929 audien-

156 962 230 1024 tiam
251 964 388 1045 praebeo,
403 982 502 1026 vanas
526 971 559 1026 et
581 964 713 1027 frivolas
736 964 901 1045 cogitatio

157 1080 222 1139 nes,
239 1061 397 1125 desideria
411 1082 519 1145 prava,
535 1062 692 1125 vanitates
707 1070 801 1144 atque
817 1063 901 1125 insa-

157 1159 224 1221 nias
256 1159 353 1223 falsas
381 1160 645 1243 insipientissime
680 1161 898 1239 admittend03

157 1258 301 1321 cumbis
324 1258 419 1321 idolis
440 1259 618 1323 fornicatur
641 1259 749 1322 anima
771 1278 854 1339 mea,
870 1267 902 1322 et

157 1356 266 1419 relicto
280 1356 403 1438 Sponsa
417 1356 551 1437 coelesti,
567 1377 587 1419 a
607 1358 751 1421 damone
773 1366 901 1421 constu-

156 1461 275 1536 pratur,
291 1455 342 1517 eui
357 1474 415 1537 per
428 1474 604 1518 consensus
619 1455 748 1519 illicitos
761 1456 902 1517 diversa-

156 1572 216 1634 que
229 1552 310 1616 vitia
328 1552 531 1633 admiscetur,
547 1562 579 1616 et
599 1554 646 1617 sic
662 1554 735 1616 vilis
756 1573 794 1616 ac
816 1553 903 1617 stoli-

44 1664 106 1708 rien.
117 1676 145 1715 a,
157 1650 215 1713 dus
246 1669 318 1734 ego,
348 1651 499 1713 invitatus
530 1652 664 1714 enutriri
699 1652 732 1713 in
767 1652 901 1732 croceis,

158 1749 333 1830 amplector
352 1749 420 1811 haec
442 1756 593 1813 stercora.

953 768 1177 850 placentiores,
1194 790 1251 852 per
1265 770 1425 834 Christum
1440 778 1472 833 et
1490 786 1584 833 omne
1606 767 1701 831 meri·

954 875 1021 931 tum
1044 868 1125 949 ejus.
1143 870 1255 932 Amen.

1119 1140 1364 1205 ARTICULUS
1392 1140 1534 1205 XXVII.

956 1290 1107 1358 Qualiter
1131 1289 1346 1350 Eucharistiae
1371 1289 1414 1349 sit
1437 1296 1676 1349 sacramentum
1690 1308 1705 1357 ,·

996 1386 1026 1437 ct
1049 1387 1165 1439 utrum
1189 1378 1232 1437 sit
1257 1397 1361 1439 unum
1385 1386 1638 1449 sacramentum,
1654 1381 1704 1439 vaf

992 1470 1106 1543 plura.

997 1654 1168 1717 Siccanas.
1197 1653 1367 1728 -Quum
1401 1662 1636 1716 sacramentum
1665 1654 1706 1717 sit

958 1771 1054 1816 sacrae
1069 1752 1115 1814 rei
1131 1752 1270 1832 signum,
1280 1770 1339 1814 nec
1354 1751 1541 1832 formaliter,
1552 1753 1606 1815 sed
1622 1752 1707 1834 figu-

45 1876 74 1906 u.
91 1874 142 1914 zea,
193 1847 340 1909 Miserere
354 1846 431 1927 mei,
446 1846 589 1926 Domine,
608 1846 902 1926 sitibundam
919 1849 943 1911 B
958 1850 1076 1930 raliter,
1093 1857 1147 1912 aut
1162 1850 1268 1913 forsan
1284 1850 1391 1932 aliquo
1410 1850 1504 1914 modo
1523 1850 1703 1932 causaliter,

44 1928 87 1968 Ν.

154 1945 362 2009 illuminant
389 1945 526 2025 videam,
552 1952 588 2007 ut
615 1946 761 2028 protinus
789 1946 903 2029 resipi-

154 2064 251 2122 scam,
261 2053 298 2107 ut
310 2044 439 2107 exclusa
452 2044 539 2108 omni
555 2044 750 2107 admixtione
765 2045 903 2107 immun-

153 2143 202 2219 da,
220 2143 279 2205 tihi
301 2142 398 2205 totius
420 2142 585 2205 munditiae
604 2140 685 2206 fonti
711 2150 745 2205 et
768 2143 901 2206 amatori

154 2261 226 2304 cum
254 2240 377 2322 ingenti
406 2260 483 2303 eura
510 2238 672 2303 ferventer
695 2240 900 2304 inavertibili-

154 2348 263 2420 terque
298 2340 487 2416 adhaeream,
516 2358 555 2401 ex
589 2338 653 2401 tuis
681 2339 900 2419 sacramentis,

153 2436 242 2518 quasi
257 2456 298 2499 ex
310 2436 394 2499 vivis
408 2444 441 2499 et
450 2435 632 2518 purissimis
644 2435 796 2514 lontibus,
805 2456 902 2517 aquas

154 2535 316 2618 sapientiae
338 2534 496 2615 salutaris,
512 2534 686 2616 gratiarum
700 2534 834 2612 fluenta,
851 2554 904 2597 ex-

154 2634 353 2696 uberantiam
376 2631 547 2715 opulentia
572 2632 747 2715 spiritualis
775 2632 903 2696 assidue

155 2732 311 2794 hauriam.

192 2830 216 2892 0
229 2830 316 2892 alme
329 2827 500 2908 Paraclete,
509 2828 690 2892 consolator
703 2829 900 2906 dulcissime,

154 2926 379 2990 liberalissime
393 2926 529 3009 Spiritus
544 2926 669 3004 Sancte,
686 2927 729 2989 ob
742 2935 828 2990 tuam
844 2926 903 2989 im-

958 1949 1121 2012 contineat
1135 1948 1334 2011 sanctitatem
1354 1956 1386 2011 et
1404 1948 1555 2030 gratiam3
1572 1967 1637 2013 non
1659 1950 1706 2012 vi-

957 2049 1049 2110 detur
1083 2065 1199 2129 eorpus
1233 2046 1347 2109 Christi
1377 2065 1489 2109 verum
1517 2055 1548 2109 et
1576 2048 1705 2129 sanguis

957 2145 1027 2226 ejus
1042 2144 1137 2207 realis
1152 2145 1326 2209 consistere
1346 2153 1591 2223 sacramentum,
1606 2163 1705 2228 quum

958 2243 991 2305 in
1020 2261 1152 2325 corpore
1180 2242 1296 2305 Christi
1326 2243 1368 2305 sit
1394 2244 1502 2305 anima
1534 2243 1604 2325 ejus
1636 2262 1707 2305 san-

958 2340 1113 2419 ctissima,
1135 2340 1199 2403 imo
1223 2346 1308 2403 totus
1332 2339 1487 2419 Christus,
1508 2339 1581 2403 fons
1601 2340 1706 2405 omnis

958 2439 1066 2520 gratie
1090 2458 1127 2501 ac
1151 2438 1288 2500 virtutis
1306 2437 1369 2501 Nec
1390 2438 1517 2501 videtur
1535 2458 1633 2501 unum
1655 2458 1707 2502 ex-

959 2535 1071 2599 sistere
1096 2544 1340 2613 sacramentum,
1363 2555 1461 2617 quum
1487 2537 1550 2599 sint
1573 2537 1707 2599 diversae

958 2634 1110 2713 materias,
1127 2634 1207 2698 etin
1221 2634 1415 2716 Complenda
1429 2634 1554 2698 dicatur
1571 2657 1577 2696 :
1594 2633 1709 2697 Purifi-

959 2741 1034 2796 cent
1050 2751 1120 2811 nos,
1138 2751 1331 2813 quesumus,
1348 2732 1493 2812 Domine,
1510 2740 1708 2796 sacramenta

960 2850 1030 2912 qua)
1051 2831 1259 2913 sumpsimus.

1000 2930 1146 2992 Vnarras.
1162 2964 1203 2975 -
1223 2929 1257 2990 ln
1277 2928 1338 2992 hoe
1359 2937 1557 2991 sacramento
1581 2936 1630 2991 est
1652 2928 1708 2990 ali-

154 3044 298 3088 mensam
324 3024 554 3105 benignitatem
578 3032 611 3086 et
634 3024 900 3105 munificentiam,
919 3028 941 3091 C
960 3027 1135 3108 quidquod
1155 3034 1203 3089 est
1221 3026 1439 3089 tantummodo
1461 3034 1705 3103 sacramentum,

153 3123 206 3203 qui
221 3122 436 3186 essentialiter
449 3122 564 3185 caritas
579 3142 624 3202 es,
640 3140 741 3201 amor,
758 3142 858 3185 nexus
872 3132 904 3185 et

153 3223 300 3285 osculum
314 3221 413 3284 Patris
427 3229 459 3283 et
472 3220 555 3301 Filii,
572 3240 624 3283 me
639 3220 779 3301 inanem,
791 3222 901 3299 vilem,

154 3318 405 3401 pauperrimum,
421 3326 621 3401 peccatorem
642 3318 902 3400 indignissimum

153 3416 454 3480 misericordissime
468 3416 575 3495 visita,
593 3435 703 3499 purga,
720 3418 797 3498 dita,
810 3418 901 3495 doce,

153 3535 248 3597 unge,
272 3515 443 3593 succende,
471 3514 750 3596 indesinenterque
776 3515 902 3599 posside

153 3634 188 3676 ae
213 3614 380 3695 guberna3
401 3614 440 3676 ad
465 3613 656 3695 condignam
680 3615 902 3696 mysteriorum

154 3711 268 3774 Christi
294 3710 541 3774 celebrationem
561 3719 594 3773 et
615 3730 737 3774 sacram
761 3731 903 3775 commu-

153 3811 284 3873 nionem
309 3828 360 3872 me
378 3808 518 3890 quotidie
535 3816 621 3891 apta,
636 3810 781 3892 dispone,
798 3810 903 3893 digni-

154 3908 229 3971 fica.

192 4008 216 4070 0
250 4005 537 4088 superdignissima
568 4005 716 4083 Trinitas,
746 4007 788 4069 ob
816 4015 903 4070 tuam

154 4103 479 4168 communicationem
504 4112 536 4165 et
559 4104 793 4167 emanationem
815 4113 904 4167 aeter-

960 3125 991 3187 id
1006 3132 1054 3186 est
1068 3142 1165 3187 sacrm
1187 3124 1232 3186 rei
1255 3123 1395 3205 signum,
1411 3123 1563 3187 videlieet
1584 3124 1709 3205 species

959 3242 1014 3285 seu
1029 3222 1140 3285 forme
1154 3221 1368 3285 accidentales
1389 3221 1481 3303 panis
1496 3220 1620 3299 etvini,
1637 3240 1707 3303 qua

959 3327 1123 3383 remanent
1153 3320 1221 3381 sine
1251 3319 1407 3401 subjecte,
1431 3320 1501 3401 ipso
1525 3338 1607 3401 pane
1632 3338 1707 3382 con-

959 3436 1051 3482 verso
1065 3426 1097 3480 et
1111 3417 1411 3481 transsubstantisto
1432 3416 1466 3479 in
1489 3436 1604 3499 eorpus
1619 3417 1706 3480 Chri-

959 3518 1011 3597 sti,
1028 3516 1178 3579 similiter
1203 3516 1272 3598 ipso
1292 3516 1369 3578 vino
1389 3516 1423 3577 in
1443 3515 1557 3578 Christi
1577 3517 1705 3597 sangui-

958 3634 1032 3677 nem
1047 3612 1348 3676 transsubstantiato
1365 3636 1372 3674 :
1390 3632 1459 3694 quae
1475 3614 1597 3694 species
1613 3614 1704 3694 signa

959 3721 1032 3777 sunt
1055 3713 1124 3775 veri
1153 3712 1295 3792 corporis
1324 3720 1355 3773 et
1383 3711 1548 3792 sanguinis
1576 3710 1701 3775 Christi.

958 3812 1143 3874 Continetur
1157 3827 1282 3890 quoque
1297 3808 1330 3870 in
1345 3808 1406 3873 hoe
1428 3817 1626 3872 sacramento
1648 3810 1704 3871 ali-

958 3909 1035 3990 quid
1062 3906 1147 3990 quod
1176 3914 1224 3970 est
1252 3926 1302 3969 res
1330 3914 1362 3969 et
1389 3907 1528 3987 siguum,
1555 3905 1705 3969 videlicet

958 4026 1068 4069 verum
1084 4024 1199 4087 corpus
1214 4012 1246 4067 et
1260 4005 1389 4086 sanguis
1404 4004 1518 4067 Christi
1529 4028 1535 4066 :
1546 4022 1616 4085 quaa
1631 4009 1705 4065 sunt

959 4124 1009 4167 res
1024 4104 1214 4185 significate
1229 4122 1285 4185 per
1299 4104 1385 4187 ipsas
1401 4103 1524 4185 species
1539 4122 1705 4167 remanen-

155 4224 227 4266 nsm
249 4204 292 4266 ad
315 4204 410 4280 intra,
426 4200 558 4264 effunde
582 4209 676 4282 atque
701 4204 904 4266 communica
919 4209 944 4271 D
958 4212 1018 4282 tes,
1035 4212 1070 4265 ut
1083 4202 1203 4265 dictum
1218 4210 1286 4279 est3
1304 4211 1335 4265 et
1355 4202 1457 4266 nihilo
1479 4204 1585 4265 minus
1607 4203 1705 4284 signi-

155 4303 239 4365 dona
252 4311 310 4363 tua
322 4301 361 4363 sd
377 4307 465 4362 extra
478 4299 778 4364 misericordissime
799 4310 830 4363 et
850 4321 905 4383 pa-

155 4408 264 4476 terne;
280 4398 324 4463 ob
347 4405 433 4460 tuam
456 4406 599 4460 mutuam
624 4398 827 4462 intuitionem
853 4420 905 4461 su·

155 4497 425 4581 perclarissimam
445 4515 481 4558 ac
503 4495 631 4559 infinite
650 4497 837 4579 jucundam,
852 4498 904 4561 fac

155 4615 213 4659 nos
226 4596 296 4677 jam
311 4603 341 4657 tc
356 4594 521 4656 sinceriter
539 4596 748 4678 contemplari
770 4616 843 4659 cum
865 4596 905 4658 fi-

155 4695 194 4757 de
223 4692 402 4757 rationibus
427 4692 657 4755 credendorum
687 4712 725 4756 ac
755 4694 906 4775 purifica-

156 4801 195 4854 tae
217 4791 336 4855 mentis
354 4790 565 4871 intelligentia
587 4799 620 4852 et
643 4792 807 4873 sapientiae
821 4793 905 4856 dono

157 4897 349 4973 pemrnata3
364 4889 406 4951 ob
424 4895 509 4949 tuam
524 4887 728 4951 dilectionem
749 4900 904 4970 mutuam,

158 4986 512 5071 superardentissimam
527 4994 559 5047 et
574 4986 774 5067 immensam,
783 4989 833 5052 fae
848 5008 906 5053 nos

159 5085 228 5149 sine
243 5083 489 5165 interpolatione
508 5091 538 5146 te
558 5102 632 5146 curn
654 5084 778 5148 fervore
800 5105 908 5149 aman-

159 5193 218 5262 tes,
234 5192 268 5246 et
283 5183 317 5244 in
332 5191 386 5244 tua
399 5181 571 5246 dilectione
586 5182 728 5263 quotidie
749 5185 910 5249 ardentio-

160 5302 232 5362 res;
248 5281 293 5347 ob
305 5289 393 5344 tuam
406 5287 550 5343 mutuam
564 5280 839 5363 complacentiam,
856 5284 908 5347 fac

959 4302 1059 4365 licant
1074 4309 1106 4363 et
1120 4300 1262 4383 figurant
1276 4301 1381 4382 ipsum
1398 4301 1567 4381 mysticum
1589 4319 1704 4381 corpus

959 4400 1086 4476 Christi,
1103 4400 1189 4480 quod
1213 4407 1260 4461 est
1284 4398 1427 4461 Ecclesia
1452 4399 1484 4461 in
1510 4398 1630 4475 electis,
1648 4418 1705 4460 seu

959 4496 1209 4561 eeclesiasticam
1234 4495 1399 4574 unitatem,
1421 4504 1475 4559 aut
1498 4496 1632 4577 gratiam
1657 4515 1705 4557 sa-

960 4593 1197 4671 cramentalem,
1214 4613 1284 4675 quae
1302 4601 1351 4657 est
1369 4594 1439 4676 ipsa
1457 4594 1557 4675 gratia
1576 4593 1705 4675 spiritu-

960 4694 1019 4756 alis
1033 4693 1220 4755 nutrimenti
1242 4712 1298 4755 seu
1318 4692 1500 4755 relectionis
1521 4694 1581 4755 hoc
1601 4711 1704 4755 sacra-

960 4800 1069 4854 mento
1090 4790 1217 4853 effecta.

1000 4891 1055 4953 Est
1069 4889 1168 4971 igitur
1182 4888 1381 4951 Eucharistia
1396 4896 1640 4967 sacramentum,
1654 4889 1709 4951 ali·

962 4998 1009 5051 ter
1023 4996 1129 5049 tamen
1151 5005 1247 5067 quam
1268 4986 1447 5068 baptismus
1470 4994 1501 5049 et
1521 4987 1584 5049 alia
1605 5006 1708 5049 sacra·
1731 5024 1733 5027 -

962 5094 1069 5148 menta
1084 5109 1090 5146 :
1106 5085 1256 5166 quoniam
1271 5083 1354 5147 istud
1371 5086 1708 5167 sacramentum‚qu0d

963 5184 1114 5248 videlicet
1129 5192 1177 5246 est
1192 5203 1242 5246 res
1257 5191 1289 5245 et
1310 5184 1450 5265 signum,
1466 5182 1562 5247 habet
1582 5182 1710 5246 realiter

965 5290 998 5346 et
1010 5282 1187 5346 formaliter
1202 5280 1503 5361 sanctificationem,
1511 5280 1710 5345 sanctitatem
