<?xml version="1.0" encoding="UTF-8"?>
<!DOCTYPE html PUBLIC "-//W3C//DTD XHTML 1.0 Transitional//EN"
    "http://www.w3.org/TR/xhtml1/DTD/xhtml1-transitional.dtd">
<html xmlns="http://www.w3.org/1999/xhtml" xml:lang="en" lang="en">
 <head>
  <title>
</title>
<meta http-equiv="Content-Type" content="text/html;charset=utf-8" />
  <meta name='ocr-system' content='tesseract 3.04.00' />
  <meta name='ocr-capabilities' content='ocr_page ocr_carea ocr_par ocr_line ocrx_word'/>
</head>
<body>
  <div class='ocr_page' id='page_1' title='image "./doctorisecstati02unkngoog/doctorisecstati02unkngoog_0154.png"; bbox 0 0 4309 6259; ppageno 0'>
   <div class='ocr_carea' id='block_1_1' title="bbox 429 469 1838 540">
    <p class='ocr_par' dir='ltr' id='par_1_1' title="bbox 429 469 1838 540">
     <span class='ocr_line' id='line_1_1' title="bbox 429 469 1838 540; baseline -0.001 -7"><span class='ocrx_word' id='word_1_1' title='bbox 429 469 486 533; x_wconf 74' lang='lat' dir='ltr'><strong>lat</strong></span> <span class='ocrx_word' id='word_1_2' title='bbox 574 486 615 532; x_wconf 84' lang='lat' dir='ltr'><strong>nn</strong></span> <span class='ocrx_word' id='word_1_3' title='bbox 635 484 785 531; x_wconf 74' lang='lat' dir='ltr'><strong>crunnus</strong></span> <span class='ocrx_word' id='word_1_4' title='bbox 806 482 1012 529; x_wconf 76' lang='lat' dir='ltr'><strong>ssuomssnrn</strong></span> <span class='ocrx_word' id='word_1_5' title='bbox 1032 480 1069 526; x_wconf 86' lang='lat' dir='ltr'><strong>rrr</strong></span> <span class='ocrx_word' id='word_1_6' title='bbox 1091 480 1256 527; x_wconf 75' lang='lat' dir='ltr'><strong>murvinum</strong></span> <span class='ocrx_word' id='word_1_7' title='bbox 1277 479 1460 540; x_wconf 82' lang='lat' dir='ltr'><strong>mrurrsms,</strong></span> <span class='ocrx_word' id='word_1_8' title='bbox 1485 482 1544 530; x_wconf 86' lang='lat' dir='ltr'><strong>nnn</strong></span> <span class='ocrx_word' id='word_1_9' title='bbox 1563 484 1670 530; x_wconf 75' lang='lat' dir='ltr'><strong>nonum</strong></span> <span class='ocrx_word' id='word_1_10' title='bbox 1690 484 1838 532; x_wconf 77' lang='lat' dir='ltr'><strong>nonmuu</strong></span> 
     </span>
    </p>
   </div>
   <div class='ocr_carea' id='block_1_2' title="bbox 428 650 2121 1622">
    <p class='ocr_par' dir='ltr' id='par_1_2' title="bbox 428 650 2121 1622">
     <span class='ocr_line' id='line_1_2' title="bbox 467 650 1693 733; baseline -0.002 -15"><span class='ocrx_word' id='word_1_11' title='bbox 467 655 536 720; x_wconf 89' lang='lat' dir='ltr'><strong>Non</strong></span> <span class='ocrx_word' id='word_1_12' title='bbox 551 656 657 719; x_wconf 88' lang='lat' dir='ltr'><strong>tradas</strong></span> <span class='ocrx_word' id='word_1_13' title='bbox 673 652 887 733; x_wconf 72' lang='lat' dir='ltr'><strong>manamine,</strong></span> <span class='ocrx_word' id='word_1_14' title='bbox 900 672 919 715; x_wconf 89' lang='lat' dir='ltr'><strong>a</strong></span> <span class='ocrx_word' id='word_1_15' title='bbox 932 650 1091 716; x_wconf 88' lang='lat' dir='ltr'><strong>desiderio</strong></span> <span class='ocrx_word' id='word_1_16' title='bbox 1105 651 1217 714; x_wconf 81' lang='lat' dir='ltr'><strong>meod</strong></span> <span class='ocrx_word' id='word_1_17' title='bbox 1517 656 1607 714; x_wconf 82' lang='lat' dir='ltr'><strong>Laus</strong></span> <span class='ocrx_word' id='word_1_18' title='bbox 1620 656 1693 716; x_wconf 84' lang='lat' dir='ltr'><strong>Dei.</strong></span> 
     </span>
     <span class='ocr_line' id='line_1_3' title="bbox 428 749 2118 837; baseline -0.002 -19"><span class='ocrx_word' id='word_1_19' title='bbox 428 754 609 837; x_wconf 88' lang='lat' dir='ltr'><strong>peccatori;</strong></span> <span class='ocrx_word' id='word_1_20' title='bbox 626 754 847 837; x_wconf 88' lang='lat' dir='ltr'><strong>cogitaverunt</strong></span> <span class='ocrx_word' id='word_1_21' title='bbox 865 759 976 814; x_wconf 89' lang='lat' dir='ltr'><strong>contra</strong></span> <span class='ocrx_word' id='word_1_22' title='bbox 989 769 1051 831; x_wconf 88' lang='lat' dir='ltr'><strong>me,</strong></span> <span class='ocrx_word' id='word_1_23' title='bbox 1069 768 1111 812; x_wconf 89' lang='lat' dir='ltr'><strong>ne</strong></span> <span class='ocrx_word' id='word_1_24' title='bbox 1125 749 1178 811; x_wconf 89' lang='lat' dir='ltr'><strong>de-</strong></span> <span class='ocrx_word' id='word_1_25' title='bbox 1271 749 1414 828; x_wconf 88' lang='lat' dir='ltr'><strong>Domine,</strong></span> <span class='ocrx_word' id='word_1_26' title='bbox 1434 750 1517 813; x_wconf 86' lang='lat' dir='ltr'><strong>Deus</strong></span> <span class='ocrx_word' id='word_1_27' title='bbox 1539 770 1629 814; x_wconf 89' lang='lat' dir='ltr'><strong>meus</strong></span> <span class='ocrx_word' id='word_1_28' title='bbox 1653 771 1687 814; x_wconf 92' lang='lat' dir='ltr'><strong>es</strong></span> <span class='ocrx_word' id='word_1_29' title='bbox 1709 762 1754 832; x_wconf 90' lang='lat' dir='ltr'><strong>tu,</strong></span> <span class='ocrx_word' id='word_1_30' title='bbox 1770 753 1916 817; x_wconf 81' lang='lat' dir='ltr'><strong>exaltabo</strong></span> <span class='ocrx_word' id='word_1_31' title='bbox 1938 762 1982 833; x_wconf 86' lang='lat' dir='ltr'><strong>te,</strong></span> <span class='ocrx_word' id='word_1_32' title='bbox 2012 782 2118 831; x_wconf 44' lang='lat' dir='ltr'><strong>amp,</strong></span> 
     </span>
     <span class='ocr_line' id='line_1_4' title="bbox 430 847 2048 935; baseline -0.001 -20"><span class='ocrx_word' id='word_1_33' title='bbox 430 853 593 935; x_wconf 79' lang='lat' dir='ltr'><strong>relinquas</strong></span> <span class='ocrx_word' id='word_1_34' title='bbox 608 872 670 931; x_wconf 88' lang='lat' dir='ltr'><strong>rue,</strong></span> <span class='ocrx_word' id='word_1_35' title='bbox 688 871 728 915; x_wconf 90' lang='lat' dir='ltr'><strong>ne</strong></span> <span class='ocrx_word' id='word_1_36' title='bbox 743 850 824 914; x_wconf 91' lang='lat' dir='ltr'><strong>forte</strong></span> <span class='ocrx_word' id='word_1_37' title='bbox 839 849 1027 913; x_wconf 80' lang='lat' dir='ltr'><strong>exaltentur.</strong></span> <span class='ocrx_word' id='word_1_38' title='bbox 1231 855 1263 908; x_wconf 91' lang='lat' dir='ltr'><strong>et</strong></span> <span class='ocrx_word' id='word_1_39' title='bbox 1277 847 1455 910; x_wconf 86' lang='lat' dir='ltr'><strong>confitebor</strong></span> <span class='ocrx_word' id='word_1_40' title='bbox 1468 849 1591 911; x_wconf 91' lang='lat' dir='ltr'><strong>nomini</strong></span> <span class='ocrx_word' id='word_1_41' title='bbox 1607 858 1661 912; x_wconf 90' lang='lat' dir='ltr'><strong>tuo</strong></span> <span class='ocrx_word' id='word_1_42' title='bbox 1678 874 1685 912; x_wconf 76' lang='grc' dir='ltr'><em>ι</em></span> <span class='ocrx_word' id='word_1_43' title='bbox 1702 851 1855 931; x_wconf 88' lang='lat' dir='ltr'><strong>quoniam</strong></span> <span class='ocrx_word' id='word_1_44' title='bbox 1875 850 1984 913; x_wconf 90' lang='lat' dir='ltr'><strong>factus</strong></span> <span class='ocrx_word' id='word_1_45' title='bbox 1997 848 2018 890; x_wconf 80' lang='lat'><strong>⁴·</strong></span> <span class='ocrx_word' id='word_1_46' title='bbox 2028 850 2048 887; x_wconf 80' lang='lat'><strong>⁹·</strong></span> 
     </span>
     <span class='ocr_line' id='line_1_5' title="bbox 471 943 1983 1030; baseline -0.001 -16"><span class='ocrx_word' id='word_1_47' title='bbox 471 951 576 1014; x_wconf 84' lang='lat' dir='ltr'><strong>Gloria</strong></span> <span class='ocrx_word' id='word_1_48' title='bbox 590 950 683 1013; x_wconf 90' lang='lat' dir='ltr'><strong>Patri.</strong></span> <span class='ocrx_word' id='word_1_49' title='bbox 1231 963 1265 1006; x_wconf 90' lang='lat' dir='ltr'><strong>es</strong></span> <span class='ocrx_word' id='word_1_50' title='bbox 1280 943 1431 1007; x_wconf 91' lang='lat' dir='ltr'><strong>fortitudo</strong></span> <span class='ocrx_word' id='word_1_51' title='bbox 1452 947 1611 1028; x_wconf 91' lang='lat' dir='ltr'><strong>pauperis,</strong></span> <span class='ocrx_word' id='word_1_52' title='bbox 1629 947 1756 1027; x_wconf 85' lang='lat' dir='ltr'><strong>adjutor</strong></span> <span class='ocrx_word' id='word_1_53' title='bbox 1775 949 1881 1030; x_wconf 87' lang='lat' dir='ltr'><strong>egeni.</strong></span> <span class='ocrx_word' id='word_1_54' title='bbox 1898 949 1983 1012; x_wconf 86' lang='lat' dir='ltr'><strong>Ecce</strong></span> 
     </span>
     <span class='ocr_line' id='line_1_6' title="bbox 467 1042 1984 1127; baseline -0.003 -14"><span class='ocrx_word' id='word_1_55' title='bbox 467 1054 548 1113; x_wconf 79' lang='lat' dir='ltr'><strong>Ant.</strong></span> <span class='ocrx_word' id='word_1_56' title='bbox 581 1050 623 1112; x_wconf 89' lang='lat' dir='ltr'><strong>Te</strong></span> <span class='ocrx_word' id='word_1_57' title='bbox 652 1049 750 1111; x_wconf 87' lang='lat' dir='ltr'><strong>Deum</strong></span> <span class='ocrx_word' id='word_1_58' title='bbox 779 1045 901 1110; x_wconf 89' lang='lat' dir='ltr'><strong>Patrem</strong></span> <span class='ocrx_word' id='word_1_59' title='bbox 930 1044 1120 1126; x_wconf 90' lang='lat' dir='ltr'><strong>ingenitum,</strong></span> <span class='ocrx_word' id='word_1_60' title='bbox 1146 1051 1176 1105; x_wconf 90' lang='lat' dir='ltr'><strong>te</strong></span> <span class='ocrx_word' id='word_1_61' title='bbox 1230 1042 1313 1103; x_wconf 88' lang='lat' dir='ltr'><strong>Deus</strong></span> <span class='ocrx_word' id='word_1_62' title='bbox 1337 1051 1445 1105; x_wconf 92' lang='lat' dir='ltr'><strong>noster</strong></span> <span class='ocrx_word' id='word_1_63' title='bbox 1469 1044 1549 1122; x_wconf 91' lang='lat' dir='ltr'><strong>iste;</strong></span> <span class='ocrx_word' id='word_1_64' title='bbox 1566 1045 1821 1127; x_wconf 77' lang='lat' dir='ltr'><strong>exspectavimus</strong></span> <span class='ocrx_word' id='word_1_65' title='bbox 1845 1066 1933 1127; x_wconf 90' lang='lat' dir='ltr'><strong>eum,</strong></span> <span class='ocrx_word' id='word_1_66' title='bbox 1950 1056 1984 1109; x_wconf 89' lang='lat' dir='ltr'><strong>et</strong></span> 
     </span>
     <span class='ocr_line' id='line_1_7' title="bbox 428 1140 2118 1228; baseline 0.001 -18"><span class='ocrx_word' id='word_1_67' title='bbox 428 1148 544 1210; x_wconf 79' lang='lat' dir='ltr'><strong>llilium</strong></span> <span class='ocrx_word' id='word_1_68' title='bbox 571 1147 782 1228; x_wconf 89' lang='lat' dir='ltr'><strong>unigenitum,</strong></span> <span class='ocrx_word' id='word_1_69' title='bbox 803 1152 834 1207; x_wconf 90' lang='lat' dir='ltr'><strong>te</strong></span> <span class='ocrx_word' id='word_1_70' title='bbox 853 1143 1004 1226; x_wconf 93' lang='lat' dir='ltr'><strong>Spiritum</strong></span> <span class='ocrx_word' id='word_1_71' title='bbox 1025 1142 1176 1204; x_wconf 89' lang='lat' dir='ltr'><strong>Sanctum</strong></span> <span class='ocrx_word' id='word_1_72' title='bbox 1231 1140 1366 1201; x_wconf 84' lang='lat' dir='ltr'><strong>salvabit</strong></span> <span class='ocrx_word' id='word_1_73' title='bbox 1391 1159 1458 1203; x_wconf 92' lang='lat' dir='ltr'><strong>nos.</strong></span> <span class='ocrx_word' id='word_1_74' title='bbox 1475 1140 1598 1204; x_wconf 89' lang='lat' dir='ltr'><strong>Nomen</strong></span> <span class='ocrx_word' id='word_1_75' title='bbox 1623 1150 1713 1204; x_wconf 92' lang='lat' dir='ltr'><strong>tuum</strong></span> <span class='ocrx_word' id='word_1_76' title='bbox 1738 1152 1771 1205; x_wconf 90' lang='lat' dir='ltr'><strong>et</strong></span> <span class='ocrx_word' id='word_1_77' title='bbox 1794 1145 1983 1207; x_wconf 79' lang='lat' dir='ltr'><strong>memoriale</strong></span> <span class='ocrx_word' id='word_1_78' title='bbox 1996 1170 2054 1211; x_wconf 76' lang='lat' dir='ltr'><strong>rsa.</strong></span> <span class='ocrx_word' id='word_1_79' title='bbox 2069 1184 2118 1213; x_wconf 73' lang='lat' dir='ltr'><strong>m.</strong></span> 
     </span>
     <span class='ocr_line' id='line_1_8' title="bbox 428 1236 2050 1329; baseline -0.002 -21"><span class='ocrx_word' id='word_1_80' title='bbox 428 1245 633 1329; x_wconf 89' lang='lat' dir='ltr'><strong>paracletum,</strong></span> <span class='ocrx_word' id='word_1_81' title='bbox 665 1252 806 1307; x_wconf 91' lang='lat' dir='ltr'><strong>sanctam</strong></span> <span class='ocrx_word' id='word_1_82' title='bbox 838 1251 870 1304; x_wconf 91' lang='lat' dir='ltr'><strong>et</strong></span> <span class='ocrx_word' id='word_1_83' title='bbox 902 1241 1102 1303; x_wconf 83' lang='lat' dir='ltr'><strong>benedictam</strong></span> <span class='ocrx_word' id='word_1_84' title='bbox 1132 1248 1177 1301; x_wconf 89' lang='lat' dir='ltr'><strong>at-</strong></span> <span class='ocrx_word' id='word_1_85' title='bbox 1231 1247 1331 1316; x_wconf 92' lang='lat' dir='ltr'><strong>tuum,</strong></span> <span class='ocrx_word' id='word_1_86' title='bbox 1348 1238 1491 1319; x_wconf 87' lang='lat' dir='ltr'><strong>Domine,</strong></span> <span class='ocrx_word' id='word_1_87' title='bbox 1508 1239 1541 1300; x_wconf 94' lang='lat' dir='ltr'><strong>in</strong></span> <span class='ocrx_word' id='word_1_88' title='bbox 1566 1240 1724 1304; x_wconf 91' lang='lat' dir='ltr'><strong>desiderio</strong></span> <span class='ocrx_word' id='word_1_89' title='bbox 1748 1241 1864 1304; x_wconf 78' lang='lat' dir='ltr'><strong>animm</strong></span> <span class='ocrx_word' id='word_1_90' title='bbox 1888 1261 1980 1305; x_wconf 72' lang='lat' dir='ltr'><strong>meaa.</strong></span> <span class='ocrx_word' id='word_1_91' title='bbox 1996 1236 2017 1281; x_wconf 83' lang='lat'><strong>⁸·</strong></span> <span class='ocrx_word' id='word_1_92' title='bbox 2030 1236 2050 1275; x_wconf 80' lang='lat'><strong>⁹·</strong></span> 
     </span>
     <span class='ocr_line' id='line_1_9' title="bbox 429 1334 1983 1426; baseline -0.003 -19"><span class='ocrx_word' id='word_1_93' title='bbox 429 1364 492 1426; x_wconf 90' lang='lat' dir='ltr'><strong>que</strong></span> <span class='ocrx_word' id='word_1_94' title='bbox 507 1343 704 1407; x_wconf 90' lang='lat' dir='ltr'><strong>individuam</strong></span> <span class='ocrx_word' id='word_1_95' title='bbox 726 1342 923 1420; x_wconf 80' lang='lat' dir='ltr'><strong>Trinitatem,</strong></span> <span class='ocrx_word' id='word_1_96' title='bbox 941 1348 1005 1402; x_wconf 92' lang='lat' dir='ltr'><strong>toto</strong></span> <span class='ocrx_word' id='word_1_97' title='bbox 1025 1338 1120 1401; x_wconf 89' lang='lat' dir='ltr'><strong>corde</strong></span> <span class='ocrx_word' id='word_1_98' title='bbox 1145 1346 1177 1399; x_wconf 91' lang='lat' dir='ltr'><strong>et</strong></span> <span class='ocrx_word' id='word_1_99' title='bbox 1230 1334 1344 1397; x_wconf 80' lang='lat' dir='ltr'><strong>Anima</strong></span> <span class='ocrx_word' id='word_1_100' title='bbox 1357 1355 1428 1398; x_wconf 90' lang='lat' dir='ltr'><strong>mea</strong></span> <span class='ocrx_word' id='word_1_101' title='bbox 1449 1336 1642 1400; x_wconf 89' lang='lat' dir='ltr'><strong>desideravit</strong></span> <span class='ocrx_word' id='word_1_102' title='bbox 1655 1346 1686 1401; x_wconf 88' lang='lat' dir='ltr'><strong>te</strong></span> <span class='ocrx_word' id='word_1_103' title='bbox 1701 1338 1734 1400; x_wconf 92' lang='lat' dir='ltr'><strong>in</strong></span> <span class='ocrx_word' id='word_1_104' title='bbox 1749 1347 1854 1419; x_wconf 90' lang='lat' dir='ltr'><strong>nocte,</strong></span> <span class='ocrx_word' id='word_1_105' title='bbox 1871 1342 1926 1402; x_wconf 87' lang='lat' dir='ltr'><strong>sed</strong></span> <span class='ocrx_word' id='word_1_106' title='bbox 1950 1350 1983 1403; x_wconf 89' lang='lat' dir='ltr'><strong>et</strong></span> 
     </span>
     <span class='ocr_line' id='line_1_10' title="bbox 428 1433 1981 1525; baseline -0.004 -18"><span class='ocrx_word' id='word_1_107' title='bbox 428 1461 483 1507; x_wconf 93' lang='lat' dir='ltr'><strong>ore</strong></span> <span class='ocrx_word' id='word_1_108' title='bbox 509 1441 708 1525; x_wconf 84' lang='lat' dir='ltr'><strong>profitemur,</strong></span> <span class='ocrx_word' id='word_1_109' title='bbox 732 1440 898 1503; x_wconf 90' lang='lat' dir='ltr'><strong>laudamus</strong></span> <span class='ocrx_word' id='word_1_110' title='bbox 925 1446 956 1500; x_wconf 86' lang='lat' dir='ltr'><strong>et</strong></span> <span class='ocrx_word' id='word_1_111' title='bbox 988 1436 1176 1518; x_wconf 88' lang='lat' dir='ltr'><strong>magnifica-</strong></span> <span class='ocrx_word' id='word_1_112' title='bbox 1231 1433 1360 1515; x_wconf 92' lang='lat' dir='ltr'><strong>spiritus</strong></span> <span class='ocrx_word' id='word_1_113' title='bbox 1374 1453 1465 1496; x_wconf 89' lang='lat' dir='ltr'><strong>meus</strong></span> <span class='ocrx_word' id='word_1_114' title='bbox 1480 1434 1513 1496; x_wconf 91' lang='lat' dir='ltr'><strong>in</strong></span> <span class='ocrx_word' id='word_1_115' title='bbox 1528 1436 1710 1517; x_wconf 69' lang='lat' dir='ltr'><strong>precordiis</strong></span> <span class='ocrx_word' id='word_1_116' title='bbox 1724 1436 1871 1515; x_wconf 80' lang='lat' dir='ltr'><strong>meis3de</strong></span> <span class='ocrx_word' id='word_1_117' title='bbox 1886 1457 1981 1501; x_wconf 90' lang='lat' dir='ltr'><strong>mane</strong></span> 
     </span>
     <span class='ocr_line' id='line_1_11' title="bbox 428 1531 2121 1622; baseline -0.005 -18"><span class='ocrx_word' id='word_1_118' title='bbox 428 1561 500 1604; x_wconf 92' lang='lat' dir='ltr'><strong>mus</strong></span> <span class='ocrx_word' id='word_1_119' title='bbox 514 1565 521 1602; x_wconf 76' lang='grc' dir='ltr'><strong><em>ε</em></strong></span> <span class='ocrx_word' id='word_1_120' title='bbox 534 1540 687 1622; x_wconf 88' lang='lat' dir='ltr'><strong>quoniam</strong></span> <span class='ocrx_word' id='word_1_121' title='bbox 701 1547 732 1601; x_wconf 91' lang='lat' dir='ltr'><strong>te</strong></span> <span class='ocrx_word' id='word_1_122' title='bbox 747 1538 852 1601; x_wconf 88' lang='lat' dir='ltr'><strong>laudat</strong></span> <span class='ocrx_word' id='word_1_123' title='bbox 873 1536 977 1601; x_wconf 92' lang='lat' dir='ltr'><strong>omnis</strong></span> <span class='ocrx_word' id='word_1_124' title='bbox 997 1535 1099 1597; x_wconf 91' lang='lat' dir='ltr'><strong>virtus</strong></span> <span class='ocrx_word' id='word_1_125' title='bbox 1114 1552 1177 1597; x_wconf 67' lang='lat' dir='ltr'><strong>cte</strong></span> <span class='ocrx_word' id='word_1_126' title='bbox 1231 1531 1369 1611; x_wconf 83' lang='lat' dir='ltr'><strong>vigilabo</strong></span> <span class='ocrx_word' id='word_1_127' title='bbox 1397 1532 1436 1595; x_wconf 90' lang='lat' dir='ltr'><strong>ad</strong></span> <span class='ocrx_word' id='word_1_128' title='bbox 1462 1541 1503 1595; x_wconf 89' lang='lat' dir='ltr'><strong>te.</strong></span> <span class='ocrx_word' id='word_1_129' title='bbox 1529 1533 1605 1606; x_wconf 81' lang='lat' dir='ltr'><strong>Quis</strong></span> <span class='ocrx_word' id='word_1_130' title='bbox 1629 1552 1759 1597; x_wconf 89' lang='lat' dir='ltr'><strong>mensus</strong></span> <span class='ocrx_word' id='word_1_131' title='bbox 1784 1544 1833 1597; x_wconf 90' lang='lat' dir='ltr'><strong>est</strong></span> <span class='ocrx_word' id='word_1_132' title='bbox 1857 1536 1981 1618; x_wconf 81' lang='lat' dir='ltr'><strong>pugillo</strong></span> <span class='ocrx_word' id='word_1_133' title='bbox 1996 1554 2121 1604; x_wconf 53' lang='lat' dir='ltr'><strong>reuma.</strong></span> 
     </span>
    </p>
   </div>
   <div class='ocr_carea' id='block_1_3' title="bbox 283 1641 1182 3977">
    <p class='ocr_par' dir='ltr' id='par_1_3' title="bbox 283 1641 1182 3977">
     <span class='ocr_line' id='line_1_12' title="bbox 426 1641 541 1704; baseline -0.026 0"><span class='ocrx_word' id='word_1_134' title='bbox 426 1641 541 1704; x_wconf 92' lang='lat' dir='ltr'><strong>lorum.</strong></span> 
     </span>
     <span class='ocr_line' id='line_1_13' title="bbox 719 1738 880 1813; baseline -0.012 -16"><span class='ocrx_word' id='word_1_135' title='bbox 719 1738 880 1813; x_wconf 73' lang='lat' dir='ltr'><strong>Hymnus</strong></span> 
     </span>
     <span class='ocr_line' id='line_1_14' title="bbox 546 1832 941 1914; baseline -0.018 -16"><span class='ocrx_word' id='word_1_136' title='bbox 546 1835 640 1913; x_wconf 85' lang='lat' dir='ltr'><strong>Deus,</strong></span> <span class='ocrx_word' id='word_1_137' title='bbox 658 1832 751 1914; x_wconf 87' lang='lat' dir='ltr'><strong>cujus</strong></span> <span class='ocrx_word' id='word_1_138' title='bbox 766 1839 814 1894; x_wconf 89' lang='lat' dir='ltr'><strong>est</strong></span> <span class='ocrx_word' id='word_1_139' title='bbox 828 1839 941 1893; x_wconf 88' lang='lat' dir='ltr'><strong>natura</strong></span> 
     </span>
     <span class='ocr_line' id='line_1_15' title="bbox 527 1928 1032 2014; baseline -0.012 -20"><span class='ocrx_word' id='word_1_140' title='bbox 527 1932 678 2014; x_wconf 82' lang='lat' dir='ltr'><strong>Simplex,</strong></span> <span class='ocrx_word' id='word_1_141' title='bbox 695 1947 882 2009; x_wconf 88' lang='lat' dir='ltr'><strong>summaque</strong></span> <span class='ocrx_word' id='word_1_142' title='bbox 898 1928 1032 2005; x_wconf 69' lang='lat' dir='ltr'><strong>bonitas</strong></span> 
     </span>
     <span class='ocr_line' id='line_1_16' title="bbox 527 2029 912 2109; baseline -0.013 -16"><span class='ocrx_word' id='word_1_143' title='bbox 527 2029 668 2105; x_wconf 84' lang='lat' dir='ltr'><strong>Infinita,</strong></span> <span class='ocrx_word' id='word_1_144' title='bbox 686 2036 806 2105; x_wconf 88' lang='lat' dir='ltr'><strong>saneta,</strong></span> <span class='ocrx_word' id='word_1_145' title='bbox 822 2046 912 2109; x_wconf 89' lang='lat' dir='ltr'><strong>pura,</strong></span> 
     </span>
     <span class='ocr_line' id='line_1_17' title="bbox 528 2125 959 2209; baseline -0.009 -18"><span class='ocrx_word' id='word_1_146' title='bbox 528 2128 625 2209; x_wconf 82' lang='lat' dir='ltr'><strong>Cujus</strong></span> <span class='ocrx_word' id='word_1_147' title='bbox 640 2127 796 2189; x_wconf 88' lang='lat' dir='ltr'><strong>immensa</strong></span> <span class='ocrx_word' id='word_1_148' title='bbox 810 2125 959 2205; x_wconf 81' lang='lat' dir='ltr'><strong>dignitas.</strong></span> 
     </span>
     <span class='ocr_line' id='line_1_18' title="bbox 549 2222 1020 2305; baseline -0.013 -17"><span class='ocrx_word' id='word_1_149' title='bbox 549 2226 655 2303; x_wconf 84' lang='lat' dir='ltr'><strong>Trina,</strong></span> <span class='ocrx_word' id='word_1_150' title='bbox 672 2222 759 2301; x_wconf 83' lang='lat' dir='ltr'><strong>felix,</strong></span> <span class='ocrx_word' id='word_1_151' title='bbox 778 2223 912 2305; x_wconf 86' lang='lat' dir='ltr'><strong>simplex</strong></span> <span class='ocrx_word' id='word_1_152' title='bbox 928 2222 1020 2297; x_wconf 79' lang='lat' dir='ltr'><strong>Deua,</strong></span> 
     </span>
     <span class='ocr_line' id='line_1_19' title="bbox 530 2322 1025 2404; baseline -0.012 -17"><span class='ocrx_word' id='word_1_153' title='bbox 530 2324 631 2403; x_wconf 90' lang='lat' dir='ltr'><strong>Salus,</strong></span> <span class='ocrx_word' id='word_1_154' title='bbox 649 2322 762 2400; x_wconf 88' lang='lat' dir='ltr'><strong>virtus,</strong></span> <span class='ocrx_word' id='word_1_155' title='bbox 777 2322 895 2404; x_wconf 90' lang='lat' dir='ltr'><strong>plastes</strong></span> <span class='ocrx_word' id='word_1_156' title='bbox 909 2338 1000 2382; x_wconf 89' lang='lat' dir='ltr'><strong>meus</strong></span> <span class='ocrx_word' id='word_1_157' title='bbox 1018 2341 1025 2380; x_wconf 76' lang='grc' dir='ltr'>ε</span> 
     </span>
     <span class='ocr_line' id='line_1_20' title="bbox 528 2421 906 2499; baseline -0.013 -13"><span class='ocrx_word' id='word_1_158' title='bbox 528 2424 575 2486; x_wconf 84' lang='lat' dir='ltr'><strong>lle</strong></span> <span class='ocrx_word' id='word_1_159' title='bbox 591 2421 723 2497; x_wconf 91' lang='lat' dir='ltr'><strong>custodi,</strong></span> <span class='ocrx_word' id='word_1_160' title='bbox 742 2427 906 2499; x_wconf 88' lang='lat' dir='ltr'><strong>metuere,</strong></span> 
     </span>
     <span class='ocr_line' id='line_1_21' title="bbox 530 2519 903 2599; baseline -0.016 -14"><span class='ocrx_word' id='word_1_161' title='bbox 530 2522 619 2585; x_wconf 88' lang='lat' dir='ltr'><strong>Sicut</strong></span> <span class='ocrx_word' id='word_1_162' title='bbox 633 2519 717 2582; x_wconf 89' lang='lat' dir='ltr'><strong>nosti</strong></span> <span class='ocrx_word' id='word_1_163' title='bbox 733 2538 784 2581; x_wconf 89' lang='lat' dir='ltr'><strong>me</strong></span> <span class='ocrx_word' id='word_1_164' title='bbox 799 2536 903 2599; x_wconf 89' lang='lat' dir='ltr'><strong>egere.</strong></span> 
     </span>
     <span class='ocr_line' id='line_1_22' title="bbox 550 2615 1020 2696; baseline -0.013 -15"><span class='ocrx_word' id='word_1_165' title='bbox 550 2619 608 2693; x_wconf 81' lang='lat' dir='ltr'><strong>Oui</strong></span> <span class='ocrx_word' id='word_1_166' title='bbox 624 2617 722 2680; x_wconf 90' lang='lat' dir='ltr'><strong>servit</strong></span> <span class='ocrx_word' id='word_1_167' title='bbox 737 2616 795 2679; x_wconf 93' lang='lat' dir='ltr'><strong>tibi</strong></span> <span class='ocrx_word' id='word_1_168' title='bbox 810 2615 1020 2696; x_wconf 90' lang='lat' dir='ltr'><strong>negligenter,</strong></span> 
     </span>
     <span class='ocr_line' id='line_1_23' title="bbox 530 2713 954 2795; baseline -0.012 -16"><span class='ocrx_word' id='word_1_169' title='bbox 530 2716 713 2779; x_wconf 86' lang='lat' dir='ltr'><strong>Maledictus</strong></span> <span class='ocrx_word' id='word_1_170' title='bbox 728 2713 789 2776; x_wconf 90' lang='lat' dir='ltr'><strong>erit</strong></span> <span class='ocrx_word' id='word_1_171' title='bbox 803 2732 930 2795; x_wconf 90' lang='lat' dir='ltr'><strong>semper</strong></span> <span class='ocrx_word' id='word_1_172' title='bbox 947 2736 954 2774; x_wconf 76' lang='grc' dir='ltr'>ε</span> 
     </span>
     <span class='ocr_line' id='line_1_24' title="bbox 530 2811 937 2877; baseline -0.015 0"><span class='ocrx_word' id='word_1_173' title='bbox 530 2814 610 2877; x_wconf 90' lang='lat' dir='ltr'><strong>llinc</strong></span> <span class='ocrx_word' id='word_1_174' title='bbox 625 2813 666 2875; x_wconf 90' lang='lat' dir='ltr'><strong>da</strong></span> <span class='ocrx_word' id='word_1_175' title='bbox 680 2811 738 2874; x_wconf 92' lang='lat' dir='ltr'><strong>tibi</strong></span> <span class='ocrx_word' id='word_1_176' title='bbox 754 2817 937 2873; x_wconf 89' lang='lat' dir='ltr'><strong>reverenter</strong></span> 
     </span>
     <span class='ocr_line' id='line_1_25' title="bbox 530 2911 911 2987; baseline -0.01 -10"><span class='ocrx_word' id='word_1_177' title='bbox 530 2912 694 2987; x_wconf 88' lang='lat' dir='ltr'><strong>Deservire</strong></span> <span class='ocrx_word' id='word_1_178' title='bbox 709 2920 741 2973; x_wconf 91' lang='lat' dir='ltr'><strong>et</strong></span> <span class='ocrx_word' id='word_1_179' title='bbox 755 2911 911 2973; x_wconf 89' lang='lat' dir='ltr'><strong>ardenter.</strong></span> 
     </span>
     <span class='ocr_line' id='line_1_26' title="bbox 551 3005 996 3091; baseline -0.018 -17"><span class='ocrx_word' id='word_1_180' title='bbox 551 3012 598 3074; x_wconf 89' lang='lat' dir='ltr'><strong>Sit</strong></span> <span class='ocrx_word' id='word_1_181' title='bbox 612 3012 692 3091; x_wconf 88' lang='lat' dir='ltr'><strong>laus,</strong></span> <span class='ocrx_word' id='word_1_182' title='bbox 708 3009 810 3072; x_wconf 92' lang='lat' dir='ltr'><strong>honor</strong></span> <span class='ocrx_word' id='word_1_183' title='bbox 823 3008 888 3071; x_wconf 86' lang='lat' dir='ltr'><strong>Deo</strong></span> <span class='ocrx_word' id='word_1_184' title='bbox 902 3005 996 3084; x_wconf 89' lang='lat' dir='ltr'><strong>Patri,</strong></span> 
     </span>
     <span class='ocr_line' id='line_1_27' title="bbox 532 3104 1064 3188; baseline -0.015 -16"><span class='ocrx_word' id='word_1_185' title='bbox 532 3111 662 3173; x_wconf 90' lang='lat' dir='ltr'><strong>Summo</strong></span> <span class='ocrx_word' id='word_1_186' title='bbox 677 3124 803 3188; x_wconf 90' lang='lat' dir='ltr'><strong>quoque</strong></span> <span class='ocrx_word' id='word_1_187' title='bbox 817 3105 940 3169; x_wconf 81' lang='lat' dir='ltr'><strong>Christo</strong></span> <span class='ocrx_word' id='word_1_188' title='bbox 955 3104 1064 3181; x_wconf 91' lang='lat' dir='ltr'><strong>decus,</strong></span> 
     </span>
     <span class='ocr_line' id='line_1_28' title="bbox 533 3203 898 3287; baseline -0.019 -16"><span class='ocrx_word' id='word_1_189' title='bbox 533 3209 649 3271; x_wconf 89' lang='lat' dir='ltr'><strong>Sancto</strong></span> <span class='ocrx_word' id='word_1_190' title='bbox 664 3206 741 3268; x_wconf 87' lang='lat' dir='ltr'><strong>item</strong></span> <span class='ocrx_word' id='word_1_191' title='bbox 756 3203 898 3287; x_wconf 92' lang='lat' dir='ltr'><strong>Spiritui,</strong></span> 
     </span>
     <span class='ocr_line' id='line_1_29' title="bbox 532 3302 1047 3388; baseline -0.012 -21"><span class='ocrx_word' id='word_1_192' title='bbox 532 3307 677 3388; x_wconf 85' lang='lat' dir='ltr'><strong>llajestas</strong></span> <span class='ocrx_word' id='word_1_193' title='bbox 692 3305 756 3367; x_wconf 88' lang='lat' dir='ltr'><strong>Deo</strong></span> <span class='ocrx_word' id='word_1_194' title='bbox 771 3302 921 3384; x_wconf 87' lang='lat' dir='ltr'><strong>simplici.</strong></span> <span class='ocrx_word' id='word_1_195' title='bbox 938 3302 1047 3362; x_wconf 82' lang='lat' dir='ltr'><strong>Amen.</strong></span> 
     </span>
     <span class='ocr_line' id='line_1_30' title="bbox 707 3403 906 3477; baseline -0.01 -14"><span class='ocrx_word' id='word_1_196' title='bbox 707 3403 906 3477; x_wconf 81' lang='lat' dir='ltr'><strong>Capitulum.</strong></span> 
     </span>
     <span class='ocr_line' id='line_1_31' title="bbox 283 3496 1181 3579; baseline -0.017 -8"><span class='ocrx_word' id='word_1_197' title='bbox 283 3526 417 3575; x_wconf 57' lang='lat' dir='ltr'><strong>rami,</strong></span> <span class='ocrx_word' id='word_1_198' title='bbox 473 3500 647 3565; x_wconf 83' lang='lat' dir='ltr'><strong>Exsultavit</strong></span> <span class='ocrx_word' id='word_1_199' title='bbox 673 3500 763 3562; x_wconf 87' lang='lat' dir='ltr'><strong>lesus</strong></span> <span class='ocrx_word' id='word_1_200' title='bbox 792 3497 825 3559; x_wconf 95' lang='lat' dir='ltr'><strong>in</strong></span> <span class='ocrx_word' id='word_1_201' title='bbox 853 3496 971 3579; x_wconf 87' lang='lat' dir='ltr'><strong>Spiritu</strong></span> <span class='ocrx_word' id='word_1_202' title='bbox 996 3496 1122 3575; x_wconf 90' lang='lat' dir='ltr'><strong>Sancto,</strong></span> <span class='ocrx_word' id='word_1_203' title='bbox 1149 3501 1181 3557; x_wconf 87' lang='lat' dir='ltr'><strong>et</strong></span> 
     </span>
     <span class='ocr_line' id='line_1_32' title="bbox 284 3588 1182 3695; baseline -0.016 -27"><span class='ocrx_word' id='word_1_204' title='bbox 284 3588 419 3695; x_wconf 51' lang='lat' dir='ltr'><strong>{fgffl‘l</strong></span> <span class='ocrx_word' id='word_1_205' title='bbox 432 3603 477 3667; x_wconf 88' lang='lat' dir='ltr'><strong>ait</strong></span> <span class='ocrx_word' id='word_1_206' title='bbox 493 3624 500 3664; x_wconf 94' lang='lat'><strong>:</strong></span> <span class='ocrx_word' id='word_1_207' title='bbox 517 3599 677 3664; x_wconf 79' lang='lat' dir='ltr'><strong>Confiteor</strong></span> <span class='ocrx_word' id='word_1_208' title='bbox 699 3596 767 3677; x_wconf 91' lang='lat' dir='ltr'><strong>tibi,</strong></span> <span class='ocrx_word' id='word_1_209' title='bbox 783 3598 883 3676; x_wconf 89' lang='lat' dir='ltr'><strong>Pater,</strong></span> <span class='ocrx_word' id='word_1_210' title='bbox 900 3595 1032 3658; x_wconf 84' lang='lat' dir='ltr'><strong>Domine</strong></span> <span class='ocrx_word' id='word_1_211' title='bbox 1054 3592 1128 3657; x_wconf 85' lang='lat' dir='ltr'><strong>coeli</strong></span> <span class='ocrx_word' id='word_1_212' title='bbox 1149 3600 1182 3656; x_wconf 90' lang='lat' dir='ltr'><strong>et</strong></span> 
     </span>
     <span class='ocr_line' id='line_1_33' title="bbox 307 3683 1181 3780; baseline -0.016 -14"><span class='ocrx_word' id='word_1_213' title='bbox 307 3684 313 3703; x_wconf 75' lang='lat'>&#39;</span> <span class='ocrx_word' id='word_1_214' title='bbox 383 3683 389 3695; x_wconf 56' lang='lat'>⁸</span> <span class='ocrx_word' id='word_1_215' title='bbox 433 3710 533 3780; x_wconf 76' lang='lat' dir='ltr'><strong>terra,</strong></span> <span class='ocrx_word' id='word_1_216' title='bbox 549 3698 625 3780; x_wconf 89' lang='lat' dir='ltr'><strong>quia</strong></span> <span class='ocrx_word' id='word_1_217' title='bbox 645 3694 838 3759; x_wconf 85' lang='lat' dir='ltr'><strong>abscondisti</strong></span> <span class='ocrx_word' id='word_1_218' title='bbox 857 3695 925 3757; x_wconf 83' lang='lat' dir='ltr'><strong>baec</strong></span> <span class='ocrx_word' id='word_1_219' title='bbox 945 3713 964 3756; x_wconf 90' lang='lat' dir='ltr'><strong>a</strong></span> <span class='ocrx_word' id='word_1_220' title='bbox 983 3690 1181 3774; x_wconf 88' lang='lat' dir='ltr'><strong>sapientibus</strong></span> 
     </span>
     <span class='ocr_line' id='line_1_34' title="bbox 432 3788 1179 3881; baseline -0.016 -19"><span class='ocrx_word' id='word_1_221' title='bbox 432 3808 464 3863; x_wconf 87' lang='lat' dir='ltr'><strong>et</strong></span> <span class='ocrx_word' id='word_1_222' title='bbox 482 3796 701 3881; x_wconf 89' lang='lat' dir='ltr'><strong>prudentibus,</strong></span> <span class='ocrx_word' id='word_1_223' title='bbox 723 3802 755 3857; x_wconf 88' lang='lat' dir='ltr'><strong>et</strong></span> <span class='ocrx_word' id='word_1_224' title='bbox 778 3792 924 3856; x_wconf 89' lang='lat' dir='ltr'><strong>revelasti</strong></span> <span class='ocrx_word' id='word_1_225' title='bbox 950 3810 987 3854; x_wconf 90' lang='lat' dir='ltr'><strong>ea</strong></span> <span class='ocrx_word' id='word_1_226' title='bbox 1011 3788 1179 3873; x_wconf 90' lang='lat' dir='ltr'><strong>parvulis:</strong></span> 
     </span>
     <span class='ocr_line' id='line_1_35' title="bbox 431 3888 1179 3977; baseline -0.016 -16"><span class='ocrx_word' id='word_1_227' title='bbox 431 3899 486 3977; x_wconf 89' lang='lat' dir='ltr'><strong>ita,</strong></span> <span class='ocrx_word' id='word_1_228' title='bbox 512 3897 613 3973; x_wconf 89' lang='lat' dir='ltr'><strong>Pater,</strong></span> <span class='ocrx_word' id='word_1_229' title='bbox 639 3891 790 3974; x_wconf 89' lang='lat' dir='ltr'><strong>quoniam</strong></span> <span class='ocrx_word' id='word_1_230' title='bbox 820 3890 866 3952; x_wconf 86' lang='lat' dir='ltr'><strong>sic</strong></span> <span class='ocrx_word' id='word_1_231' title='bbox 891 3888 1011 3972; x_wconf 88' lang='lat' dir='ltr'><strong>placuit</strong></span> <span class='ocrx_word' id='word_1_232' title='bbox 1035 3897 1108 3950; x_wconf 89' lang='lat' dir='ltr'><strong>ante</strong></span> <span class='ocrx_word' id='word_1_233' title='bbox 1137 3895 1179 3950; x_wconf 87' lang='lat' dir='ltr'><strong>te.</strong></span> 
     </span>
    </p>
   </div>
   <div class='ocr_carea' id='block_1_4' title="bbox 432 3986 1092 4171">
    <p class='ocr_par' dir='ltr' id='par_1_4' title="bbox 432 3986 1092 4171">
     <span class='ocr_line' id='line_1_36' title="bbox 432 3986 1092 4059; baseline -0.014 -1"><span class='ocrx_word' id='word_1_234' title='bbox 432 3994 546 4059; x_wconf 89' lang='lat' dir='ltr'><strong>Omnia</strong></span> <span class='ocrx_word' id='word_1_235' title='bbox 559 3990 639 4053; x_wconf 88' lang='lat' dir='ltr'><strong>mibi</strong></span> <span class='ocrx_word' id='word_1_236' title='bbox 655 3988 770 4052; x_wconf 90' lang='lat' dir='ltr'><strong>tradita</strong></span> <span class='ocrx_word' id='word_1_237' title='bbox 784 3996 859 4049; x_wconf 92' lang='lat' dir='ltr'><strong>sunt</strong></span> <span class='ocrx_word' id='word_1_238' title='bbox 873 4006 891 4049; x_wconf 95' lang='lat' dir='ltr'><strong>a</strong></span> <span class='ocrx_word' id='word_1_239' title='bbox 905 3986 994 4049; x_wconf 90' lang='lat' dir='ltr'><strong>Patre</strong></span> <span class='ocrx_word' id='word_1_240' title='bbox 1009 4004 1092 4049; x_wconf 91' lang='lat' dir='ltr'><strong>meo.</strong></span> 
     </span>
     <span class='ocr_line' id='line_1_37' title="bbox 472 4087 728 4171; baseline -0.012 -17"><span class='ocrx_word' id='word_1_241' title='bbox 472 4112 505 4167; x_wconf 72' lang='lat' dir='ltr'><strong>a.</strong></span> <span class='ocrx_word' id='word_1_242' title='bbox 522 4093 586 4153; x_wconf 89' lang='lat' dir='ltr'><strong>Deo</strong></span> <span class='ocrx_word' id='word_1_243' title='bbox 600 4087 728 4171; x_wconf 87' lang='lat' dir='ltr'><strong>gratias.</strong></span> 
     </span>
    </p>
   </div>
   <div class='ocr_carea' id='block_1_5' title="bbox 1231 1622 2032 1811">
    <p class='ocr_par' dir='ltr' id='par_1_5' title="bbox 1231 1622 2032 1811">
     <span class='ocr_line' id='line_1_38' title="bbox 1231 1622 2032 1714; baseline -0.001 -20"><span class='ocrx_word' id='word_1_244' title='bbox 1231 1648 1339 1710; x_wconf 84' lang='lat' dir='ltr'><strong>aquas,</strong></span> <span class='ocrx_word' id='word_1_245' title='bbox 1366 1638 1398 1692; x_wconf 91' lang='lat' dir='ltr'><strong>et</strong></span> <span class='ocrx_word' id='word_1_246' title='bbox 1422 1631 1519 1693; x_wconf 88' lang='lat' dir='ltr'><strong>coelos</strong></span> <span class='ocrx_word' id='word_1_247' title='bbox 1544 1631 1651 1713; x_wconf 91' lang='lat' dir='ltr'><strong>palmo</strong></span> <span class='ocrx_word' id='word_1_248' title='bbox 1675 1634 1886 1714; x_wconf 65' lang='lat' dir='ltr'><strong>ponderavit?</strong></span> <span class='ocrx_word' id='word_1_249' title='bbox 1905 1634 1983 1709; x_wconf 82' lang='lat' dir='ltr'><strong>Quis</strong></span> <span class='ocrx_word' id='word_1_250' title='bbox 1998 1622 2032 1661; x_wconf 78' lang='lat'><strong>¹⁴·</strong></span> 
     </span>
     <span class='ocr_line' id='line_1_39' title="bbox 1231 1728 1984 1811; baseline -0.007 -18"><span class='ocrx_word' id='word_1_251' title='bbox 1231 1728 1384 1809; x_wconf 81' lang='lat' dir='ltr'><strong>appendit</strong></span> <span class='ocrx_word' id='word_1_252' title='bbox 1407 1728 1509 1791; x_wconf 89' lang='lat' dir='ltr'><strong>tribus</strong></span> <span class='ocrx_word' id='word_1_253' title='bbox 1536 1728 1645 1811; x_wconf 86' lang='lat' dir='ltr'><strong>digitis</strong></span> <span class='ocrx_word' id='word_1_254' title='bbox 1674 1731 1791 1794; x_wconf 89' lang='lat' dir='ltr'><strong>molem</strong></span> <span class='ocrx_word' id='word_1_255' title='bbox 1821 1740 1922 1811; x_wconf 76' lang='lat' dir='ltr'><strong>terra,</strong></span> <span class='ocrx_word' id='word_1_256' title='bbox 1950 1742 1984 1795; x_wconf 78' lang='lat' dir='ltr'><strong>et</strong></span> 
     </span>
    </p>
   </div>
   <div class='ocr_carea' id='block_1_6' title="bbox 1193 1819 1983 1908">
    <p class='ocr_par' dir='ltr' id='par_1_6' title="bbox 1193 1819 1983 1908">
     <span class='ocr_line' id='line_1_40' title="bbox 1193 1819 1983 1908; baseline 0.013 -25"><span class='ocrx_word' id='word_1_257' title='bbox 1193 1819 1361 1887; x_wconf 89' lang='lat' dir='ltr'><strong>Blibravit</strong></span> <span class='ocrx_word' id='word_1_258' title='bbox 1385 1826 1418 1887; x_wconf 95' lang='lat' dir='ltr'><strong>in</strong></span> <span class='ocrx_word' id='word_1_259' title='bbox 1443 1827 1583 1908; x_wconf 90' lang='lat' dir='ltr'><strong>pondere</strong></span> <span class='ocrx_word' id='word_1_260' title='bbox 1607 1838 1744 1908; x_wconf 89' lang='lat' dir='ltr'><strong>montes,</strong></span> <span class='ocrx_word' id='word_1_261' title='bbox 1764 1838 1798 1892; x_wconf 87' lang='lat' dir='ltr'><strong>et</strong></span> <span class='ocrx_word' id='word_1_262' title='bbox 1821 1831 1918 1895; x_wconf 87' lang='lat' dir='ltr'><strong>eolles</strong></span> <span class='ocrx_word' id='word_1_263' title='bbox 1949 1832 1983 1894; x_wconf 95' lang='lat' dir='ltr'><strong>in</strong></span> 
     </span>
    </p>
   </div>
   <div class='ocr_carea' id='block_1_7' title="bbox 1231 1924 2143 2992">
    <p class='ocr_par' dir='ltr' id='par_1_7' title="bbox 1232 1924 1982 2010">
     <span class='ocr_line' id='line_1_41' title="bbox 1232 1924 1982 2010; baseline 0.009 -25"><span class='ocrx_word' id='word_1_264' title='bbox 1232 1927 1369 1986; x_wconf 88' lang='lat' dir='ltr'><strong>stateral</strong></span> <span class='ocrx_word' id='word_1_265' title='bbox 1397 1924 1472 1999; x_wconf 85' lang='lat' dir='ltr'><strong>Quis</strong></span> <span class='ocrx_word' id='word_1_266' title='bbox 1503 1926 1629 2007; x_wconf 85' lang='lat' dir='ltr'><strong>adjuvit</strong></span> <span class='ocrx_word' id='word_1_267' title='bbox 1656 1927 1802 2010; x_wconf 90' lang='lat' dir='ltr'><strong>spiritum</strong></span> <span class='ocrx_word' id='word_1_268' title='bbox 1832 1929 1982 1993; x_wconf 82' lang='lat' dir='ltr'><strong>Dominif</strong></span> 
     </span>
    </p>

    <p class='ocr_par' dir='ltr' id='par_1_8' title="bbox 1231 2023 1984 2109">
     <span class='ocr_line' id='line_1_42' title="bbox 1231 2023 1984 2109; baseline 0.007 -22"><span class='ocrx_word' id='word_1_269' title='bbox 1231 2032 1286 2087; x_wconf 87' lang='lat' dir='ltr'><strong>aut</strong></span> <span class='ocrx_word' id='word_1_270' title='bbox 1299 2023 1371 2105; x_wconf 89' lang='lat' dir='ltr'><strong>quis</strong></span> <span class='ocrx_word' id='word_1_271' title='bbox 1386 2024 1587 2087; x_wconf 88' lang='lat' dir='ltr'><strong>consiliarius</strong></span> <span class='ocrx_word' id='word_1_272' title='bbox 1608 2026 1679 2107; x_wconf 87' lang='lat' dir='ltr'><strong>ojus</strong></span> <span class='ocrx_word' id='word_1_273' title='bbox 1701 2025 1773 2109; x_wconf 93' lang='lat' dir='ltr'><strong>fuit,</strong></span> <span class='ocrx_word' id='word_1_274' title='bbox 1790 2037 1822 2091; x_wconf 90' lang='lat' dir='ltr'><strong>et</strong></span> <span class='ocrx_word' id='word_1_275' title='bbox 1842 2030 1984 2093; x_wconf 88' lang='lat' dir='ltr'><strong>ostendit</strong></span> 
     </span>
    </p>

    <p class='ocr_par' dir='ltr' id='par_1_9' title="bbox 1232 2123 1984 2205">
     <span class='ocr_line' id='line_1_43' title="bbox 1232 2123 1984 2205; baseline 0.008 -21"><span class='ocrx_word' id='word_1_276' title='bbox 1232 2123 1301 2184; x_wconf 90' lang='lat' dir='ltr'><strong>illil</strong></span> <span class='ocrx_word' id='word_1_277' title='bbox 1317 2123 1394 2186; x_wconf 88' lang='lat' dir='ltr'><strong>Cum</strong></span> <span class='ocrx_word' id='word_1_278' title='bbox 1410 2142 1473 2205; x_wconf 91' lang='lat' dir='ltr'><strong>quo</strong></span> <span class='ocrx_word' id='word_1_279' title='bbox 1488 2124 1560 2186; x_wconf 90' lang='lat' dir='ltr'><strong>iniit</strong></span> <span class='ocrx_word' id='word_1_280' title='bbox 1581 2125 1763 2205; x_wconf 88' lang='lat' dir='ltr'><strong>consilium,</strong></span> <span class='ocrx_word' id='word_1_281' title='bbox 1780 2135 1812 2189; x_wconf 91' lang='lat' dir='ltr'><strong>et</strong></span> <span class='ocrx_word' id='word_1_282' title='bbox 1831 2128 1984 2191; x_wconf 81' lang='lat' dir='ltr'><strong>instruxit</strong></span> 
     </span>
    </p>

    <p class='ocr_par' dir='ltr' id='par_1_10' title="bbox 1232 2222 2143 2992">
     <span class='ocr_line' id='line_1_44' title="bbox 1232 2222 1984 2307; baseline 0.008 -24"><span class='ocrx_word' id='word_1_283' title='bbox 1232 2240 1316 2302; x_wconf 90' lang='lat' dir='ltr'><strong>eum,</strong></span> <span class='ocrx_word' id='word_1_284' title='bbox 1333 2230 1365 2283; x_wconf 92' lang='lat' dir='ltr'><strong>et</strong></span> <span class='ocrx_word' id='word_1_285' title='bbox 1389 2222 1497 2285; x_wconf 90' lang='lat' dir='ltr'><strong>docuit</strong></span> <span class='ocrx_word' id='word_1_286' title='bbox 1521 2242 1594 2286; x_wconf 89' lang='lat' dir='ltr'><strong>eum</strong></span> <span class='ocrx_word' id='word_1_287' title='bbox 1620 2225 1766 2287; x_wconf 88' lang='lat' dir='ltr'><strong>semitam</strong></span> <span class='ocrx_word' id='word_1_288' title='bbox 1790 2225 1933 2307; x_wconf 76' lang='lat' dir='ltr'><strong>justitia,</strong></span> <span class='ocrx_word' id='word_1_289' title='bbox 1950 2236 1984 2289; x_wconf 87' lang='lat' dir='ltr'><strong>et</strong></span> 
     </span>
     <span class='ocr_line' id='line_1_45' title="bbox 1232 2320 1982 2406; baseline 0.009 -25"><span class='ocrx_word' id='word_1_290' title='bbox 1232 2320 1369 2381; x_wconf 92' lang='lat' dir='ltr'><strong>erudivit</strong></span> <span class='ocrx_word' id='word_1_291' title='bbox 1390 2338 1463 2383; x_wconf 92' lang='lat' dir='ltr'><strong>eum</strong></span> <span class='ocrx_word' id='word_1_292' title='bbox 1483 2321 1626 2402; x_wconf 90' lang='lat' dir='ltr'><strong>scientia,</strong></span> <span class='ocrx_word' id='word_1_293' title='bbox 1643 2331 1675 2385; x_wconf 88' lang='lat' dir='ltr'><strong>at</strong></span> <span class='ocrx_word' id='word_1_294' title='bbox 1693 2324 1779 2386; x_wconf 88' lang='lat' dir='ltr'><strong>viam</strong></span> <span class='ocrx_word' id='word_1_295' title='bbox 1804 2324 1982 2406; x_wconf 75' lang='lat' dir='ltr'><strong>prudentiae</strong></span> 
     </span>
     <span class='ocr_line' id='line_1_46' title="bbox 1232 2417 2104 2502; baseline 0.014 -22"><span class='ocrx_word' id='word_1_296' title='bbox 1232 2418 1371 2481; x_wconf 89' lang='lat' dir='ltr'><strong>ostendit</strong></span> <span class='ocrx_word' id='word_1_297' title='bbox 1383 2417 1448 2480; x_wconf 86' lang='lat' dir='ltr'><strong>illil</strong></span> <span class='ocrx_word' id='word_1_298' title='bbox 1464 2418 1579 2482; x_wconf 90' lang='lat' dir='ltr'><strong>Omnes</strong></span> <span class='ocrx_word' id='word_1_299' title='bbox 1592 2428 1703 2502; x_wconf 89' lang='lat' dir='ltr'><strong>gentes</strong></span> <span class='ocrx_word' id='word_1_300' title='bbox 1717 2422 1808 2502; x_wconf 88' lang='lat' dir='ltr'><strong>quasi</strong></span> <span class='ocrx_word' id='word_1_301' title='bbox 1823 2438 1888 2485; x_wconf 91' lang='lat' dir='ltr'><strong>non</strong></span> <span class='ocrx_word' id='word_1_302' title='bbox 1903 2423 1981 2500; x_wconf 88' lang='lat' dir='ltr'><strong>sint,</strong></span> <span class='ocrx_word' id='word_1_303' title='bbox 1998 2448 2060 2491; x_wconf 69' lang='lat' dir='ltr'><strong>rasa.</strong></span> <span class='ocrx_word' id='word_1_304' title='bbox 2073 2452 2104 2492; x_wconf 73' lang='lat' dir='ltr'><strong>rr.</strong></span> 
     </span>
     <span class='ocr_line' id='line_1_47' title="bbox 1233 2511 2143 2601; baseline 0.009 -24"><span class='ocrx_word' id='word_1_305' title='bbox 1233 2516 1279 2578; x_wconf 88' lang='lat' dir='ltr'><strong>sic</strong></span> <span class='ocrx_word' id='word_1_306' title='bbox 1304 2525 1378 2579; x_wconf 90' lang='lat' dir='ltr'><strong>sunt</strong></span> <span class='ocrx_word' id='word_1_307' title='bbox 1403 2536 1508 2580; x_wconf 89' lang='lat' dir='ltr'><strong>coram</strong></span> <span class='ocrx_word' id='word_1_308' title='bbox 1533 2517 1599 2599; x_wconf 93' lang='lat' dir='ltr'><strong>illo,</strong></span> <span class='ocrx_word' id='word_1_309' title='bbox 1616 2527 1649 2581; x_wconf 92' lang='lat' dir='ltr'><strong>et</strong></span> <span class='ocrx_word' id='word_1_310' title='bbox 1671 2519 1763 2601; x_wconf 89' lang='lat' dir='ltr'><strong>quasi</strong></span> <span class='ocrx_word' id='word_1_311' title='bbox 1787 2519 1925 2583; x_wconf 91' lang='lat' dir='ltr'><strong>nibilum</strong></span> <span class='ocrx_word' id='word_1_312' title='bbox 1951 2530 1984 2583; x_wconf 87' lang='lat' dir='ltr'><strong>et</strong></span> <span class='ocrx_word' id='word_1_313' title='bbox 2142 2511 2143 2528; x_wconf 52' lang='lat'>¹</span> 
     </span>
     <span class='ocr_line' id='line_1_48' title="bbox 1233 2614 2105 2697; baseline 0.007 -22"><span class='ocrx_word' id='word_1_314' title='bbox 1233 2614 1327 2677; x_wconf 88' lang='lat' dir='ltr'><strong>inane</strong></span> <span class='ocrx_word' id='word_1_315' title='bbox 1342 2624 1493 2697; x_wconf 78' lang='lat' dir='ltr'><strong>reputatae</strong></span> <span class='ocrx_word' id='word_1_316' title='bbox 1514 2625 1589 2679; x_wconf 91' lang='lat' dir='ltr'><strong>sunt</strong></span> <span class='ocrx_word' id='word_1_317' title='bbox 1606 2616 1647 2679; x_wconf 90' lang='lat' dir='ltr'><strong>ei.</strong></span> <span class='ocrx_word' id='word_1_318' title='bbox 1664 2616 1722 2691; x_wconf 84' lang='lat' dir='ltr'><strong>Qui</strong></span> <span class='ocrx_word' id='word_1_319' title='bbox 1737 2618 1880 2681; x_wconf 83' lang='lat' dir='ltr'><strong>extendit</strong></span> <span class='ocrx_word' id='word_1_320' title='bbox 1894 2620 1986 2681; x_wconf 89' lang='lat' dir='ltr'><strong>velut</strong></span> <span class='ocrx_word' id='word_1_321' title='bbox 1999 2639 2061 2683; x_wconf 72' lang='lat' dir='ltr'><strong>rsa.</strong></span> <span class='ocrx_word' id='word_1_322' title='bbox 2073 2642 2105 2681; x_wconf 59' lang='grc' dir='ltr'><strong>ε.</strong></span> 
     </span>
     <span class='ocr_line' id='line_1_49' title="bbox 1234 2712 1985 2797; baseline 0.009 -24"><span class='ocrx_word' id='word_1_323' title='bbox 1234 2712 1369 2775; x_wconf 91' lang='lat' dir='ltr'><strong>nihilum</strong></span> <span class='ocrx_word' id='word_1_324' title='bbox 1384 2714 1533 2794; x_wconf 88' lang='lat' dir='ltr'><strong>ooelos,et</strong></span> <span class='ocrx_word' id='word_1_325' title='bbox 1546 2715 1695 2796; x_wconf 85' lang='lat' dir='ltr'><strong>expandit</strong></span> <span class='ocrx_word' id='word_1_326' title='bbox 1708 2734 1763 2779; x_wconf 91' lang='lat' dir='ltr'><strong>eos</strong></span> <span class='ocrx_word' id='word_1_327' title='bbox 1778 2716 1867 2797; x_wconf 90' lang='lat' dir='ltr'><strong>quasi</strong></span> <span class='ocrx_word' id='word_1_328' title='bbox 1883 2717 1985 2780; x_wconf 85' lang='lat' dir='ltr'><strong>tabar-</strong></span> 
     </span>
     <span class='ocr_line' id='line_1_50' title="bbox 1233 2810 2106 2897; baseline 0.01 -26"><span class='ocrx_word' id='word_1_329' title='bbox 1233 2810 1385 2873; x_wconf 90' lang='lat' dir='ltr'><strong>naculum</strong></span> <span class='ocrx_word' id='word_1_330' title='bbox 1409 2811 1448 2874; x_wconf 95' lang='lat' dir='ltr'><strong>ad</strong></span> <span class='ocrx_word' id='word_1_331' title='bbox 1473 2812 1728 2876; x_wconf 84' lang='lat' dir='ltr'><strong>inhabitandum.</strong></span> <span class='ocrx_word' id='word_1_332' title='bbox 1755 2814 1838 2877; x_wconf 85' lang='lat' dir='ltr'><strong>Deus</strong></span> <span class='ocrx_word' id='word_1_333' title='bbox 1866 2816 1986 2897; x_wconf 90' lang='lat' dir='ltr'><strong>sempi·</strong></span> <span class='ocrx_word' id='word_1_334' title='bbox 1999 2838 2061 2880; x_wconf 77' lang='lat' dir='ltr'><strong>rau.</strong></span> <span class='ocrx_word' id='word_1_335' title='bbox 2074 2840 2106 2879; x_wconf 65' lang='lat' dir='ltr'><strong>aa.</strong></span> 
     </span>
     <span class='ocr_line' id='line_1_51' title="bbox 1234 2908 1985 2992; baseline 0.009 -23"><span class='ocrx_word' id='word_1_336' title='bbox 1234 2917 1343 2970; x_wconf 89' lang='lat' dir='ltr'><strong>ternus</strong></span> <span class='ocrx_word' id='word_1_337' title='bbox 1354 2908 1517 2990; x_wconf 88' lang='lat' dir='ltr'><strong>Dominus,</strong></span> <span class='ocrx_word' id='word_1_338' title='bbox 1533 2911 1589 2992; x_wconf 87' lang='lat' dir='ltr'><strong>qui</strong></span> <span class='ocrx_word' id='word_1_339' title='bbox 1604 2911 1725 2973; x_wconf 86' lang='lat' dir='ltr'><strong>creavit</strong></span> <span class='ocrx_word' id='word_1_340' title='bbox 1745 2912 1900 2976; x_wconf 87' lang='lat' dir='ltr'><strong>terminos</strong></span> <span class='ocrx_word' id='word_1_341' title='bbox 1922 2922 1985 2976; x_wconf 87' lang='lat' dir='ltr'><strong>ter-</strong></span> 
     </span>
    </p>
   </div>
   <div class='ocr_carea' id='block_1_8' title="bbox 1194 3004 1986 3092">
    <p class='ocr_par' dir='ltr' id='par_1_11' title="bbox 1194 3004 1986 3092">
     <span class='ocr_line' id='line_1_52' title="bbox 1194 3004 1986 3092; baseline 0.01 -25"><span class='ocrx_word' id='word_1_342' title='bbox 1194 3004 1217 3067; x_wconf 86' lang='lat' dir='ltr'><strong>G</strong></span> <span class='ocrx_word' id='word_1_343' title='bbox 1235 3026 1288 3087; x_wconf 72' lang='lat' dir='ltr'><strong>raa,</strong></span> <span class='ocrx_word' id='word_1_344' title='bbox 1305 3026 1369 3070; x_wconf 93' lang='lat' dir='ltr'><strong>non</strong></span> <span class='ocrx_word' id='word_1_345' title='bbox 1389 3007 1529 3088; x_wconf 88' lang='lat' dir='ltr'><strong>deficiet,</strong></span> <span class='ocrx_word' id='word_1_346' title='bbox 1545 3028 1649 3091; x_wconf 90' lang='lat' dir='ltr'><strong>neque</strong></span> <span class='ocrx_word' id='word_1_347' title='bbox 1669 3009 1836 3092; x_wconf 87' lang='lat' dir='ltr'><strong>laborabit,</strong></span> <span class='ocrx_word' id='word_1_348' title='bbox 1852 3030 1914 3075; x_wconf 84' lang='lat' dir='ltr'><strong>nec</strong></span> <span class='ocrx_word' id='word_1_349' title='bbox 1934 3021 1986 3075; x_wconf 89' lang='lat' dir='ltr'><strong>est</strong></span> 
     </span>
    </p>
   </div>
   <div class='ocr_carea' id='block_1_9' title="bbox 1235 3104 2144 3188">
    <p class='ocr_par' dir='ltr' id='par_1_12' title="bbox 1235 3104 2144 3188">
     <span class='ocr_line' id='line_1_53' title="bbox 1235 3104 2144 3188; baseline 0.008 -23"><span class='ocrx_word' id='word_1_350' title='bbox 1235 3104 1437 3187; x_wconf 89' lang='lat' dir='ltr'><strong>investigatio</strong></span> <span class='ocrx_word' id='word_1_351' title='bbox 1472 3105 1635 3187; x_wconf 79' lang='lat' dir='ltr'><strong>sapientiae</strong></span> <span class='ocrx_word' id='word_1_352' title='bbox 1663 3106 1744 3188; x_wconf 86' lang='lat' dir='ltr'><strong>ejus.</strong></span> <span class='ocrx_word' id='word_1_353' title='bbox 1777 3108 1857 3171; x_wconf 89' lang='lat' dir='ltr'><strong>Vere</strong></span> <span class='ocrx_word' id='word_1_354' title='bbox 1884 3117 1919 3171; x_wconf 88' lang='lat' dir='ltr'><strong>tu</strong></span> <span class='ocrx_word' id='word_1_355' title='bbox 1949 3129 1984 3171; x_wconf 89' lang='lat' dir='ltr'><strong>es</strong></span> <span class='ocrx_word' id='word_1_356' title='bbox 2011 3136 2073 3179; x_wconf 62' lang='lat' dir='ltr'><strong>rae,</strong></span> <span class='ocrx_word' id='word_1_357' title='bbox 2087 3145 2144 3178; x_wconf 50' lang='lat' dir='ltr'><strong>„at</strong></span> 
     </span>
    </p>
   </div>
   <div class='ocr_carea' id='block_1_10' title="bbox 1234 3203 2144 4074">
    <p class='ocr_par' dir='ltr' id='par_1_13' title="bbox 1234 3203 2144 3780">
     <span class='ocr_line' id='line_1_54' title="bbox 1234 3203 2144 3305; baseline 0.007 -41"><span class='ocrx_word' id='word_1_358' title='bbox 1234 3203 1316 3265; x_wconf 87' lang='lat' dir='ltr'><strong>Deus</strong></span> <span class='ocrx_word' id='word_1_359' title='bbox 1335 3204 1550 3284; x_wconf 86' lang='lat' dir='ltr'><strong>absconditus,</strong></span> <span class='ocrx_word' id='word_1_360' title='bbox 1566 3205 1649 3267; x_wconf 87' lang='lat' dir='ltr'><strong>Deus</strong></span> <span class='ocrx_word' id='word_1_361' title='bbox 1669 3205 1775 3268; x_wconf 90' lang='lat' dir='ltr'><strong>lsrael.</strong></span> <span class='ocrx_word' id='word_1_362' title='bbox 1790 3206 1857 3288; x_wconf 89' lang='lat' dir='ltr'><strong>Ego</strong></span> <span class='ocrx_word' id='word_1_363' title='bbox 1878 3207 1986 3271; x_wconf 87' lang='lat' dir='ltr'><strong>Domi·</strong></span> <span class='ocrx_word' id='word_1_364' title='bbox 2001 3203 2070 3305; x_wconf 48' lang='grc' dir='ltr'><strong>’ξω</strong></span> <span class='ocrx_word' id='word_1_365' title='bbox 2087 3276 2122 3303; x_wconf 51' lang='lat' dir='ltr'>U</span> <span class='ocrx_word' id='word_1_366' title='bbox 2143 3211 2144 3282; x_wconf 83' lang='lat' dir='ltr'><strong>l</strong></span> 
     </span>
     <span class='ocr_line' id='line_1_55' title="bbox 1235 3293 2123 3385; baseline 0.009 -24"><span class='ocrx_word' id='word_1_367' title='bbox 1235 3320 1306 3381; x_wconf 90' lang='lat' dir='ltr'><strong>nus,</strong></span> <span class='ocrx_word' id='word_1_368' title='bbox 1322 3301 1381 3364; x_wconf 91' lang='lat' dir='ltr'><strong>boc</strong></span> <span class='ocrx_word' id='word_1_369' title='bbox 1396 3311 1574 3365; x_wconf 88' lang='lat' dir='ltr'><strong>estnomen</strong></span> <span class='ocrx_word' id='word_1_370' title='bbox 1589 3322 1713 3381; x_wconf 81' lang='lat' dir='ltr'><strong>meum,</strong></span> <span class='ocrx_word' id='word_1_371' title='bbox 1729 3304 1863 3385; x_wconf 88' lang='lat' dir='ltr'><strong>gloriam</strong></span> <span class='ocrx_word' id='word_1_372' title='bbox 1877 3324 1984 3368; x_wconf 90' lang='lat' dir='ltr'><strong>meam</strong></span> <span class='ocrx_word' id='word_1_373' title='bbox 1998 3328 2023 3368; x_wconf 86' lang='lat' dir='ltr'><strong>a.</strong></span> <span class='ocrx_word' id='word_1_374' title='bbox 2072 3295 2077 3303; x_wconf 76' lang='grc'><strong>’</strong></span> <span class='ocrx_word' id='word_1_375' title='bbox 2117 3293 2123 3297; x_wconf 53' lang='grc'><strong><em>’</em></strong></span> 
     </span>
     <span class='ocr_line' id='line_1_56' title="bbox 1234 3400 2131 3481; baseline 0.008 -20"><span class='ocrx_word' id='word_1_376' title='bbox 1234 3400 1324 3461; x_wconf 89' lang='lat' dir='ltr'><strong>alteri</strong></span> <span class='ocrx_word' id='word_1_377' title='bbox 1339 3418 1403 3464; x_wconf 94' lang='lat' dir='ltr'><strong>non</strong></span> <span class='ocrx_word' id='word_1_378' title='bbox 1418 3401 1510 3465; x_wconf 89' lang='lat' dir='ltr'><strong>dabo.</strong></span> <span class='ocrx_word' id='word_1_379' title='bbox 1527 3400 1596 3464; x_wconf 85' lang='lat' dir='ltr'><strong>Non</strong></span> <span class='ocrx_word' id='word_1_380' title='bbox 1610 3410 1659 3465; x_wconf 91' lang='lat' dir='ltr'><strong>est</strong></span> <span class='ocrx_word' id='word_1_381' title='bbox 1673 3402 1786 3465; x_wconf 88' lang='lat' dir='ltr'><strong>similis</strong></span> <span class='ocrx_word' id='word_1_382' title='bbox 1805 3404 1867 3467; x_wconf 91' lang='lat' dir='ltr'><strong>mei</strong></span> <span class='ocrx_word' id='word_1_383' title='bbox 1883 3428 1891 3481; x_wconf 88' lang='lat'>;</span> <span class='ocrx_word' id='word_1_384' title='bbox 1907 3422 1987 3467; x_wconf 91' lang='lat' dir='ltr'><strong>con·</strong></span> <span class='ocrx_word' id='word_1_385' title='bbox 1999 3433 2062 3475; x_wconf 64' lang='lat' dir='ltr'><strong>aa,</strong></span> <span class='ocrx_word' id='word_1_386' title='bbox 2078 3445 2131 3478; x_wconf 58' lang='lat' dir='ltr'><strong>m,</strong></span> 
     </span>
     <span class='ocr_line' id='line_1_57' title="bbox 1235 3498 2068 3579; baseline 0.01 -20"><span class='ocrx_word' id='word_1_387' title='bbox 1235 3498 1342 3560; x_wconf 91' lang='lat' dir='ltr'><strong>silium</strong></span> <span class='ocrx_word' id='word_1_388' title='bbox 1373 3519 1480 3562; x_wconf 90' lang='lat' dir='ltr'><strong>meum</strong></span> <span class='ocrx_word' id='word_1_389' title='bbox 1509 3500 1614 3579; x_wconf 88' lang='lat' dir='ltr'><strong>stabit,</strong></span> <span class='ocrx_word' id='word_1_390' title='bbox 1644 3509 1677 3563; x_wconf 89' lang='lat' dir='ltr'><strong>et</strong></span> <span class='ocrx_word' id='word_1_391' title='bbox 1703 3500 1807 3564; x_wconf 92' lang='lat' dir='ltr'><strong>omnis</strong></span> <span class='ocrx_word' id='word_1_392' title='bbox 1835 3503 1984 3566; x_wconf 85' lang='lat' dir='ltr'><strong>voluntas</strong></span> <span class='ocrx_word' id='word_1_393' title='bbox 1999 3499 2024 3545; x_wconf 79' lang='lat'><strong>⁹·</strong></span> <span class='ocrx_word' id='word_1_394' title='bbox 2036 3502 2068 3537; x_wconf 88' lang='lat'><strong>¹⁰·</strong></span> 
     </span>
     <span class='ocr_line' id='line_1_58' title="bbox 1235 3594 2132 3681; baseline 0.009 -25"><span class='ocrx_word' id='word_1_395' title='bbox 1235 3613 1307 3656; x_wconf 91' lang='lat' dir='ltr'><strong>mea</strong></span> <span class='ocrx_word' id='word_1_396' title='bbox 1333 3594 1401 3657; x_wconf 91' lang='lat' dir='ltr'><strong>fiet.</strong></span> <span class='ocrx_word' id='word_1_397' title='bbox 1427 3596 1466 3657; x_wconf 90' lang='lat' dir='ltr'><strong>Et</strong></span> <span class='ocrx_word' id='word_1_398' title='bbox 1493 3615 1590 3678; x_wconf 93' lang='lat' dir='ltr'><strong>nunc,</strong></span> <span class='ocrx_word' id='word_1_399' title='bbox 1617 3597 1749 3661; x_wconf 86' lang='lat' dir='ltr'><strong>Domine</strong></span> <span class='ocrx_word' id='word_1_400' title='bbox 1773 3599 1866 3679; x_wconf 88' lang='lat' dir='ltr'><strong>Deus,</strong></span> <span class='ocrx_word' id='word_1_401' title='bbox 1893 3608 1986 3681; x_wconf 88' lang='lat' dir='ltr'><strong>pater</strong></span> <span class='ocrx_word' id='word_1_402' title='bbox 2010 3632 2132 3675; x_wconf 40' lang='lat' dir='ltr'><strong>stam,</strong></span> 
     </span>
     <span class='ocr_line' id='line_1_59' title="bbox 1236 3696 2026 3780; baseline 0.01 -26"><span class='ocrx_word' id='word_1_403' title='bbox 1236 3702 1390 3757; x_wconf 87' lang='lat' dir='ltr'><strong>nosteros</strong></span> <span class='ocrx_word' id='word_1_404' title='bbox 1405 3703 1455 3771; x_wconf 88' lang='lat' dir='ltr'><strong>tu;</strong></span> <span class='ocrx_word' id='word_1_405' title='bbox 1471 3714 1529 3759; x_wconf 92' lang='lat' dir='ltr'><strong>nos</strong></span> <span class='ocrx_word' id='word_1_406' title='bbox 1544 3715 1619 3759; x_wconf 88' lang='lat' dir='ltr'><strong>vero</strong></span> <span class='ocrx_word' id='word_1_407' title='bbox 1634 3696 1748 3775; x_wconf 90' lang='lat' dir='ltr'><strong>lutum,</strong></span> <span class='ocrx_word' id='word_1_408' title='bbox 1762 3706 1795 3759; x_wconf 91' lang='lat' dir='ltr'><strong>et</strong></span> <span class='ocrx_word' id='word_1_409' title='bbox 1807 3716 1904 3780; x_wconf 88' lang='lat' dir='ltr'><strong>opera</strong></span> <span class='ocrx_word' id='word_1_410' title='bbox 1917 3719 1986 3762; x_wconf 89' lang='lat' dir='ltr'><strong>ma·</strong></span> <span class='ocrx_word' id='word_1_411' title='bbox 2000 3697 2026 3737; x_wconf 80' lang='lat'><strong>⁸·</strong></span> 
     </span>
    </p>

    <p class='ocr_par' dir='ltr' id='par_1_14' title="bbox 1235 3795 2122 3975">
     <span class='ocr_line' id='line_1_60' title="bbox 1235 3795 2122 3879; baseline 0.009 -26"><span class='ocrx_word' id='word_1_412' title='bbox 1235 3812 1335 3854; x_wconf 90' lang='lat' dir='ltr'><strong>nuum</strong></span> <span class='ocrx_word' id='word_1_413' title='bbox 1347 3803 1472 3856; x_wconf 90' lang='lat' dir='ltr'><strong>tuarum</strong></span> <span class='ocrx_word' id='word_1_414' title='bbox 1484 3813 1595 3858; x_wconf 92' lang='lat' dir='ltr'><strong>omnes</strong></span> <span class='ocrx_word' id='word_1_415' title='bbox 1607 3795 1765 3859; x_wconf 82' lang='lat' dir='ltr'><strong>nosEoce</strong></span> <span class='ocrx_word' id='word_1_416' title='bbox 1777 3804 1812 3858; x_wconf 91' lang='lat' dir='ltr'><strong>tu</strong></span> <span class='ocrx_word' id='word_1_417' title='bbox 1824 3796 1923 3859; x_wconf 88' lang='lat' dir='ltr'><strong>iratus</strong></span> <span class='ocrx_word' id='word_1_418' title='bbox 1936 3816 1982 3879; x_wconf 88' lang='lat' dir='ltr'><strong>es,</strong></span> <span class='ocrx_word' id='word_1_419' title='bbox 2000 3829 2122 3875; x_wconf 43' lang='lat' dir='ltr'><strong>1454ss</strong></span> 
     </span>
     <span class='ocr_line' id='line_1_61' title="bbox 1235 3891 1985 3975; baseline 0.008 -22"><span class='ocrx_word' id='word_1_420' title='bbox 1235 3900 1267 3953; x_wconf 92' lang='lat' dir='ltr'><strong>et</strong></span> <span class='ocrx_word' id='word_1_421' title='bbox 1280 3891 1483 3973; x_wconf 89' lang='lat' dir='ltr'><strong>peccavimus</strong></span> <span class='ocrx_word' id='word_1_422' title='bbox 1496 3914 1504 3969; x_wconf 80' lang='lat'><em>3</em></span> <span class='ocrx_word' id='word_1_423' title='bbox 1520 3892 1610 3974; x_wconf 89' lang='lat' dir='ltr'><strong>quasi</strong></span> <span class='ocrx_word' id='word_1_424' title='bbox 1634 3912 1759 3975; x_wconf 91' lang='lat' dir='ltr'><strong>pannus</strong></span> <span class='ocrx_word' id='word_1_425' title='bbox 1780 3902 1985 3958; x_wconf 70' lang='lat' dir='ltr'><strong>menstruata</strong></span> 
     </span>
    </p>

    <p class='ocr_par' dir='ltr' id='par_1_15' title="bbox 1234 3989 2098 4074">
     <span class='ocr_line' id='line_1_62' title="bbox 1234 3989 2098 4074; baseline 0.007 -19"><span class='ocrx_word' id='word_1_426' title='bbox 1234 4009 1346 4055; x_wconf 90' lang='lat' dir='ltr'><strong>omnes</strong></span> <span class='ocrx_word' id='word_1_427' title='bbox 1369 3989 1499 4070; x_wconf 75' lang='lat' dir='ltr'><strong>justitie</strong></span> <span class='ocrx_word' id='word_1_428' title='bbox 1523 3999 1649 4054; x_wconf 74' lang='lat' dir='ltr'><strong>nostrae.</strong></span> <span class='ocrx_word' id='word_1_429' title='bbox 1676 3990 1720 4054; x_wconf 86' lang='lat' dir='ltr'><strong>Ne</strong></span> <span class='ocrx_word' id='word_1_430' title='bbox 1746 3992 1904 4074; x_wconf 88' lang='lat' dir='ltr'><strong>irascaris,</strong></span> <span class='ocrx_word' id='word_1_431' title='bbox 1924 3994 1986 4057; x_wconf 67' lang='lat' dir='ltr'><strong>Dc</strong></span> <span class='ocrx_word' id='word_1_432' title='bbox 2000 4020 2098 4063; x_wconf 71' lang='lat' dir='ltr'><strong>rema.</strong></span> 
     </span>
    </p>
   </div>
   <div class='ocr_carea' id='block_1_11' title="bbox 1235 4087 1984 4171">
    <p class='ocr_par' dir='ltr' id='par_1_16' title="bbox 1235 4087 1984 4171">
     <span class='ocr_line' id='line_1_63' title="bbox 1235 4087 1984 4171; baseline 0.005 -21"><span class='ocrx_word' id='word_1_433' title='bbox 1235 4088 1333 4168; x_wconf 90' lang='lat' dir='ltr'><strong>mine,</strong></span> <span class='ocrx_word' id='word_1_434' title='bbox 1369 4106 1429 4150; x_wconf 88' lang='lat' dir='ltr'><strong>nec</strong></span> <span class='ocrx_word' id='word_1_435' title='bbox 1467 4087 1551 4150; x_wconf 89' lang='lat' dir='ltr'><strong>ultra</strong></span> <span class='ocrx_word' id='word_1_436' title='bbox 1584 4090 1769 4152; x_wconf 88' lang='lat' dir='ltr'><strong>memineris</strong></span> <span class='ocrx_word' id='word_1_437' title='bbox 1804 4090 1984 4171; x_wconf 85' lang='lat' dir='ltr'><strong>iniquitatis</strong></span> 
     </span>
    </p>
   </div>
   <div class='ocr_carea' id='block_1_12' title="bbox 472 4180 1360 4265">
    <p class='ocr_par' dir='ltr' id='par_1_17' title="bbox 472 4180 1360 4265">
     <span class='ocr_line' id='line_1_64' title="bbox 472 4180 1360 4265; baseline -0.002 -14"><span class='ocrx_word' id='word_1_438' title='bbox 472 4210 505 4265; x_wconf 72' lang='lat' dir='ltr'><strong>sp.</strong></span> <span class='ocrx_word' id='word_1_439' title='bbox 528 4188 717 4251; x_wconf 88' lang='lat' dir='ltr'><strong>Benedictus</strong></span> <span class='ocrx_word' id='word_1_440' title='bbox 742 4184 783 4248; x_wconf 86' lang='lat' dir='ltr'><strong>sit</strong></span> <span class='ocrx_word' id='word_1_441' title='bbox 806 4185 888 4247; x_wconf 88' lang='lat' dir='ltr'><strong>Deus</strong></span> <span class='ocrx_word' id='word_1_442' title='bbox 912 4184 1012 4264; x_wconf 91' lang='lat' dir='ltr'><strong>Pater,</strong></span> <span class='ocrx_word' id='word_1_443' title='bbox 1039 4180 1183 4264; x_wconf 89' lang='lat' dir='ltr'><strong>unigeni·</strong></span> <span class='ocrx_word' id='word_1_444' title='bbox 1197 4180 1222 4241; x_wconf 87' lang='lat' dir='ltr'>D</span> <span class='ocrx_word' id='word_1_445' title='bbox 1236 4194 1360 4250; x_wconf 82' lang='lat' dir='ltr'><strong>nostrae.</strong></span> 
     </span>
    </p>
   </div>
   <div class='ocr_carea' id='block_1_13' title="bbox 432 4278 1183 4467">
    <p class='ocr_par' dir='ltr' id='par_1_18' title="bbox 432 4278 1183 4467">
     <span class='ocr_line' id='line_1_65' title="bbox 432 4278 1183 4370; baseline -0.013 -19"><span class='ocrx_word' id='word_1_446' title='bbox 432 4296 546 4370; x_wconf 87' lang='lat' dir='ltr'><strong>tusque</strong></span> <span class='ocrx_word' id='word_1_447' title='bbox 565 4284 621 4349; x_wconf 86' lang='lat' dir='ltr'><strong>Dei</strong></span> <span class='ocrx_word' id='word_1_448' title='bbox 645 4284 755 4365; x_wconf 80' lang='lat' dir='ltr'><strong>llilius,</strong></span> <span class='ocrx_word' id='word_1_449' title='bbox 781 4283 914 4346; x_wconf 91' lang='lat' dir='ltr'><strong>Sanctus</strong></span> <span class='ocrx_word' id='word_1_450' title='bbox 933 4299 1059 4364; x_wconf 90' lang='lat' dir='ltr'><strong>quoque</strong></span> <span class='ocrx_word' id='word_1_451' title='bbox 1085 4278 1183 4361; x_wconf 90' lang='lat' dir='ltr'><strong>Spiri-</strong></span> 
     </span>
     <span class='ocr_line' id='line_1_66' title="bbox 432 4378 1181 4467; baseline -0.013 -16"><span class='ocrx_word' id='word_1_452' title='bbox 432 4396 483 4451; x_wconf 90' lang='lat' dir='ltr'><strong>tus</strong></span> <span class='ocrx_word' id='word_1_453' title='bbox 501 4410 507 4449; x_wconf 94' lang='lat'><strong>:</strong></span> <span class='ocrx_word' id='word_1_454' title='bbox 524 4384 636 4467; x_wconf 81' lang='lat' dir='ltr'><strong>†Quia</strong></span> <span class='ocrx_word' id='word_1_455' title='bbox 650 4382 727 4447; x_wconf 87' lang='lat' dir='ltr'><strong>fecit</strong></span> <span class='ocrx_word' id='word_1_456' title='bbox 741 4382 908 4446; x_wconf 90' lang='lat' dir='ltr'><strong>uobiscum</strong></span> <span class='ocrx_word' id='word_1_457' title='bbox 930 4378 1181 4443; x_wconf 88' lang='lat' dir='ltr'><strong>misericordiam</strong></span> 
     </span>
    </p>
   </div>
   <div class='ocr_carea' id='block_1_14' title="bbox 287 4482 1182 4667">
    <p class='ocr_par' dir='ltr' id='par_1_19' title="bbox 287 4482 1182 4667">
     <span class='ocr_line' id='line_1_67' title="bbox 434 4482 689 4565; baseline -0.016 -16"><span class='ocrx_word' id='word_1_458' title='bbox 434 4505 535 4565; x_wconf 86' lang='lat' dir='ltr'><strong>suam,</strong></span> <span class='ocrx_word' id='word_1_459' title='bbox 551 4482 689 4547; x_wconf 89' lang='lat' dir='ltr'><strong>alleluia.</strong></span> 
     </span>
     <span class='ocr_line' id='line_1_68' title="bbox 287 4576 1182 4667; baseline -0.018 -14"><span class='ocrx_word' id='word_1_460' title='bbox 287 4614 418 4667; x_wconf 53' lang='lat' dir='ltr'><strong>rma,</strong></span> <span class='ocrx_word' id='word_1_461' title='bbox 472 4596 504 4648; x_wconf 79' lang='lat' dir='ltr'><strong>v.</strong></span> <span class='ocrx_word' id='word_1_462' title='bbox 531 4581 752 4647; x_wconf 90' lang='lat' dir='ltr'><strong>Benedicimus</strong></span> <span class='ocrx_word' id='word_1_463' title='bbox 781 4580 881 4642; x_wconf 89' lang='lat' dir='ltr'><strong>Deum</strong></span> <span class='ocrx_word' id='word_1_464' title='bbox 906 4576 991 4658; x_wconf 91' lang='lat' dir='ltr'><strong>coeli,</strong></span> <span class='ocrx_word' id='word_1_465' title='bbox 1018 4584 1182 4639; x_wconf 85' lang='lat' dir='ltr'><strong>alcoram</strong></span> 
     </span>
    </p>
   </div>
   <div class='ocr_carea' id='block_1_15' title="bbox 1275 4284 1686 4464">
    <p class='ocr_par' dir='ltr' id='par_1_20' title="bbox 1275 4284 1686 4464">
     <span class='ocr_line' id='line_1_69' title="bbox 1276 4284 1683 4365; baseline 0 -18"><span class='ocrx_word' id='word_1_466' title='bbox 1276 4296 1307 4348; x_wconf 82' lang='lat' dir='ltr'><strong>v.</strong></span> <span class='ocrx_word' id='word_1_467' title='bbox 1325 4284 1468 4364; x_wconf 88' lang='lat' dir='ltr'><strong>Domine,</strong></span> <span class='ocrx_word' id='word_1_468' title='bbox 1484 4284 1608 4365; x_wconf 85' lang='lat' dir='ltr'><strong>exaudi,</strong></span> <span class='ocrx_word' id='word_1_469' title='bbox 1625 4296 1683 4347; x_wconf 90' lang='lat' dir='ltr'><strong>etc.</strong></span> 
     </span>
     <span class='ocr_line' id='line_1_70' title="bbox 1275 4384 1686 4464; baseline 0 -17"><span class='ocrx_word' id='word_1_470' title='bbox 1275 4404 1308 4459; x_wconf 77' lang='lat' dir='ltr'><strong>n.</strong></span> <span class='ocrx_word' id='word_1_471' title='bbox 1324 4384 1363 4447; x_wconf 90' lang='lat' dir='ltr'><strong>Et</strong></span> <span class='ocrx_word' id='word_1_472' title='bbox 1376 4384 1496 4447; x_wconf 87' lang='lat' dir='ltr'><strong>clamor</strong></span> <span class='ocrx_word' id='word_1_473' title='bbox 1509 4402 1611 4464; x_wconf 88' lang='lat' dir='ltr'><strong>meus,</strong></span> <span class='ocrx_word' id='word_1_474' title='bbox 1626 4395 1686 4447; x_wconf 86' lang='lat' dir='ltr'><strong>etc.</strong></span> 
     </span>
    </p>
   </div>
   <div class='ocr_carea' id='block_1_16' title="bbox 1276 4482 1989 4654">
    <p class='ocr_par' dir='ltr' id='par_1_21' title="bbox 1276 4482 1989 4654">
     <span class='ocr_line' id='line_1_71' title="bbox 1576 4501 1676 4545; baseline 0.01 -1"><span class='ocrx_word' id='word_1_475' title='bbox 1576 4501 1650 4544; x_wconf 92' lang='lat' dir='ltr'><strong>emu</strong></span> <span class='ocrx_word' id='word_1_476' title='bbox 1668 4531 1676 4545; x_wconf 89' lang='lat'><strong>.</strong></span> 
     </span>
     <span class='ocr_line' id='line_1_72' title="bbox 1276 4482 1989 4654; baseline 0.004 -21"><span class='ocrx_word' id='word_1_477' title='bbox 1276 4571 1412 4635; x_wconf 87' lang='lat' dir='ltr'><strong>Trinitas</strong></span> <span class='ocrx_word' id='word_1_478' title='bbox 1427 4482 1617 4654; x_wconf 63' lang='lat' dir='ltr'><strong>supcrbbbm</strong></span> <span class='ocrx_word' id='word_1_479' title='bbox 1634 4504 1821 4635; x_wconf 70' lang='lat' dir='ltr'><strong>nsaturaliter</strong></span> <span class='ocrx_word' id='word_1_480' title='bbox 1841 4573 1937 4653; x_wconf 89' lang='lat' dir='ltr'><strong>bona,</strong></span> <span class='ocrx_word' id='word_1_481' title='bbox 1954 4582 1989 4637; x_wconf 84' lang='lat' dir='ltr'><strong>et</strong></span> 
     </span>
    </p>
   </div>
   <div class='ocr_carea' id='block_1_17' title="bbox 433 4669 1990 4852">
    <p class='ocr_par' dir='ltr' id='par_1_22' title="bbox 433 4669 1990 4852">
     <span class='ocr_line' id='line_1_73' title="bbox 433 4669 1989 4752; baseline -0.01 -4"><span class='ocrx_word' id='word_1_482' title='bbox 433 4682 581 4748; x_wconf 90' lang='lat' dir='ltr'><strong>omnibus</strong></span> <span class='ocrx_word' id='word_1_483' title='bbox 600 4679 782 4745; x_wconf 89' lang='lat' dir='ltr'><strong>viventibus</strong></span> <span class='ocrx_word' id='word_1_484' title='bbox 801 4676 1029 4742; x_wconf 89' lang='lat' dir='ltr'><strong>confitebimur</strong></span> <span class='ocrx_word' id='word_1_485' title='bbox 1047 4674 1087 4738; x_wconf 90' lang='lat' dir='ltr'><strong>ei.</strong></span> <span class='ocrx_word' id='word_1_486' title='bbox 1104 4674 1183 4749; x_wconf 84' lang='lat' dir='ltr'><strong>Quia</strong></span> <span class='ocrx_word' id='word_1_487' title='bbox 1236 4669 1360 4733; x_wconf 86' lang='lat' dir='ltr'><strong>bonitas</strong></span> <span class='ocrx_word' id='word_1_488' title='bbox 1374 4689 1465 4752; x_wconf 90' lang='lat' dir='ltr'><strong>pura,</strong></span> <span class='ocrx_word' id='word_1_489' title='bbox 1481 4669 1705 4751; x_wconf 88' lang='lat' dir='ltr'><strong>supersapiens</strong></span> <span class='ocrx_word' id='word_1_490' title='bbox 1718 4679 1751 4733; x_wconf 90' lang='lat' dir='ltr'><strong>et</strong></span> <span class='ocrx_word' id='word_1_491' title='bbox 1764 4670 1849 4734; x_wconf 90' lang='lat' dir='ltr'><strong>bona</strong></span> <span class='ocrx_word' id='word_1_492' title='bbox 1867 4690 1905 4734; x_wconf 92' lang='lat' dir='ltr'><strong>ac</strong></span> <span class='ocrx_word' id='word_1_493' title='bbox 1927 4672 1989 4734; x_wconf 88' lang='lat' dir='ltr'><strong>im-</strong></span> 
     </span>
     <span class='ocr_line' id='line_1_74' title="bbox 433 4767 1990 4852; baseline -0.009 -5"><span class='ocrx_word' id='word_1_494' title='bbox 433 4781 520 4846; x_wconf 86' lang='lat' dir='ltr'><strong>fecit.</strong></span> <span class='ocrx_word' id='word_1_495' title='bbox 1236 4768 1474 4852; x_wconf 84' lang='lat' dir='ltr'><strong>perscrutabilis</strong></span> <span class='ocrx_word' id='word_1_496' title='bbox 1492 4768 1658 4850; x_wconf 90' lang='lat' dir='ltr'><strong>sapientia,</strong></span> <span class='ocrx_word' id='word_1_497' title='bbox 1680 4767 1713 4829; x_wconf 95' lang='lat' dir='ltr'><strong>in</strong></span> <span class='ocrx_word' id='word_1_498' title='bbox 1738 4778 1869 4850; x_wconf 88' lang='lat' dir='ltr'><strong>quaest</strong></span> <span class='ocrx_word' id='word_1_499' title='bbox 1890 4769 1990 4852; x_wconf 88' lang='lat' dir='ltr'><strong>plena</strong></span> 
     </span>
    </p>
   </div>
   <div class='ocr_carea' id='block_1_18' title="bbox 473 4864 1992 4948">
    <p class='ocr_par' dir='ltr' id='par_1_23' title="bbox 473 4864 1992 4948">
     <span class='ocr_line' id='line_1_75' title="bbox 473 4864 1992 4948; baseline -0.009 -3"><span class='ocrx_word' id='word_1_500' title='bbox 473 4893 505 4945; x_wconf 78' lang='lat' dir='ltr'><strong>v.</strong></span> <span class='ocrx_word' id='word_1_501' title='bbox 521 4880 626 4944; x_wconf 83' lang='lat' dir='ltr'><strong>Gloria</strong></span> <span class='ocrx_word' id='word_1_502' title='bbox 640 4876 733 4941; x_wconf 89' lang='lat' dir='ltr'><strong>Patri.</strong></span> <span class='ocrx_word' id='word_1_503' title='bbox 752 4874 898 4937; x_wconf 81' lang='lat' dir='ltr'><strong>Alleluia.</strong></span> <span class='ocrx_word' id='word_1_504' title='bbox 1236 4866 1430 4946; x_wconf 89' lang='lat' dir='ltr'><strong>communio,</strong></span> <span class='ocrx_word' id='word_1_505' title='bbox 1447 4866 1684 4948; x_wconf 88' lang='lat' dir='ltr'><strong>superjucunda</strong></span> <span class='ocrx_word' id='word_1_506' title='bbox 1698 4864 1831 4931; x_wconf 89' lang='lat' dir='ltr'><strong>diffusio</strong></span> <span class='ocrx_word' id='word_1_507' title='bbox 1849 4875 1882 4930; x_wconf 89' lang='lat' dir='ltr'><strong>et</strong></span> <span class='ocrx_word' id='word_1_508' title='bbox 1901 4868 1992 4931; x_wconf 93' lang='lat' dir='ltr'><strong>inse-</strong></span> 
     </span>
    </p>
   </div>
   <div class='ocr_carea' id='block_1_19' title="bbox 473 4963 1990 5052">
    <p class='ocr_par' dir='ltr' id='par_1_24' title="bbox 473 4963 1990 5052">
     <span class='ocr_line' id='line_1_76' title="bbox 473 4963 1990 5052; baseline -0.009 -9"><span class='ocrx_word' id='word_1_509' title='bbox 473 4991 505 5043; x_wconf 83' lang='lat' dir='ltr'><strong>v.</strong></span> <span class='ocrx_word' id='word_1_510' title='bbox 531 4980 566 5041; x_wconf 95' lang='lat' dir='ltr'><strong>ln</strong></span> <span class='ocrx_word' id='word_1_511' title='bbox 590 4978 650 5040; x_wconf 91' lang='lat' dir='ltr'><strong>bac</strong></span> <span class='ocrx_word' id='word_1_512' title='bbox 676 4982 785 5038; x_wconf 90' lang='lat' dir='ltr'><strong>sancta</strong></span> <span class='ocrx_word' id='word_1_513' title='bbox 809 4971 960 5034; x_wconf 83' lang='lat' dir='ltr'><strong>Trinitate</strong></span> <span class='ocrx_word' id='word_1_514' title='bbox 984 4969 1064 5032; x_wconf 90' lang='lat' dir='ltr'><strong>nibil</strong></span> <span class='ocrx_word' id='word_1_515' title='bbox 1094 4969 1181 5052; x_wconf 92' lang='lat' dir='ltr'><strong>prius</strong></span> <span class='ocrx_word' id='word_1_516' title='bbox 1235 4963 1545 5048; x_wconf 88' lang='lat' dir='ltr'><strong>gregabilisunio,in</strong></span> <span class='ocrx_word' id='word_1_517' title='bbox 1560 4983 1623 5045; x_wconf 90' lang='lat' dir='ltr'><strong>qua</strong></span> <span class='ocrx_word' id='word_1_518' title='bbox 1637 4983 1671 5026; x_wconf 89' lang='lat' dir='ltr'><strong>se</strong></span> <span class='ocrx_word' id='word_1_519' title='bbox 1685 4963 1868 5027; x_wconf 80' lang='lat' dir='ltr'><strong>Paterrssio</strong></span> <span class='ocrx_word' id='word_1_520' title='bbox 1883 4972 1990 5029; x_wconf 90' lang='lat' dir='ltr'><strong>totum</strong></span> 
     </span>
    </p>
   </div>
   <div class='ocr_carea' id='block_1_20' title="bbox 434 5062 1993 5353">
    <p class='ocr_par' dir='ltr' id='par_1_25' title="bbox 434 5062 1993 5353">
     <span class='ocr_line' id='line_1_77' title="bbox 434 5062 1988 5161; baseline -0.009 -19"><span class='ocrx_word' id='word_1_521' title='bbox 434 5086 488 5142; x_wconf 87' lang='lat' dir='ltr'><strong>aut</strong></span> <span class='ocrx_word' id='word_1_522' title='bbox 501 5076 670 5161; x_wconf 89' lang='lat' dir='ltr'><strong>posterius,</strong></span> <span class='ocrx_word' id='word_1_523' title='bbox 687 5072 767 5135; x_wconf 90' lang='lat' dir='ltr'><strong>nihil</strong></span> <span class='ocrx_word' id='word_1_524' title='bbox 783 5070 887 5152; x_wconf 86' lang='lat' dir='ltr'><strong>majus</strong></span> <span class='ocrx_word' id='word_1_525' title='bbox 903 5068 1088 5131; x_wconf 89' lang='lat' dir='ltr'><strong>autminus.</strong></span> <span class='ocrx_word' id='word_1_526' title='bbox 1236 5062 1460 5144; x_wconf 90' lang='lat' dir='ltr'><strong>communicat,</strong></span> <span class='ocrx_word' id='word_1_527' title='bbox 1476 5063 1566 5124; x_wconf 89' lang='lat' dir='ltr'><strong>Pater</strong></span> <span class='ocrx_word' id='word_1_528' title='bbox 1579 5080 1705 5144; x_wconf 88' lang='lat' dir='ltr'><strong>quoque</strong></span> <span class='ocrx_word' id='word_1_529' title='bbox 1719 5070 1753 5125; x_wconf 89' lang='lat' dir='ltr'><strong>et</strong></span> <span class='ocrx_word' id='word_1_530' title='bbox 1765 5062 1864 5124; x_wconf 83' lang='lat' dir='ltr'><strong>Filius</strong></span> <span class='ocrx_word' id='word_1_531' title='bbox 1887 5072 1988 5127; x_wconf 88' lang='lat' dir='ltr'><strong>totam</strong></span> 
     </span>
     <span class='ocr_line' id='line_1_78' title="bbox 473 5159 1992 5253; baseline -0.011 -13"><span class='ocrx_word' id='word_1_532' title='bbox 473 5196 506 5253; x_wconf 80' lang='lat' dir='ltr'><strong>n.</strong></span> <span class='ocrx_word' id='word_1_533' title='bbox 523 5176 584 5239; x_wconf 89' lang='lat' dir='ltr'><strong>Sed</strong></span> <span class='ocrx_word' id='word_1_534' title='bbox 599 5181 672 5238; x_wconf 82' lang='lat' dir='ltr'><strong>totae</strong></span> <span class='ocrx_word' id='word_1_535' title='bbox 691 5180 755 5234; x_wconf 87' lang='lat' dir='ltr'><strong>tres</strong></span> <span class='ocrx_word' id='word_1_536' title='bbox 775 5170 919 5233; x_wconf 76' lang='lat' dir='ltr'><strong>Persona</strong></span> <span class='ocrx_word' id='word_1_537' title='bbox 938 5174 1101 5230; x_wconf 81' lang='lat' dir='ltr'><strong>coaeterna</strong></span> <span class='ocrx_word' id='word_1_538' title='bbox 1120 5164 1181 5229; x_wconf 93' lang='lat' dir='ltr'><strong>sibi</strong></span> <span class='ocrx_word' id='word_1_539' title='bbox 1236 5182 1326 5226; x_wconf 90' lang='lat' dir='ltr'><strong>suam</strong></span> <span class='ocrx_word' id='word_1_540' title='bbox 1340 5161 1489 5224; x_wconf 89' lang='lat' dir='ltr'><strong>deitatem</strong></span> <span class='ocrx_word' id='word_1_541' title='bbox 1509 5168 1540 5223; x_wconf 91' lang='lat' dir='ltr'><strong>et</strong></span> <span class='ocrx_word' id='word_1_542' title='bbox 1559 5160 1663 5223; x_wconf 90' lang='lat' dir='ltr'><strong>lucem</strong></span> <span class='ocrx_word' id='word_1_543' title='bbox 1682 5160 1716 5221; x_wconf 92' lang='lat' dir='ltr'><strong>in</strong></span> <span class='ocrx_word' id='word_1_544' title='bbox 1734 5159 1889 5242; x_wconf 90' lang='lat' dir='ltr'><strong>Spiritum</strong></span> <span class='ocrx_word' id='word_1_545' title='bbox 1909 5162 1992 5225; x_wconf 89' lang='lat' dir='ltr'><strong>San-</strong></span> 
     </span>
     <span class='ocr_line' id='line_1_79' title="bbox 434 5257 1993 5353; baseline -0.008 -14"><span class='ocrx_word' id='word_1_546' title='bbox 434 5283 553 5339; x_wconf 87' lang='lat' dir='ltr'><strong>suntet</strong></span> <span class='ocrx_word' id='word_1_547' title='bbox 567 5270 753 5353; x_wconf 76' lang='lat' dir='ltr'><strong>coequales.</strong></span> <span class='ocrx_word' id='word_1_548' title='bbox 1236 5270 1323 5325; x_wconf 88' lang='lat' dir='ltr'><strong>ctum</strong></span> <span class='ocrx_word' id='word_1_549' title='bbox 1338 5258 1538 5323; x_wconf 90' lang='lat' dir='ltr'><strong>confundunt</strong></span> <span class='ocrx_word' id='word_1_550' title='bbox 1554 5282 1561 5319; x_wconf 92' lang='lat'>:</span> <span class='ocrx_word' id='word_1_551' title='bbox 1577 5257 1834 5321; x_wconf 88' lang='lat' dir='ltr'><strong>munificentiam</strong></span> <span class='ocrx_word' id='word_1_552' title='bbox 1849 5268 1912 5325; x_wconf 85' lang='lat' dir='ltr'><strong>tuae</strong></span> <span class='ocrx_word' id='word_1_553' title='bbox 1930 5261 1993 5327; x_wconf 88' lang='lat' dir='ltr'><strong>bo-</strong></span> 
     </span>
    </p>
   </div>
   <div class='ocr_carea' id='block_1_21' title="bbox 0 0 2169 6259">
    <p class='ocr_par' dir='ltr' id='par_1_26' title="bbox 0 0 2169 6259">
     <span class='ocr_line' id='line_1_80' title="bbox 0 0 2169 6259; baseline 0 0"><span class='ocrx_word' id='word_1_554' title='bbox 0 0 2169 6259; x_wconf 95' lang='lat' dir='ltr'><strong> </strong></span> 
     </span>
    </p>
   </div>
  </div>
 </body>
</html>
