4309 6259
440 468 502 533 528
655 482 696 530 na
716 482 874 529 rxncomo
895 480 933 527 αν
953 476 1119 525 oremrara
1140 475 1256 534 unuin,
1279 475 1368 523 aman
1388 478 1420 523 νν.
1442 496 1485 507 -
1504 477 1574 525 aar.
1597 478 1673 537 xxn,
1690 478 1773 526 -xxm

437 674 473 718 sa
487 662 573 735 sunt,
589 654 694 717 denuo
712 650 869 726 intendas,
885 647 1045 713 elucescet
1059 646 1105 726 (ni
1128 644 1186 708 lal-
1201 644 1226 707 Α
1243 664 1349 709 sorore
1370 648 1409 709 de
1433 647 1502 729 ipse
1523 656 1737 729 conquerente
1756 649 1980 734 Dominamque

437 753 499 831 lor)
514 751 594 813 nihil
609 752 704 814 modo
717 743 1186 832 praetectumsplcndidissimo
1242 743 1463 826 interpellante
1489 746 1558 828 ipsa
1585 747 1685 810 averti
1715 748 1845 826 valeret,
1868 759 1980 831 quanto

437 851 508 932 ejus
532 849 640 912 animo
664 846 835 910 obscurum
858 844 1066 926 ignotumque
1094 840 1187 903 exsti·
1241 841 1379 923 amplius
1398 851 1506 906 sancta
1525 852 1557 906 et
1574 844 1835 927 incomparabilis
1854 847 1906 911 illa
1921 868 1980 909 ma-

372 978 422 1008 .v1.
437 949 524 1011 tisse.
546 948 801 1009 Demonstratum
825 949 875 1004 est
894 940 1054 1021 equidem,
1075 938 1103 1000 si
1127 937 1185 999 rite
1241 938 1326 1002 xime
1339 940 1456 1002 blarial
1471 942 1542 1023 lpsa
1561 942 1679 1025 quippe
1698 944 1851 1025 optimam
1866 954 1979 1025 partem
1991 970 2073 1015 aecae
2113 960 2114 1007 t

437 1045 582 1123 memini,
607 1043 692 1125 quod
716 1040 893 1103 eminenter
916 1038 949 1099 in
977 1036 1102 1099 Christo
1128 1052 1185 1097 suo
1242 1038 1528 1117 superexcellenter
1551 1040 1658 1122 elegit,
1685 1041 1805 1123 unique
1833 1042 1879 1105 illi
1902 1044 1980 1125 quod

436 1144 506 1208 filio
526 1144 680 1206 unitatem
703 1156 846 1221 persone
864 1135 1113 1215 dualitatemque
1132 1152 1186 1194 na·
1241 1137 1456 1199 necessarium
1471 1138 1666 1219 perhibetur,
1684 1139 1925 1205 inavertibiliter
1938 1142 1980 1204 in-

436 1251 515 1305 turae
533 1244 736 1322 cognoverat,
751 1236 822 1317 ejus
841 1252 967 1315 quoque
985 1231 1184 1294 divinitatem
1242 1233 1333 1296 hesit
1350 1258 1357 1296 :
1375 1254 1433 1299 neo
1448 1236 1534 1299 enim
1550 1236 1636 1299 eirca
1651 1238 1750 1300 multa
1762 1238 1907 1321 sollicite,
1922 1240 1980 1304 dis-

436 1338 651 1421 centemplata
664 1334 771 1397 fuerit.
789 1332 942 1413 Denique,
958 1329 1017 1393 etsi
1035 1329 1104 1411 ipse
1119 1346 1183 1391 non
1243 1338 1344 1395 tracta
1364 1352 1512 1415 sparsere
1532 1334 1647 1398 fuerat.

436 1456 563 1520 semper
593 1432 784 1510 interfuerit,
815 1449 875 1494 neo
908 1436 1023 1492 cuncte
1050 1426 1186 1489 audierit

436 1556 506 1618 quae
527 1535 622 1598 modo
643 1533 779 1613 allegata
803 1536 889 1606 sunt,
909 1546 948 1590 eo
972 1527 1085 1589 saltem
1107 1533 1185 1587 tem-

436 1653 514 1716 porc
547 1650 611 1714 quo
646 1628 821 1693 secundum
848 1622 1012 1706 Evangelii
1041 1630 1185 1687 tenorem
1412 1596 1657 1663 ARTICULUS
1688 1599 1817 1666 XXIII.

436 1753 455 1796 α
482 1733 606 1796 christo
638 1730 723 1793 dieta
756 1734 831 1789 sunl
856 1724 1014 1807 (quaedtffl
1047 1740 1186 1802 namque
1282 1742 1423 1819 Objeotio
1441 1762 1482 1801 ee
1503 1745 1597 1803 verbo
1611 1747 1708 1806 Lucre
1731 1750 1944 1825 evanyelfstoe,

435 1829 595 1913 Apostolis
615 1845 757 1892 seorsum
777 1833 871 1906 atque
892 1830 964 1905 post
985 1838 1110 1884 coenam
1130 1822 1227 1885 rio-B
1471 1833 1606 1912 ejusque
1629 1838 1756 1897 solutio,

435 1928 599 1992 vissimum
626 1926 744 1989 dixisse
769 1921 984 1999 describitur),
1010 1919 1112 2005 blariae
1137 1918 1185 1979 ni-

435 2027 503 2090 hilo
524 2026 631 2088 minus
650 2043 688 2087 ea
708 2021 918 2086 constabant:
934 2018 1010 2100 quia
1031 2024 1086 2078 aut
1107 2016 1184 2079 alias
1304 2016 1413 2095 ORRO,
1436 2018 1463 2080 si
1485 2017 1557 2099 quis
1581 2018 1677 2083 instet
1697 2020 1845 2105 dicatque
1865 2048 1872 2086 :
1892 2026 1981 2089 idulta

436 2123 475 2186 ab
494 2143 549 2188 ore
567 2121 727 2203 Unigeniti
749 2120 797 2182 sui
817 2137 856 2181 ea
873 2116 1006 2195 audivit,
1026 2123 1081 2178 aut
1100 2122 1184 2177 certe
1317 2115 1447 2195 quidem
1466 2115 1533 2197 jam
1556 2118 1596 2181 de
1618 2119 1775 2200 sapientia
1795 2122 1980 2205 ingenioque

436 2223 563 2284 interna
582 2218 790 2301 inspiratione
810 2215 933 2280 didicit.
1240 2213 1343 2279 Μανία
1367 2216 1503 2279 deducte
1525 2224 1610 2295 sunt,
1633 2218 1688 2281 sed
1714 2238 1779 2283 non
1798 2222 1921 2286 videtur
1939 2224 1979 2285 eis

1242 2320 1475 2375 consentaneus
1496 2333 1601 2378 sermo
1622 2316 1775 2381 veritatis.
1791 2318 1925 2399 Etenim,
1940 2320 1979 2382 uti

1242 2410 1333 2473 Lucae
1360 2411 1561 2493 evangelium
1590 2413 1697 2493 refert,
1728 2416 1806 2479 dum
1834 2418 1927 2482 llario
1952 2427 1981 2483 et
1990 2450 2082 2496 maa

617 2488 862 2554 ARTIGULUS
890 2487 1002 2551 XXII·
1241 2509 1356 2590 loseph
1370 2510 1476 2573 lesum
1490 2510 1557 2591 jam
1578 2511 1747 2577 duodecim
1766 2516 1867 2579 aetatis
1886 2518 2051 2581 annosffl·

437 2640 542 2706 Quam
569 2638 666 2697 aeide
697 2638 861 2696 decentem
885 2635 1185 2711 praedicantemque
1241 2608 1399 2718 ⁵⁰IIII¹¹¹¹J²
1426 2606 1459 2669 5¹¹
1487 2609 1607 2720 templo
1634 2610 1676 2721 In·
1691 2613 1798 2676 medii)
1822 2614 1980 2679 d⁰⁰l⁰fflffl

475 2728 601 2787 Filium
626 2727 722 2802 Virpo
742 2727 852 2785 Mater
871 2724 1015 2793 audivit,
1030 2730 1128 2801 atque
1147 2723 1185 2781 in
1241 2714 1480 2787 ⁰⁰¹¹¹P0I¹⁸S⁴9¹¹I2
1497 2726 1627 2789 ¹P⁸³II¹¹⁰
1647 2709 1791 2790 Ρῑῑῧὸἰῦῑίι
1808 2712 1905 2795 III8⁰
1922 2734 1981 2776 ¹¹¹⁸·

477 2817 529 2874 his
549 2834 648 2894 quem
668 2815 872 2874 veloementer
885 2813 1039 2889 profecit.
1241 2810 1332 2866 terne
1345 2801 1518 2868 allectione
1538 2804 1680 2887 dixisset,
1696 2807 1769 2887 Fili,
1785 2810 1865 2891 quid
1882 2812 1980 2875 fecisti
1991 2833 2065 2879 imo.

1241 2900 1332 2964 nobis
1347 2900 1414 2963 sict
1430 2920 1504 2965 ecce
1518 2921 1577 2984 ego
1592 2912 1624 2967 et
1645 2914 1734 2987 pater
1751 2914 1826 2971 tuus
1845 2909 1981 2973 dolentes

288 3020 423 3075 imm,
513 3005 563 3065 Ul
572 3022 613 3062 ec
627 3005 692 3063 Deo
710 3010 769 3071 est,
786 3002 882 3062 verba
897 3001 960 3061 Dei
977 3001 1083 3060 audit.
1099 2998 1186 3062 Ideo
1204 2999 1460 3081 unaerebamus
1473 3006 1520 3079 te,
1537 3020 1609 3065 mox
1624 3002 1671 3065 eis
1688 3002 1755 3084 ipse
1770 3007 1979 3088 respondens:

288 3086 324 3127 ⁴⁷·
440 3000 596 3200 Oque,
618 3118 681 3181 quo
700 3097 930 3180 gratiosissima
947 3097 1186 3179 gracillimaque
1240 3097 1320 3172 Quid
1335 3105 1383 3161 est
1396 3098 1527 3179 (inquit)
1541 3101 1627 3181 quod
1642 3120 1693 3163 me
1707 3104 1916 3184 querebatis!
1930 3104 1982 3169 Ne
1992 3126 2067 3171 asae.
2112 3164 2113 3175 ,

437 3197 534 3279 Virgo
556 3198 619 3261 Deo
644 3198 748 3261 carior
770 3205 865 3278 atque
889 3196 1035 3275 similior,
1056 3196 1187 3278 propin·
1241 3196 1389 3259 sciebatis
1404 3196 1480 3278 quia
1494 3197 1527 3259 in
1543 3198 1593 3261 bis
1611 3217 1681 3280 que
1699 3200 1799 3263 Patris
1819 3203 1883 3265 mei
1903 3213 1979 3283 sunt,
2112 3186 2113 3209 ¹

436 3298 531 3378 quior
551 3295 691 3378 itemque
712 3294 902 3359 familiarior
919 3294 1048 3373 exstitit,
1065 3312 1103 3357 eo
1125 3295 1186 3356 uti·
1240 3302 1364 3375 oportet
1385 3313 1436 3356 me
1457 3298 1550 3357 esset
1565 3296 1604 3358 Et
1624 3298 1733 3361 subdit
1752 3298 1953 3383 Evangeliste
1973 3325 1979 3363 :

435 3416 498 3478 que
523 3414 687 3459 sermones
711 3394 781 3475 ejus
805 3393 931 3456 avidius
955 3392 1089 3471 audivit,
1115 3392 1186 3454 dili·
1239 3393 1279 3454 At
1301 3392 1348 3454 illi
1372 3411 1437 3456 uon
1467 3391 1700 3458 intellexerunt.
1726 3397 1847 3479 ltaque,
1872 3401 1900 3463 si
1927 3400 2072 3465 boerias.

435 3494 561 3576 gentius
577 3492 802 3572 consideravit,
821 3491 1026 3572 tenaciusque
1040 3490 1182 3553 retinuit.
1239 3492 1372 3554 verbum
1400 3509 1464 3555 non
1494 3490 1651 3556 intellexit
1677 3494 1785 3576 Maria,
1810 3515 1876 3560 non
1902 3498 1982 3561 vide

434 3592 589 3675 Denique,
624 3592 650 3655 si
683 3610 721 3653 ea
753 3590 904 3651 universa
935 3607 1006 3669 quae
1038 3586 1077 3649 ab
1112 3587 1184 3651 aliis
1239 3588 1325 3651 bitur
1349 3596 1435 3651 tante
1458 3588 1557 3671 ipsius
1578 3589 1678 3653 luisse
1702 3594 1858 3675 sapientia
1878 3614 1983 3679 quem-

434 3690 598 3772 (angelum
625 3697 720 3771 atque
753 3694 907 3769 pastores,
937 3685 1118 3747 Simeonem
1153 3692 1185 3747 et
1239 3687 1409 3750 admodum
1430 3688 1626 3769 praeinducte
1646 3690 1825 3756 adstruunt.

435 3789 571 3867 Annarn,
595 3786 776 3850 Zachariam
802 3793 834 3848 et
857 3784 933 3846 item
956 3782 1116 3845 Elisabeth
1140 3783 1185 3845 lo
1277 3786 1365 3849 Hanc
1387 3786 1582 3849 machinanti
1597 3787 1793 3871 instantiam,
1809 3792 1859 3856 sic
1880 3792 1983 3856 scisci-

435 3889 528 3969 quor)
547 3888 587 3949 de
606 3886 676 3967 ipso
696 3903 753 3947 suo
778 3881 1093 3965 superamantissimo
1115 3881 1185 3943 uni·
1239 3891 1309 3946 tans
1324 3885 1500 3966 respondeo
1517 3908 1524 3945 :
1541 3884 1622 3958 Quid
1636 3887 1745 3969 utique
1759 3888 1792 3950 in
1809 3890 1859 3953 his
1874 3891 1983 3955 Christi

286 3985 371 4037 xm,
388 3989 420 4039 ¹⁹·
436 4003 536 4066 coque
561 3984 634 4046 lesu
658 3982 790 4061 audivit,
816 3981 849 4043 in
875 3980 969 4043 eorde
994 3997 1052 4042 suo
1077 3978 1186 4043 oonfe·
1240 3982 1344 4045 verbis
1359 3982 1486 4045 bleriem
1505 4001 1570 4045 non
1590 3982 1785 4049 intellexisse
1804 3988 1983 4052 existimast

287 4053 322 4094 ⁵¹‘
435 4084 534 4146 rendo
559 4082 698 4146 servavit
724 4104 731 4143 ε
758 4078 1004 4161 quantomagis
1032 4077 1105 4139 Filii
1135 4078 1184 4140 sui
1240 4082 1287 4141 dn
1316 4079 1348 4143 id
1376 4080 1461 4162 quod
1489 4088 1612 4163 patrem
1640 4102 1733 4145 suum
1756 4085 1857 4148 Deum
1886 4088 1984 4169 signa-

434 4180 542 4258 verba,
559 4198 654 4261 quem
677 4186 808 4244 noverat
828 4176 959 4240 unicmn
981 4196 1018 4240 eo
1036 4177 1184 4239 aeternale
1200 4179 1225 4241 D
1240 4178 1337 4241 veritl
1354 4178 1403 4241 vel
1418 4180 1503 4259 quod
1517 4179 1665 4243 nescierit
1679 4182 1829 4263 quoniam
1845 4185 1984 4268 inopere

434 4279 490 4342 Dei
513 4278 612 4341 Patris
634 4277 773 4341 Verbum
794 4276 957 4355 exsistere,
968 4275 1184 4357 ,sagacissimo
1240 4277 1294 4339 Dei
1320 4296 1393 4341 eum
1418 4276 1574 4341 intentum
1599 4298 1669 4343 esse
1692 4286 1877 4363 oporterett
1896 4303 1936 4346 an
1955 4284 1984 4345 id

435 4375 731 4456 studiosissimoque
750 4374 915 4437 intellectu
936 4372 1091 4436 revolvitt
1107 4374 1185 4436 Pre-
1239 4374 1357 4457 potius,
1372 4375 1457 4457 quod
1478 4375 1609 4439 modum
1630 4396 1694 4458 quo
1715 4378 1748 4441 in
1769 4378 1821 4443 his
1841 4399 1914 4463 quen
1933 4381 1983 4444 liei

434 4484 531 4557 terea,
562 4474 680 4537 nedum
716 4473 880 4551 dilectum,
911 4472 966 4535 sed
999 4472 1039 4533 de
1067 4466 1184 4535 dilecto
1240 4483 1314 4536 sunt
1337 4473 1442 4555 ipsum
1462 4494 1532 4537 esse
1553 4485 1724 4557 oporteret,
1745 4478 1815 4562 ipsa
1838 4480 1982 4558 nescirit,

434 4593 560 4656 quoque
588 4573 751 4655 paulisper
773 4571 893 4651 audire,
920 4569 1109 4633 delectabile
1133 4590 1185 4633 ex·
1239 4580 1350 4655 utputa
1377 4574 1461 4653 quod
1489 4574 1543 4636 tali
1570 4583 1713 4658 tempore
1741 4586 1796 4640 eut
1823 4579 1909 4659 loco,
1933 4580 1983 4642 liei

434 4679 496 4735 stet
520 4672 650 4737 amanti.
677 4672 794 4753 ltaque,
820 4688 884 4753 quo
912 4668 1028 4731 Filium
1053 4669 1184 4752 loquen-
1239 4671 1337 4733 Patris
1361 4672 1474 4735 honori
1497 4672 1648 4756 operique
1674 4679 1822 4739 vacarett
1847 4678 1984 4741 Primum

435 4780 499 4834 tem
513 4772 609 4834 blaten
622 4771 812 4853 dignissima
832 4770 959 4853 plonius
974 4769 1075 4850 novit,
1092 4778 1184 4833 aestu-
1234 4760 1352 4833 ¹horum
1377 4768 1441 4832 dici
1465 4789 1484 4832 α
1506 4769 1685 4836 Christiano
1709 4772 1799 4836 nefas
1818 4782 1871 4838 est
1891 4800 1898 4838 ε
1921 4778 1985 4859 ipsa

434 4868 603 4949 antiusque
626 4870 748 4948 dilexit,
771 4887 810 4931 eo
830 4868 939 4949 utique
964 4868 1063 4949 ipsius
1085 4867 1183 4931 verbo
1239 4887 1354 4950 nempe
1382 4868 1499 4931 nedum
1529 4868 1637 4948 scivit,
1663 4870 1740 4952 quin
1764 4872 1864 4935 etiam
1893 4883 1926 4937 et
1947 4873 1984 4955 (si

434 4967 611 5043 intendere,
627 4986 765 5050 eumque
780 4968 962 5048 loquentem
982 4966 1103 5046 audire,
1120 4967 1182 5050 ipsi
1238 4966 1283 5028 sic
1312 4965 1372 5028 fari
1400 4964 1448 5029 fas
1476 4968 1537 5047 est)
1566 4968 1666 5031 sensit
1693 4988 1767 5035 eum
1790 4971 1848 5034 oei
1874 4973 1984 5036 Filium

434 5063 619 5130 deliciosius
634 5064 734 5127 fuisse
748 5066 853 5147 palam
868 5072 926 5127 est.
943 5064 1031 5139 Quod
1045 5065 1072 5127 si
1088 5066 1182 5128 Μανία
1238 5083 1318 5128 esse.
1334 5064 1467 5127 Demum
1482 5084 1552 5129 eam
1567 5084 1632 5129 non
1646 5068 1748 5147 latuit,
1765 5069 1888 5133 divinis
1907 5090 1986 5135 sem-

284 5210 344 5254 Μ
355 5223 377 5263 ι,
387 5212 422 5262 υ,
435 5162 501 5241 ἰΙΙα,
518 5163 574 5226 ille
587 5162 747 5245 peccatrix
761 5170 793 5225 et
806 5162 933 5240 ancille,
950 5162 997 5226 sic
1013 5164 1183 5227 vehemeu-
1238 5182 1295 5246 per
1309 5162 1466 5226 intentum
1482 5182 1551 5227 esse
1566 5164 1681 5228 debere
1695 5166 1812 5230 Filium
1829 5192 1836 5229 ε
1851 5169 1984 5252 ideoque

284 5275 321 5320 u.
436 5270 484 5326 ter
503 5261 601 5325 verbo
624 5261 739 5324 Christi
764 5261 886 5325 intenta
909 5261 1038 5341 exstitit,
1062 5270 1098 5325 ut
1121 5281 1180 5326 nec
1238 5280 1298 5326 nec
1326 5263 1501 5326 secundum
1529 5262 1594 5325 dici
1623 5264 1706 5328 licet.
1736 5266 1880 5331 Tertium
1914 5286 1985 5335 vexo
