4309 6259
389 466 451 532 232
676 489 717 537 na
736 488 828 537 noms
847 490 983 536 ειιιιιιε
1003 489 1123 545 sanari,
1145 488 1320 537 rnncrarrs
1341 491 1381 537 ιι.
1404 511 1445 521 -
1464 492 1591 541 anmuo
1611 493 1646 539 m

388 661 497 724 dentia
511 662 654 743 procedit
667 681 727 744 per
739 661 878 724 rationes
890 661 972 742 juris
989 660 1175 739 hnmani,A
1192 660 1278 723 Unde
1303 661 1472 725 consilium
1496 662 1579 725 istud
1603 681 1667 728 non
1691 671 1740 726 εει
1763 663 1805 725 de
1829 658 1941 737 dubio,

388 768 421 822 ει
444 760 547 822 tendit
569 762 609 823 ad
633 760 734 823 finem
761 761 931 839 honestum
959 760 1135 823 secuudum
1190 760 1246 821 sed
1268 761 1369 843 magis
1383 762 1423 825 de
1438 762 1548 839 arduo,
1564 762 1604 823 ad
1622 763 1708 843 quod
1729 769 1861 844 propter
1878 759 1945 822 dif-

388 866 505 921 statuta
519 858 682 921 civitatum
697 867 729 922 ct
744 858 991 940 plebiscita3sed
1005 858 1137 920 scientia
1190 857 1365 921 licultatcm
1394 878 1458 923 nou
1487 879 1599 923 omncs
1628 868 1788 937 tenentur,
1816 859 1877 921 nisi
1907 859 1943 920 in

388 974 447 1037 per
465 958 603 1019 rationes
621 958 758 1035 divinas,
773 964 806 1018 ει
829 957 869 1018 ad
894 966 1035 1019 sanctam
1061 974 1137 1019 con·
1190 976 1277 1019 casu.
1293 958 1367 1020 Ideo
1381 958 1461 1020 dixit
1475 957 1654 1039 GregoriuS,
1667 960 1751 1039 quod
1767 956 1944 1021 consilium

388 1055 599 1117 versationem
614 1056 890 1118 commendantem
905 1074 940 1117 sc
955 1055 1136 1118 adomnem
1190 1056 1283 1117 datur
1311 1064 1421 1119 contra
1449 1056 1734 1138 praecipitationem
1761 1081 1769 1118 :
1802 1056 1878 1137 quia
1908 1055 1942 1117 in

387 1151 555 1214 hominum
579 1153 806 1216 conscientiam
833 1176 842 1213 z
869 1152 977 1234 sicque
1002 1152 1136 1214 intendit
1190 1154 1290 1217 arduo
1310 1152 1440 1216 difficili
1462 1154 1668 1235 precipitatio
1687 1154 1791 1236 magis
1812 1152 1944 1215 insidia-

389 1258 534 1312 sauctum
550 1252 764 1332 potiusquam
779 1250 1054 1313 honestum.Unde
1068 1269 1136 1331 pro
1192 1258 1263 1330 tur,
1280 1252 1351 1313 ideo
1370 1251 1550 1313 necessaria
1565 1252 1607 1314 ibi
1622 1262 1671 1314 est
1685 1250 1838 1334 specialis
1858 1251 1943 1313 dire·

390 1348 478 1429 prius
510 1348 660 1431 solusque
692 1349 907 1411 substantialis
937 1357 1028 1411 actus
1060 1349 1134 1411 doni
1192 1348 1255 1413 ctio
1269 1348 1404 1431 Spiritus
1418 1349 1537 1412 Sancti.
1554 1350 1641 1413 Unde
1663 1349 1834 1413 consilium
1856 1348 1941 1411 istud

392 1446 542 1526 scientim,
557 1456 607 1509 est
620 1466 730 1529 regere
744 1448 777 1508 iu
792 1448 941 1529 operibus
962 1447 1136 1510 sanctitatis
1191 1465 1255 1511 non
1275 1455 1323 1509 cst
1342 1447 1428 1510 circa
1445 1447 1563 1525 omnia,
1581 1448 1635 1510 sed
1654 1448 1739 1511 circa
1759 1468 1799 1510 ea
1818 1447 1851 1509 in
1870 1446 1943 1528 qui-

393 1545 426 1608 in
451 1546 556 1609 medio
573 1546 709 1609 nationis
728 1565 832 1627 prava
852 1554 948 1626 atquc
967 1565 1134 1628 perversae.
1192 1545 1251 1607 bus
1265 1545 1442 1627 indigemus
1458 1545 1588 1626 speciali
1601 1546 1713 1609 divino
1729 1546 1853 1609 lumine
1868 1545 1943 1607 diri-

391 1643 492 1707 (leteri
507 1663 582 1708 vero
596 1653 686 1707 actus
706 1645 777 1727 ejus
798 1645 1014 1707 attribuuntur
1030 1645 1061 1707 ei
1079 1664 1138 1727 per
1191 1652 1296 1724 gente.
1313 1643 1358 1705 Er
1379 1644 1560 1725 praehabitis
1578 1652 1664 1726 patet
1687 1644 1759 1725 quis
1783 1643 1827 1705 sit
1850 1652 1941 1705 actus

389 1742 559 1823 quamdam
574 1742 874 1824 appropriationem.
1192 1742 1327 1821 consilii,
1343 1743 1503 1823 quomodo
1517 1741 1629 1804 differt
1643 1744 1763 1805 donum
1779 1742 1907 1805 consilii
1922 1762 1943 1803 a

428 1838 547 1901 Deinde
564 1838 726 1919 quaeritur,
742 1840 817 1920 quid
833 1840 875 1901 sit
893 1840 1012 1902 donum
1033 1843 1137 1900 consi-
1154 1837 1178 1900 B
1192 1840 1276 1903 dono
1298 1840 1449 1903 scientim.

387 1940 441 2007 tii,
455 1944 488 1999 ct
506 1956 547 1999 an
566 1936 628 2000 fuit
647 1938 681 1999 iu
700 1937 833 2001 Christo.
853 1938 892 2000 Et
910 1938 1034 2001 videtur
1050 1940 1136 2019 quod
1231 1939 1394 2016 Praeterea,
1410 1939 1529 2001 donum
1543 1940 1760 2015 fortitudinia
1776 1938 1943 2021 potissime

387 2052 452 2095 non
469 2056 476 2094 :
493 2034 578 2115 quia,
602 2034 778 2096 secundum
799 2035 1040 2112 Damascenum,
1062 2054 1138 2097 con-
1192 2036 1320 2117 respicit
1347 2037 1492 2116 arduum,
1523 2037 1608 2099 circa
1635 2036 1731 2117 quod,
1764 2037 1942 2099 secundum

388 2130 494 2193 silium
522 2140 571 2193 est
598 2132 783 2213 ignorantis,
814 2140 909 2214 atque
934 2133 974 2194 de
1008 2132 1135 2209 dubiis;
1193 2133 1351 2217 prodicta,
1381 2142 1526 2197 versatur
1559 2134 1737 2211 consilium,
1774 2134 1862 2215 quod
1893 2142 1943 2197 εει

387 2230 529 2291 Christus
543 2237 649 2291 autem
665 2229 842 2291 nullius-rei
857 2230 917 2291 fuit
931 2230 1061 2311 ignarus
1083 2240 1138 2293 aut
1193 2232 1384 2295 fortitudinis
1399 2231 1596 2296 directirum.
1614 2232 1755 2312 Suntque
1775 2234 1861 2295 dona
1875 2232 1942 2295 haec

388 2328 514 2390 dubius.
539 2327 628 2405 llam,
656 2328 832 2389 secuudum
860 2326 1055 2409 Gregorium,
1082 2331 1138 2393 do-
1192 2329 1277 2392 circa
1300 2330 1445 2392 eamdem
1474 2330 1638 2393 materiam
1668 2354 1677 2391 ι
1708 2330 1879 2393 consilium
1907 2338 1943 2392 ut

388 2444 467 2487 num
501 2425 624 2488 consilii
657 2425 751 2487 datur
779 2434 890 2488 contra
919 2427 1137 2507 praecipitatio
1191 2428 1341 2509 dirigens,
1367 2427 1519 2491 fortitudo
1547 2436 1581 2490 nt
1609 2446 1795 2509 exsequens.
1827 2426 1942 2490 Differt

388 2542 464 2585 ucm
481 2546 489 2584 ι
505 2542 576 2604 qua
596 2523 630 2585 in
649 2523 772 2586 Christo
795 2541 860 2586 non
884 2523 994 2586 habuit
1016 2524 1134 2604 locum,
1191 2534 1296 2588 autem
1326 2524 1477 2589 fortitudo
1501 2533 1535 2587 ut
1560 2525 1679 2589 donum
1708 2544 1727 2588 a
1755 2524 1941 2588 fortitudine

387 2638 464 2701 ergo
478 2639 582 2701 neque
597 2620 720 2684 consilii
734 2621 866 2683 donum.
878 2656 920 2666 —
933 2620 1138 2701 Responden-
1190 2632 1323 2704 quaeest
1337 2624 1436 2685 tirtus
1453 2646 1460 2683 :
1476 2623 1626 2704 quoniam
1646 2622 1798 2687 fortitudo
1820 2624 1941 2686 donum

386 2719 475 2799 dum,
500 2719 586 2800 quod
615 2718 782 2782 consilium
810 2718 980 2800 dupliciter
1006 2719 1135 2798 dicitur,
1191 2728 1240 2783 est
1262 2722 1347 2783 circa
1370 2722 1505 2783 arduum
1529 2728 1561 2783 et
1581 2720 1727 2800 difficile,
1752 2720 1942 2784 abstrahens

387 2817 561 2879 scilicet:a
581 2817 676 2879 dante
698 2816 878 2894 consilium,
895 2816 927 2877 in
949 2834 1013 2897 quo
1034 2817 1137 2898 signat
1192 2838 1210 2881 a
1229 2818 1390 2881 communi
1411 2820 1651 2881 conversatione
1669 2818 1810 2880 humana
1828 2827 1861 2881 ει
1879 2820 1944 2882 cle

387 2915 617 2997 plenitudinem
633 2915 762 2978 luminis
780 2915 946 2997 dirigentis
965 2916 1000 2977 ιιι
1021 2914 1136 2996 ignotis
1192 2936 1271 2978 vans
1298 2934 1395 2998 super
1418 2916 1517 2995 illam,
1543 2934 1642 2997 quum
1668 2916 1710 2978 sit
1731 2917 1819 2980 circa
1845 2935 1944 2999 opera

387 3033 425 3076 ac
439 3014 565 3091 dubiis3
581 3022 612 3076 ει
627 3014 673 3076 sic
689 3014 750 3075 fuit
769 3013 803 3075 in
823 3013 957 3091 Christo,
973 3022 1083 3094 estque
1103 3012 1174 3076 inC
1193 3014 1504 3095 supererogationis3
1539 3014 1691 3077 fortitudo
1727 3022 1834 3077 autem
1871 3032 1944 3094 qua

387 3112 469 3187 lle03
486 3120 518 3173 ct
533 3112 708 3173 secundum
722 3112 805 3173 hanc
820 3112 1044 3193 proprietatem
1058 3110 1138 3173 dici·
1193 3122 1241 3175 est
1260 3112 1372 3191 virtus,
1389 3131 1453 3175 non
1473 3121 1596 3175 tanturn
1620 3120 1668 3175 est
1694 3112 1780 3176 circa
1803 3112 1868 3175 illa.
1884 3112 1946 3176 lte-

389 3217 441 3271 tur
469 3210 599 3272 donum.
630 3209 749 3271 Dicitur
776 3228 902 3290 quoque
930 3228 949 3270 a
976 3217 1137 3289 quaerente
1193 3230 1275 3289 rtrm,
1293 3211 1444 3275 fortitudo
1459 3211 1579 3273 donum
1601 3210 1634 3273 in
1656 3210 1818 3293 operando
1832 3230 1945 3294 proce-

390 3307 580 3386 consilium;
596 3314 628 3369 et
649 3306 694 3368 ita
716 3315 765 3369 cst
787 3307 961 3388 ignorantis
985 3327 1022 3369 ac
1046 3307 1138 3369 dubi·
1192 3309 1238 3372 dit
1261 3329 1299 3372 ex
1322 3308 1391 3372 aliis
1418 3317 1451 3371 et
1476 3308 1643 3372 altioribus
1669 3308 1794 3387 mediis,
1822 3308 1944 3372 scilicet

390 3406 496 3483 tantis,
525 3425 585 3469 nec
619 3405 769 3468 convenit
802 3406 878 3483 Deo,
908 3425 968 3468 nec
1002 3406 1135 3467 Christo.
1193 3408 1367 3469 rationibus
1391 3427 1428 3471 ex
1457 3407 1566 3470 divino
1589 3408 1661 3489 jure
1685 3408 1826 3489 acceptis
1852 3408 1944 3489 juxta

388 3503 476 3578 Quod
491 3512 596 3566 autem
610 3503 726 3567 dicitur
743 3504 811 3566 dari
831 3512 942 3566 contra
963 3502 1138 3584 praecipita-
1192 3506 1398 3569 directionem
1427 3505 1502 3568 doni
1532 3505 1675 3583 consilii3
1706 3505 1860 3569 fortitudo
1886 3525 1943 3569 au·

387 3602 519 3681 tionem,
535 3610 583 3664 est
597 3604 682 3666 dono
703 3601 777 3664 huic
792 3601 999 3680 accidentale,
1016 3609 1047 3662 et
1062 3618 1138 3662 ccu—
1193 3613 1256 3666 tem
1272 3623 1341 3685 quac
1356 3611 1404 3667 est
1419 3604 1529 3681 virtus,
1545 3604 1687 3685 procedit
1707 3622 1746 3665 cx
1767 3603 1943 3666 rationibus

387 3700 477 3763 venit
504 3700 534 3763 ei
563 3701 683 3763 ratione
712 3706 811 3762 status
841 3718 897 3762 scu
925 3697 1137 3781 corruptionis
1190 3702 1273 3782 juris
1287 3701 1431 3781 humani,
1448 3710 1482 3763 ut
1495 3702 1570 3782 quia
1591 3702 1717 3783 expedit
1739 3701 1783 3763 rei
1805 3702 1943 3783 publicae

388 3799 438 3861 sui
466 3799 614 3881 subjecti,
644 3799 766 3862 scilicet
798 3797 936 3861 hominis
963 3797 1075 3859 infecti
1106 3804 1138 3858 et
1193 3799 1242 3862 vel
1263 3800 1335 3881 paci
1354 3798 1507 3879 temporis
1524 3799 1642 3879 hujus3
1659 3807 1714 3861 aut
1731 3798 1844 3862 saltem
1870 3818 1944 3881 pro

389 3897 580 3961 infructuosi
603 3921 610 3958 :
632 3898 677 3961 sic
698 3916 773 3961 vero
793 3915 859 3959 nou
880 3896 963 3958 inest
984 3895 1086 3958 Beatis
1106 3903 1138 3957 ει
1194 3898 1276 3959 cedit
1291 3917 1329 3959 ex
1344 3897 1518 3959 rationibus
1533 3896 1764 3978 pertinentibus
1777 3897 1818 3959 ad
1832 3917 1944 3961 neces-

389 3996 524 4059 Christo.
540 3995 594 4057 Est
607 4014 683 4076 ergo
698 3996 816 4057 donum
832 3993 968 4071 consilii,
992 4014 1048 4055 scu
1063 4012 1138 4056 con·
1193 3996 1316 4058 sitatcm
1342 3995 1463 4072 salutiS,
1480 4004 1514 4057 ut
1537 3996 1597 4057 hoc
1622 3994 1680 4058 liat
1703 3994 1753 4058 vel
1778 3994 1941 4077 toleretur,

391 4093 498 4157 silium
514 4102 549 4155 ut
563 4102 610 4155 est
625 4094 756 4169 donum,
773 4092 880 4155 lumen
897 4091 1138 4172 supernaturale
1192 4094 1267 4175 quia
1295 4094 1387 4156 aliter
1413 4093 1589 4156 mortaliter
1616 4112 1750 4176 peccare
1778 4102 1811 4157 ct
1838 4094 1944 4175 perire

390 4191 545 4269 infusum,
561 4190 702 4271 dirigens
716 4191 749 4252 iu
763 4190 887 4272 magnis
903 4210 959 4251 seu
974 4190 1092 4267 arduis,
1105 4190 1136 4250 in
1152 4194 1177 4255 D
1194 4193 1402 4274 contingeret.
1419 4192 1516 4254 Actus
1535 4209 1661 4273 quoque
1685 4192 1760 4255 doni
1786 4191 1945 4255 fortitudi-

391 4289 506 4372 quibus
520 4308 585 4353 non
600 4287 723 4350 sufficit
737 4288 833 4350 homo
848 4288 916 4350 sine
933 4286 1062 4369 speciali
1083 4307 1138 4349 au·
1193 4292 1243 4353 nis
1257 4291 1289 4352 in
1306 4290 1417 4372 patria,
1434 4290 1494 4352 erit
1507 4308 1632 4353 summo
1654 4290 1737 4352 bono
1758 4289 1944 4354 firmissime

391 4387 467 4450 xilio
484 4410 492 4448 :
510 4396 544 4450 ut
565 4388 703 4451 vendere
723 4387 829 4449 omnia
848 4395 880 4448 et
898 4386 974 4448 darc
993 4386 1140 4467 pauperi·
1193 4388 1352 4451 adhaerere
1379 4412 1386 4448 ι
1409 4387 1494 4468 quod
1518 4387 1593 4449 linis
1616 4396 1665 4449 est
1687 4388 1791 4450 omnis
1815 4408 1942 4470 pugna.

392 4487 463 4565 bna,
479 4495 511 4549 et
526 4486 708 4567 hujusmodi
723 4504 793 4566 quaa
814 4486 847 4547 in
868 4484 1030 4565 Scriptura
1048 4503 1139 4546 sacra
1194 4487 1280 4549 Unde
1295 4485 1563 4566 quemadmodum
1579 4484 1671 4548 militi
1693 4486 1748 4567 qui
1769 4485 1943 4550 fortissime

392 4593 546 4648 vocantur
566 4584 710 4648 consilia.
727 4583 848 4646 'fullius
868 4583 1005 4663 denique
1027 4582 1059 4643 in
1082 4602 1138 4644 sua
1193 4584 1365 4669 dimicavit,
1382 4584 1421 4645 ad
1436 4582 1660 4665 imperatorem
1676 4584 1830 4661 redeunti,
1853 4604 1945 4647 anua

391 4683 561 4747 Rhetorica
574 4682 688 4746 definit
701 4682 881 4759 consilium,
892 4682 977 4762 quod
992 4682 1033 4743 sit
1046 4700 1139 4744 exeo
1194 4702 1257 4745 non
1273 4682 1471 4758 auferuntur,
1489 4676 1553 4745 non
1568 4690 1603 4744 ut
1622 4682 1665 4743 ibi
1684 4689 1815 4763 pugnet,
1832 4683 1887 4745 scd
1907 4691 1944 4746 ut

391 4879 535 4942 definitio
554 4879 678 4942 consilii
699 4878 889 4959 generaliter
909 4878 1027 4959 sumpti
1045 4900 1052 4938 :
1069 4898 1139 4959 quta
1194 4878 1227 4940 lii
1243 4876 1469 4959 praecedentis3
1486 4876 1530 4939 sic
1545 4877 1664 4940 donum
1679 4876 1761 4940 istud
1777 4886 1944 4959 permanet

392 4987 499 5041 tamen
528 4984 631 5059 potest
657 4976 799 5057 adaptari
828 4976 913 5039 dono
941 4976 1077 5054 consilii,
1105 4985 1140 5037 ut
1195 4978 1228 5039 in
1250 4975 1363 5038 Beatis.
1379 5010 1420 5021 -—
1441 4974 1472 5037 si
1487 4983 1639 5056 praterea
1661 4974 1840 5056 objiciatur,
1856 4978 1944 5057 quod

392 5078 518 5139 dicatur
540 5073 717 5156 excogitata
740 5074 819 5137 ratio
846 5093 951 5136 rerum
977 5094 1087 5137 earum
1107 5074 1139 5135 in
1196 5074 1370 5137 secuudum
1385 5070 1726 5151 Macrobium‚virtutes
1741 5074 1866 5155 purgati
1881 5075 1948 5137 ani·

393 5174 507 5255 quibus
538 5174 634 5236 homo
667 5171 789 5253 indiget
822 5170 951 5253 speciali
984 5172 1141 5254 adjutorio
1196 5172 1239 5233 mi
1254 5170 1376 5233 faciunt
1389 5170 1528 5232 animam
1542 5169 1583 5232 ab
1597 5170 1744 5233 omnibus
1759 5170 1946 5251 passionum

395 5271 528 5353 Spiritus
542 5270 649 5333 Sancti
664 5278 796 5352 propter
808 5270 996 5333 arduitatem
1017 5289 1138 5333 canum.
1197 5269 1448 5333 immoderantiis
1475 5269 1640 5347 mundam,
1664 5276 1758 5349 atque
1782 5266 1816 5331 in
1841 5270 1949 5336 Beatis
