4309 6259
424 480 482 549 150
573 500 613 549 ΒΕ
634 502 782 549 tabulatis
802 502 1008 549 sanottsstttrn
1028 500 1065 547 ΕΤ
1086 500 1251 548 adultatione
1271 501 1453 559 turbinatis,
1475 503 1533 549 PER
1552 502 1660 549 nobo!
1679 500 1829 548 nomo!

290 684 340 727 tea
354 697 375 734 ιι.
386 686 408 734 t.
464 682 497 735 t.
519 671 741 755 Loquebautur
764 672 905 756 Apostoli
931 670 1026 735 variis
1052 670 1211 752 linguisn
1261 674 1342 733 Ant.
1362 670 1459 735 ldillia
1484 670 1621 733 millium
1642 669 1714 750 tibi,
1733 688 1753 733 o
1774 677 1896 749 saneta,
1917 670 1976 733 ad-
2007 688 2070 729 nn.
2088 655 2147 738 τη

276 750 308 791 ¹¹·
423 770 584 853 magnalia
598 772 664 850 Dei,
672 778 765 856 prout
779 771 913 855 Spiritus
928 770 1061 834 Sanctus
1076 768 1171 831 dabat
1224 771 1342 833 oranda
1373 769 1669 854 supergloriosaque
1696 768 1844 847 Trinitas,
1874 768 1975 832 mini·
1994 753 2027 791 ¹⁰·
2146 779 2147 786 ’

424 867 530 951 eloqui
546 870 621 933 illis.
637 871 676 932 Et
690 870 813 953 repleti.
1224 877 1340 948 strant3
1349 877 1380 931 et
1394 869 1500 931 decies
1514 868 1631 931 millies
1646 875 1780 931 centena
1793 868 1897 932 millia
1911 868 1973 932 tibi

464 980 496 1032 t.
513 967 618 1035 Gloria
631 969 724 1033 Patri.
741 968 886 1031 Alleluia.
1224 967 1381 1030 adsistunt
1398 991 1404 1030 :
1421 986 1485 1031 non
1500 966 1588 1029 enim
1602 976 1649 1030 est
1663 986 1815 1031 numerus
1829 968 1973 1031 militum
1989 991 2034 1035 ‚et
2044 996 2120 1038 ma.

715 1072 877 1147 Hymnus.
1224 1072 1361 1129 tuorum.

523 1165 718 1247 Exemplaris
733 1166 859 1243 veritas,

502 1265 579 1344 Lux,
597 1264 672 1347 vita,
688 1284 779 1329 mens
794 1272 825 1328 ot
840 1263 955 1342 unitas,

503 1363 548 1425 Tu
564 1361 682 1425 fontale
699 1362 894 1445 principium

502 1460 725 1523 Universorum
741 1461 873 1523 entium.

521 1558 703 1622 OPersonae
718 1557 854 1621 infinitas
869 1567 875 1621 t

501 1657 543 1719 Te
559 1658 666 1735 adoro,
683 1657 752 1721 colo
768 1656 839 1735 rite,

499 1756 600 1834 Pater,
617 1756 767 1834 Verbum,
784 1775 910 1818 sacrum
925 1755 1053 1819 Flamen
1067 1778 1075 1833 3

500 1854 602 1918 Meum
618 1873 744 1937 semper
758 1854 801 1916 sis
815 1854 977 1935 juvamen.

516 1952 664 2015 'abeunte
680 1951 813 2015 lucifluo

502 2051 585 2128 Sole,
602 2050 687 2112 adsis
702 2050 866 2127 continuo,

502 2147 638 2229 Fulgens
654 2166 780 2229 semper
794 2155 901 2210 nostro
917 2148 1017 2225 cordi,

502 2246 540 2307 Ut
556 2244 681 2309 resistat
694 2246 781 2308 omni
798 2244 893 2308 sordi.

523 2343 586 2405 Deo
602 2342 683 2405 Patri
699 2343 741 2404 sit
755 2343 867 2425 glorie,

503 2441 642 2522 Eiusque
659 2440 718 2504 soli
732 2440 823 2518 Filio,

501 2538 577 2601 Cum
594 2538 713 2621 Spiritu
727 2538 900 2616 Paracleto,

501 2636 539 2698 Et
553 2655 637 2698 nune
653 2643 684 2698 et
699 2636 731 2697 in
748 2644 947 2717 perpetuum.
965 2637 1076 2698 Amen.

1506 1170 1596 1227 Laus
1611 1168 1681 1227 Dei.

1263 1261 1369 1326 Gloria
1389 1263 1423 1324 in
1448 1262 1582 1325 excelsis
1600 1262 1676 1341 Deo,
1696 1271 1729 1325 et
1748 1262 1782 1325 in
1801 1270 1886 1326 terra
1909 1283 1973 1346 pax
1988 1290 2118 1339 mauu.
2146 1247 2147 1302 ἶ

1223 1361 1407 1424 bominibus
1421 1360 1512 1425 bonae
1526 1360 1709 1424 voluntatis.
1725 1362 1903 1424 Laudamus
1926 1371 1970 1425 te.

1223 1458 1444 1522 benedicimus
1459 1460 1683 1523 tenderemus
1698 1458 1972 1523 teiilorilicamus

1223 1565 1264 1619 te.
1289 1556 1409 1620 Gratias
1436 1558 1561 1640 agimus
1589 1556 1647 1621 tibi
1677 1565 1808 1640 propter
1834 1557 1974 1640 gloriam

1223 1662 1309 1717 tuam
1324 1654 1625 1738 magnamilomine
1637 1656 1803 1735 Deus,Rex
1817 1657 1972 1734 eoelestis,

1224 1754 1305 1817 Deus
1326 1754 1416 1816 Pater
1435 1754 1648 1837 omnipotens.
1666 1754 1798 1817 Domine
1816 1754 1876 1818 Fili
1899 1756 1975 1817 uni-

1186 1858 1209 1919 B
1223 1852 1340 1933 genite,
1357 1854 1430 1915 Jesu
1449 1852 1582 1915 Christe.
1599 1852 1733 1916 Domine
1751 1854 1845 1931 Deus,
1861 1854 1975 1935 Agnus

1224 1950 1395 2029 Dei,Filius
1409 1950 1517 2013 Patris.
1526 1950 1582 2025 Qui
1600 1950 1684 2014 tollis
1700 1959 1831 2034 peccata
1844 1952 1973 2031 mundi,

1223 2049 1374 2111 miserere
1389 2048 1491 2112 nobie.
1509 2049 1565 2123 Qui
1588 2049 1673 2112 tollis
1692 2058 1825 2131 paccata
1843 2052 1972 2129 mundi,

1224 2148 1351 2229 suscipe
1367 2147 1623 2230 depracationem
1638 2157 1789 2211 nostram.
1803 2148 1861 2222 Qui
1878 2150 1975 2212 sedes

1225 2246 1263 2307 ad
1282 2246 1444 2308 dexteram
1464 2246 1574 2323 Patris,
1591 2245 1743 2309 miserere
1767 2246 1871 2310 nobis.
1887 2248 1976 2321 Quo-

1225 2344 1310 2405 niam
1327 2352 1359 2406 tu
1374 2345 1460 2407 solus
1475 2344 1618 2407 Sanctus.
1636 2345 1682 2407 Tu
1701 2346 1788 2408 solus
1801 2346 1971 2410 Dominus.

1225 2442 1270 2503 Tu
1299 2442 1385 2505 solus
1414 2441 1606 2519 ditissimus,
1632 2442 1706 2505 lesu
1734 2443 1867 2524 Christe,
1895 2464 1975 2507 cum

1225 2541 1338 2603 Sancto
1354 2539 1484 2622 Spiritu,
1501 2540 1534 2602 in
1549 2540 1651 2621 gloria
1665 2541 1720 2603 Dei
1737 2540 1972 2606 Patrisbmen.

1264 2649 1295 2699 t.
1313 2637 1456 2715 Domine,
1473 2638 1597 2715 exaudi,
1615 2648 1673 2698 etc.

461 2746 493 2796 t.
511 2732 738 2797 benedicamus
757 2732 879 2795 Patrem
904 2741 935 2794 et
955 2733 1069 2795 Filium
1093 2753 1167 2797 oum
1264 2756 1296 2805 ra.
1312 2736 1350 2798 Et
1365 2737 1484 2799 clamor
1497 2756 1599 2814 meuS,
1616 2747 1675 2798 etc.

421 2830 680 2912 SanctoSpiritu.
1527 2834 1669 2897 Oramus.

462 2949 494 3004 n.
511 2929 687 2991 Laudemus
702 2936 734 2991 et
749 2929 1017 3011 superexaltemus
1039 2948 1112 2991 eum
1134 2929 1166 2991 in
1264 2931 1401 2994 Trinitas
1435 2934 1708 3014 supersplendida,
1739 2935 1912 3018 superlelix
1940 2946 1975 2999 et

423 3027 549 3090 seacula.
1188 3031 1210 3094 C
1225 3050 1298 3093 vere
1313 3030 1577 3110 clementissima3
1594 3052 1717 3095 summa
1732 3033 1887 3114 Majestas,
1899 3054 1974 3115 quaa

463 3128 518 3187 Ad
530 3123 723 3206 Magnificat,
740 3128 818 3186 Ant.
834 3123 932 3186 blillia
947 3125 1096 3187 millium.
1225 3138 1340 3191 cuncta
1354 3128 1479 3206 creasti,
1496 3129 1604 3192 omnia
1618 3130 1767 3213 implens,
1777 3151 1973 3195 conservans

451 3225 620 3284 Canticum
638 3224 827 3281 beatissima
854 3223 996 3299 Vt'rpinis
1009 3226 1138 3284 Marisa.

288 3330 342 3374 aaa.
360 3344 374 3381 ι,
385 3334 411 3375 as
466 3319 648 3402 Magnificat
661 3319 768 3381 anima
782 3338 852 3381 mea
867 3320 1046 3383 Dominum.

279 3396 354 3448 etseq.

466 3418 503 3481 Et
518 3417 686 3480 exsultavit
704 3417 833 3499 spiritus
852 3436 942 3479 meus
962 3418 995 3480 in
1009 3418 1073 3482 Deo
1093 3420 1173 3482 saln-

427 3517 486 3580 tari
502 3534 583 3579 meo.

466 3614 543 3690 Quia
559 3613 695 3696 respexit
709 3612 919 3676 bumilitatem
936 3614 1059 3677 ancillas
1081 3635 1145 3678 suro
1163 3640 1169 3677 :

426 3733 502 3777 ecce
523 3713 609 3775 enirn
629 3732 667 3775 ex
685 3712 746 3775 boc
766 3712 889 3775 beatam
909 3732 960 3775 mc
979 3712 1088 3776 dicent
1107 3732 1173 3776 om-

427 3833 484 3875 nes
499 3810 729 3894 generationes.

466 3910 544 3985 Quia
565 3908 641 3971 lecit
659 3908 739 3970 mibi
765 3928 878 3989 magna
898 3908 951 3989 qui
977 3918 1090 3990 potens
1111 3918 1169 3988 est,

427 4016 457 4071 et
473 4015 618 4069 sanctum
632 4024 749 4067 nomen
764 4005 844 4086 ejus.

1225 3246 1261 3289 ae
1274 3228 1533 3307 moderans:quae
1547 3247 1581 3289 es
1597 3237 1669 3292 ante
1684 3230 1873 3307 omnia,non
1890 3231 1970 3306 sola,

1226 3333 1297 3406 post
1320 3325 1438 3403 omnia,
1459 3344 1524 3388 non
1549 3335 1729 3407 praeventa3
1751 3328 1784 3389 in
1808 3329 1972 3402 omnibus,

1226 3441 1290 3485 non
1321 3422 1454 3502 inclusa,
1476 3432 1563 3485 extra
1588 3424 1706 3503 omnia,
1732 3443 1795 3489 nou
1820 3426 1970 3505 exclusa3

1228 3539 1323 3601 supra
1342 3520 1461 3599 omnia,
1477 3540 1541 3583 non
1561 3522 1653 3601 elata,
1671 3522 1752 3584 iufra
1771 3524 1890 3603 omnia,
1905 3544 1974 3589 non

1228 3637 1390 3700 oppressa,
1416 3638 1549 3681 manens
1572 3639 1698 3702 semper
1721 3622 1754 3683 in
1783 3630 1837 3685 tua
1864 3642 1976 3705 super—

1227 3716 1388 3779 essentiali
1427 3716 1629 3799 simplicitate
1669 3718 1976 3783 incommutabiliter

1227 3813 1402 3877 subsistens
1428 3840 1435 3876 :
1462 3815 1600 3878 animam
1628 3825 1768 3880 nostram
1796 3818 1972 3899 circumda,

1227 3913 1378 3995 preveni,
1396 3922 1538 3996 protege3
1552 3914 1662 3997 sicque
1676 3935 1762 3978 nuuc
1777 3936 1848 3979 eam
1861 3918 1974 3999 gratias

1226 4019 1287 4073 tuae
1311 4011 1478 4092 splendore
1506 4014 1634 4090 adorna,
1662 4021 1698 4076 ut
1724 4022 1796 4096 post
1823 4016 1973 4079 exsilium

467 4102 737 4167 Etmisericordia
757 4102 1024 4184 ejusaprogenie
1044 4104 1078 4166 in
1101 4125 1172 4188 pro-
1226 4128 1365 4191 praesens
1397 4110 1517 4173 lumine
1545 4110 1653 4192 gloriae
1687 4132 1758 4174 eam
1790 4112 1903 4175 induas
1939 4114 1973 4176 in

427 4202 548 4286 genios,
568 4200 751 4264 timentibus
767 4220 849 4263 eum.
1189 4206 1390 4270 [laternum.
1421 4207 1476 4270 Cui
1504 4208 1617 4286 honor,
1642 4209 1817 4292 beatitudo,
1847 4211 1913 4275 vita
1942 4223 1977 4277 et

466 4301 553 4364 Fecit
567 4299 740 4383 potentiam
757 4299 789 4361 in
804 4299 935 4364 brachio
951 4321 1008 4365 suo
1025 4325 1032 4364 :
1049 4303 1170 4386 disper·
1226 4325 1359 4388 regnum
1374 4325 1431 4387 per
1445 4308 1560 4369 secula
1574 4305 1714 4371 infinita.
1731 4311 1841 4372 Amen.

426 4400 468 4463 sit
483 4400 635 4481 superbos
650 4407 755 4461 mente
773 4399 878 4462 cordis
894 4400 954 4461 sui.
1265 4417 1296 4467 t.
1315 4405 1459 4482 Domine,
1475 4405 1598 4483 exandi,
1616 4417 1674 4467 etc.

466 4498 617 4582 Deposuit
637 4506 781 4580 potentes
805 4498 845 4561 de
864 4499 949 4578 sede,
970 4506 1001 4561 et
1020 4499 1171 4562 exaltavit
1263 4523 1296 4577 n.
1312 4504 1351 4567 Et
1365 4504 1485 4567 clamor
1499 4524 1600 4583 meus,
1617 4514 1675 4566 etc.

424 4599 572 4661 humiles.
1263 4613 1295 4666 t.
1312 4601 1541 4665 benedicamus
1555 4602 1699 4666 Domino.

463 4696 643 4760 Esurientes
663 4694 808 4779 implevit
827 4694 930 4775 bonis,
947 4702 979 4758 et
992 4694 1107 4757 divites
1122 4696 1169 4759 di·
1262 4720 1295 4775 p.
1312 4701 1375 4764 Deo
1390 4700 1517 4782 gratias.

423 4794 511 4858 misit
525 4794 646 4858 inanes.
1262 4810 1294 4862 t.
1311 4799 1432 4861 Animae
1446 4799 1589 4862 omnium
1604 4799 1762 4879 fidelium,
1778 4812 1837 4864 etc.

462 4893 608 4976 Suscepit
625 4892 719 4955 lsrael
745 4910 879 4974 puerum
898 4910 1002 4973 suum,
1023 4894 1167 4957 reeorda-

421 4999 473 5054 tus
488 4989 714 5053 misericordiaa
729 5008 803 5052 sua.

461 5088 549 5151 Sicut
564 5088 687 5151 locutus
701 5088 799 5149 estad
814 5094 918 5169 patres
931 5089 1165 5170 nostros,Abra·
1259 5092 1349 5155 Adsit
1363 5094 1467 5171 nobis,
1483 5103 1540 5156 etc.

419 5190 495 5251 bam
509 5195 541 5250 et
555 5185 669 5249 semini
685 5186 755 5266 ejus
771 5185 803 5247 in
818 5186 943 5248 saecula.
1259 5202 1291 5253 t.
1308 5189 1353 5253 Ne
1368 5192 1519 5274 projicias
1534 5212 1597 5272 me,
1612 5192 1761 5272 Domine,
1775 5195 1808 5257 in
1823 5203 1975 5280 tempore
1992 5224 2033 5267 ra.
2047 5228 2117 5274 ma.
2146 5197 2148 5256 ἰ

459 5284 565 5351 Gloria
578 5284 672 5347 Patri.
1219 5288 1402 5353 senectutis.
2146 5287 2148 5376 l

1374 4942 1438 5014 An
1466 4943 1808 5017 Concor-:romunt
2146 5025 2148 5048 Ι

2146 5077 2148 5116 Ι
