4309 6259
552 482 708 531 EXPOSlTlO
728 484 826 529 tttttht
850 484 857 528 :
881 482 971 529 vauls
993 482 1172 531 heoatte'rott
1192 482 1325 530 asarta!
1667 468 1710 533 29

166 671 260 734 quam
276 654 346 716 sine
360 654 420 716 viri
441 652 665 717 secundatione
685 652 821 715 credidit
834 670 910 715 con·
924 652 948 715 A
966 653 1104 730 rebatur,
1119 652 1330 733 bajulabatur,
1342 652 1529 716 movebatur
1542 660 1573 714 et
1588 654 1709 734 requie

167 750 301 833 cepisse.
331 752 410 815 Hinc
439 752 612 814 secundum
641 752 787 813 eumdem
816 750 911 832 Chry-
966 750 1032 829 vit;
1053 751 1107 832 qni
1130 760 1161 813 et
1182 751 1333 833 deinceps
1355 770 1511 833 egressus,
1536 750 1569 811 in
1591 750 1709 832 templo

167 857 339 912 sostomum
368 850 456 928 alibi,
485 858 516 911 et
543 848 736 911 Remardum
766 868 802 911 ac
831 848 909 911 alios
966 848 1149 911 nsanufacto
1163 848 1286 912 oblatus
1301 858 1360 927 est,
1376 856 1407 911 et
1427 847 1505 909 illud
1527 848 1710 929 frequenter
1730 867 1854 924 taenea,

167 946 284 1028 plures,
316 947 348 1008 in
376 947 435 1011 hoc
465 946 601 1027 refulget
634 946 808 1008 ineffabilis
842 946 910 1007 laus
967 946 1128 1027 ingressus
1158 946 1248 1027 juxta
1283 947 1362 1028 legis
1398 956 1550 1024 tenorem,
1585 947 1710 1009 statutis
1724 933 1802 981 ⁴¹³²·

165 1044 279 1122 llariae,
308 1045 391 1126 quod
420 1045 534 1126 Joseph
564 1044 748 1125 possibilius
777 1043 911 1109 credidit
966 1043 1041 1104 anni
1064 1043 1272 1125 temporibus,
1293 1052 1327 1106 ut
1351 1052 1436 1126 patet
1455 1044 1489 1106 in
1507 1044 1601 1107 Luca.
1622 1044 1710 1107 Unde

167 1142 323 1223 virginem
343 1143 412 1205 sine
434 1142 493 1204 riri
515 1142 708 1205 admixtione
728 1144 909 1225 concipere,
967 1160 1024 1222 per
1038 1140 1220 1203 Malachiam
1242 1142 1428 1223 predictum
1443 1150 1491 1205 est
1507 1166 1514 1203 z
1530 1142 1641 1204 Statim
1658 1162 1711 1205 ve
1724 1162 1857 1215 umam,

167 1258 261 1321 quam
276 1240 402 1303 ldariam
419 1259 562 1322 peccare.
966 1238 1032 1301 niet
1056 1239 1095 1301 ad
1119 1240 1272 1321 templum
1294 1259 1387 1301 suum
1409 1239 1593 1303 Dominator
1615 1230 1745 1322 quem.¹·

207 1341 358 1398 Claustra
376 1340 516 1414 pudoris
533 1348 727 1413 permanent
743 1359 755 1397 .·
770 1338 829 1400 hoc
851 1346 910 1413 est,
967 1354 1023 1399 vos
1041 1336 1193 1417 quaeritis,
1209 1344 1240 1399 et
1260 1336 1398 1418 Angelus
1418 1338 1596 1400 testaruenti
1616 1357 1710 1420 quem

168 1434 322 1516 virginale
344 1434 543 1515 signaculum
567 1434 780 1517 pudicissimae
804 1454 840 1497 ac
866 1435 913 1496 in·
969 1452 1023 1497 ros
1039 1434 1146 1495 vultis
1163 1434 1305 1497 Obbane
1325 1434 1407 1516 regis
1425 1435 1546 1497 ldessiae
1566 1434 1712 1518 frequen-

168 1532 344 1615 tcgerrimae
372 1531 541 1596 Genitricis
570 1532 683 1595 Christi
714 1533 857 1595 clausum
882 1540 913 1595 et
968 1538 1031 1593 tem
1051 1550 1087 1593 ac
1110 1533 1308 1613 personalem
1328 1532 1540 1614 presentiam,
1561 1534 1713 1615 preadica-

168 1632 300 1694 illaesmn
317 1630 433 1693 mansit
455 1630 488 1692 in
503 1630 573 1711 ejus
595 1632 816 1713 conceptione,
833 1630 913 1693 nati·
968 1628 1100 1707 tionem,
1119 1629 1307 1709 orationem,
1330 1629 1522 1694 oblationem
1544 1631 1713 1697 miraculo-

168 1730 276 1807 ritate,
292 1748 328 1791 ac
350 1728 502 1811 deinceps
517 1728 745 1806 indesinenter,
761 1728 912 1811 quoniam
968 1746 1099 1807 samque
1122 1727 1337 1808 operationem
1367 1727 1400 1790 in
1429 1728 1548 1811 templo
1572 1731 1712 1795 securulo

169 1828 257 1909 virgo
282 1826 343 1889 fuit
368 1836 440 1889 ante
463 1834 600 1909 partum,
622 1826 654 1888 in
680 1836 770 1908 partu
790 1836 821 1889 et
842 1836 911 1909 post
930 1824 1027 1887 asub
1051 1824 1220 1888 Zorobabel
1244 1833 1439 1905 constructo,
1461 1827 1543 1889 Deus
1567 1828 1713 1909 praedixit

169 1934 304 2007 partum,
336 1932 421 1987 tanto
451 1924 614 2006 integrior,
645 1924 793 1987 mundior
821 1934 850 1987 et
880 1925 912 1987 in
969 1942 1026 2005 per
1048 1924 1197 2004 aggaeum
1224 1946 1231 1985 ε
1257 1924 1368 2005 blagna
1390 1924 1451 1987 erit
1474 1926 1576 2007 gloria
1599 1928 1712 1990 domus
1726 1950 1856 2007 swero.

169 2022 292 2086 cunctis
321 2022 503 2104 perfectior,
533 2028 650 2103 quanto
684 2022 811 2083 Matrem
847 2022 912 2085 veri
968 2020 1064 2102 hujus
1079 2020 1261 2083 novissimae
1274 2022 1376 2103 magis
1390 2042 1485 2103 quam
1501 2024 1621 2104 prima.
1634 2024 1712 2087 Nam

167 2122 234 2197 lle-i,
261 2120 402 2201 reginam
427 2140 463 2183 ac
489 2120 650 2183 dominam
679 2120 822 2183 omniurn
852 2121 914 2183 vir·
968 2127 1001 2181 et
1015 2118 1120 2181 verbis
1141 2118 1192 2179 his
1214 2118 1319 2181 statim
1334 2120 1489 2203 praemisit
1505 2144 1513 2183 ι
1530 2122 1642 2184 Veniet
1656 2122 1714 2186 lle·
1739 2149 1830 2193 rasas,

166 2220 289 2299 ginum,
310 2218 374 2281 imo
397 2218 618 2281 universorum
641 2218 840 2296 Sanctorum,
860 2219 913 2281 de-
969 2216 1125 2279 sideratus
1140 2217 1263 2278 cunctis
1277 2217 1436 2299 gentibus,
1453 2228 1485 2282 et
1500 2218 1640 2301 implebo
1658 2223 1713 2284 do-

166 2316 233 2379 cuit
254 2315 377 2379 cunctis
405 2314 522 2377 sanctis
544 2314 658 2376 ceteris
683 2314 736 2377 Dei
762 2324 794 2377 et
816 2316 911 2378 etiam
970 2333 1056 2377 mum
1079 2314 1172 2376 istam
1193 2314 1306 2396 gloria.

165 2416 262 2496 hujus
285 2413 544 2496 incomparabilis
568 2412 707 2495 Virginis
732 2413 860 2476 famulis
882 2424 913 2477 et
1008 2416 1194 2476 Procedens
1213 2434 1230 2473 e
1249 2416 1392 2476 thalamo
1409 2436 1479 2486 suo,
1500 2415 1532 2479 id
1551 2425 1610 2495 est,
1626 2418 1714 2480 Chri·
1779 2428 1798 2485 t

166 2512 305 2590 ancillis,
332 2511 566 2594 perfectiorem,
593 2512 753 2593 puriorem
778 2532 814 2573 ac
843 2532 913 2575 san·
969 2520 1035 2573 stus
1051 2512 1210 2575 nascendo
1220 2512 1328 2574 exieus
1343 2521 1467 2576 uterum
1483 2534 1547 2578 suaa
1562 2515 1713 2598 virginera

166 2611 299 2674 ctiorem
328 2610 512 2672 consistere.
539 2608 706 2689 Deinceps,
739 2609 771 2670 in
800 2628 914 2673 conce·
969 2609 1085 2685 listris,
1112 2609 1145 2671 in
1173 2627 1236 2690 qao
1259 2616 1409 2692 tanquam
1434 2611 1467 2673 in
1496 2612 1635 2678 thalamo
1663 2634 1714 2679 ce-

166 2710 275 2793 ptione
300 2706 457 2789 unigeniti
481 2706 552 2767 Fttti
578 2706 632 2767 Dei
658 2706 718 2768 fuit
743 2716 806 2770 tam
833 2707 914 2769 indi·
969 2706 1096 2769 lebratae
1111 2708 1317 2789 suntnuptiae
1338 2709 1519 2789 personales
1542 2711 1625 2775 inter
1640 2714 1714 2776 Ver-

167 2807 305 2870 cibiliter
328 2803 566 2886 spiritualizata,
588 2803 737 2867 deificata
761 2813 855 2886 atque
881 2806 913 2867 in
969 2804 1044 2867 bum
1069 2813 1222 2867 eternum
1246 2813 1277 2867 et
1305 2814 1449 2868 naturam
1473 2807 1645 2872 humanam
1673 2813 1714 2875 ab

168 2904 291 2967 cunctis
311 2901 601 2984 dignificatissima,
622 2903 705 2984 quod
725 2902 915 2966 indecentis-
970 2903 1024 2965 illo
1039 2910 1246 2985 assumptam,
1260 2903 1379 2985 nuptia
1393 2924 1517 2987 quoque
1532 2908 1713 2989 spirituales

168 3004 284 3065 simum
299 2999 470 3064 exstitisset
489 3018 558 3061 eam
580 3000 731 3083 deinceps
746 3019 764 3062 a
779 3001 847 3064 viro
863 3020 915 3065 co
933 3006 955 3067 C
971 3000 1054 3063 inter
1075 3000 1234 3064 Christum
1258 3008 1289 3062 et
1313 3020 1462 3084 sponsam
1487 3004 1712 3088 universalem,

168 3099 290 3183 gnosci.
307 3097 448 3161 Christus
471 3116 547 3179 ergo
569 3116 633 3160 suae
654 3098 741 3161 blatri
765 3107 916 3181 praestan-
971 3106 1004 3159 ut
1018 3098 1139 3161 dictum
1153 3106 1211 3176 est,
1225 3103 1366 3175 pudoris
1379 3106 1457 3161 aula
1473 3106 1577 3179 repta,
1592 3104 1652 3168 hoc
1667 3114 1715 3168 est

169 3200 300 3261 tissima
327 3216 364 3260 ac
394 3194 662 3279 supercarissimae
687 3196 914 3260 fecunditatem
970 3205 1081 3259 ventre
1105 3194 1299 3259 felicissimae
1320 3198 1460 3279 Virginis
1481 3222 1488 3261 :
1510 3200 1602 3281 cujus
1623 3222 1716 3266 man-

169 3295 506 3377 attulit,integritatem
523 3313 586 3358 non
597 3296 728 3358 abstulit
742 3299 914 3375 nascendo,
971 3295 1122 3358 dissimus
1145 3314 1183 3358 ac
1207 3295 1455 3358 fecundissimus
1483 3307 1594 3361 venter
1618 3310 1716 3365 meta·

170 3416 229 3460 nec
244 3394 361 3459 auferri
377 3394 522 3477 permisit
537 3394 578 3457 ab
592 3394 666 3456 alio.
972 3393 1103 3477 phorice
1126 3392 1244 3455 dicitur
1266 3393 1349 3471 aula,
1375 3393 1458 3456 sicut
1485 3404 1515 3457 et
1543 3397 1714 3480 thalamus,

222 3497 345 3557 Veettta
367 3496 530 3552 virtutum
549 3494 671 3553 micant
686 3512 698 3553 .·
712 3492 772 3555 boc
794 3501 853 3571 est,
870 3494 918 3555 in·
972 3494 1036 3555 imo
1060 3499 1093 3553 et
1116 3513 1133 3549 a
1159 3490 1245 3572 regia
1272 3490 1345 3554 aula
1368 3514 1384 3550 n
1409 3482 1560 3556 seu'aula
1587 3498 1714 3579 regalis,

170 3592 274 3674 signia
295 3589 633 3653 excellentissimorum
656 3607 787 3672 operum
809 3590 862 3653 Dei
884 3592 916 3653 in
971 3590 1046 3673 quia
1070 3589 1103 3650 in
1127 3607 1165 3651 eo
1186 3607 1301 3651 novem
1323 3589 1486 3653 mensibus
1507 3591 1571 3654 Rex
1593 3614 1714 3677 regum,

171 3688 301 3771 Virgine
315 3697 347 3749 et
360 3687 512 3768 deinceps
528 3686 561 3748 in
575 3685 655 3749 Filio
670 3686 751 3768 ejus,
769 3688 918 3751 videlicet
972 3687 1026 3750 Dei
1056 3686 1242 3767 Unigenitus
1271 3685 1466 3765 incarnatus,
1491 3689 1655 3769 quiescere
1679 3714 1716 3758 ac

171 3788 322 3872 preclara
350 3786 420 3866 cius
445 3784 605 3867 mysteria,
631 3785 814 3849 miraculosi
839 3787 918 3849 effe-
973 3784 1089 3848 morari
1104 3784 1325 3865 dignatusest,
1341 3793 1373 3846 et
1387 3784 1431 3847 ita
1444 3786 1528 3848 intra
1542 3808 1575 3850 sc
1590 3791 1714 3872 elausit,

172 3896 253 3965 ctus,
270 3884 439 3962 beneficia,
462 3882 653 3945 charismata
675 3892 706 3945 et
727 3884 917 3967 multiplicia
973 3882 1142 3963 continuit,
1158 3882 1313 3964 bajulavit
1327 3903 1400 3945 eum
1422 3886 1476 3966 qui
1492 3888 1599 3951 omnia
1613 3901 1718 3973 portat
1731 3922 1856 3973 uma,

171 3987 265 4062 dona,
288 3982 456 4063 refulgent,
482 3990 756 4062 representantur,
782 4001 919 4045 noscun-
974 3983 1070 4045 serbo
1092 3990 1123 4043 et
1145 3980 1280 4063 imperio
1301 4001 1366 4044 suas
1386 3982 1525 4062 virtutis,
1541 4005 1636 4066 quem
1656 4010 1718 4055 coe-
1745 4018 1863 4073 epm,

172 4092 233 4163 tur,
241 4090 272 4145 et
287 4080 427 4161 undique
441 4080 655 4161 predicantur
667 4097 703 4141 ac
719 4079 750 4141 in
767 4080 917 4143 Ecclesiis
974 4082 1037 4144 lurn
1064 4098 1178 4161 capere
1202 4080 1313 4161 nequit
1332 4098 1390 4143 nec
1411 4081 1493 4145 intra
1512 4103 1546 4147 se
1567 4085 1715 4154 limitare.
1731 4083 1754 4125 ⁸·

172 4180 378 4244 honorantur.
400 4179 434 4240 ln
457 4178 586 4259 Virgine
608 4196 744 4258 namque
767 4178 849 4241 facta
871 4186 919 4241 est
934 4182 958 4245 l)
973 4179 1102 4260 Propter
1115 4178 1198 4260 quod
1213 4178 1402 4241 exclamavit
1416 4180 1545 4260 quidam
1559 4184 1691 4249 devotus
1708 4212 1716 4250 ε

173 4278 348 4341 incarnatio
365 4276 458 4339 Verbi
473 4276 594 4353 aeterni,
613 4276 730 4339 creatio
745 4285 776 4339 et
797 4278 920 4358 glorifi-
974 4276 997 4339 0
1013 4284 1124 4339 venter
1143 4275 1234 4338 coelis
1255 4276 1407 4340 diffusior
1426 4286 1458 4340 et
1479 4281 1604 4345 cunctis
1626 4304 1720 4367 capa-

173 4378 255 4441 catio
270 4376 384 4439 anime
397 4374 511 4437 Christi
527 4382 679 4454 quantum
695 4375 733 4436 ad
750 4374 833 4437 vires
849 4376 919 4456 ejus
974 4376 1042 4437 cior
1065 4374 1252 4437 elementist
1277 4373 1334 4448 Qui
1359 4383 1390 4437 et
1412 4377 1485 4439 aula
1509 4401 1526 4437 a
1551 4382 1681 4460 pudoris
1702 4408 1719 4445 a

173 4494 348 4558 supremas,
372 4472 556 4553 conjunctio
581 4472 774 4553 virginitatis
796 4492 832 4536 ac
854 4493 920 4537 ma·
975 4480 1133 4551 consetur,
1158 4472 1233 4553 quia
1256 4472 1297 4534 ab
1319 4472 1407 4535 omni
1431 4473 1566 4539 libidine
1594 4480 1721 4545 alienis·

174 4573 330 4635 ternitatis
354 4571 386 4633 in
408 4572 518 4633 eadem
542 4588 689 4652 persona,
706 4570 782 4633 unio
805 4571 917 4653 Sponsi
975 4570 1087 4647 simus,
1104 4578 1135 4632 et
1150 4569 1220 4651 ipsa
1241 4569 1507 4634 excellentissima
1523 4574 1618 4656 Virgo
1631 4597 1721 4660 pror·

175 4671 312 4735 coelestis
341 4690 413 4732 cum
445 4687 562 4751 sponsa
595 4667 747 4750 singulari
782 4676 813 4731 et
845 4688 918 4731 cum
975 4687 1028 4729 sus
1055 4666 1264 4749 pudicissima
1291 4667 1411 4730 exstitit
1438 4671 1560 4751 pudore
1596 4676 1721 4758 sapien-

20 4794 159 4844 nmss,
174 4788 291 4853 sponse
313 4768 495 4831 universali.
513 4768 600 4829 Tunc
622 4766 753 4848 angelus
773 4768 920 4849 apparuit
975 4765 1054 4845 tiali,
1079 4764 1134 4847 qui
1163 4766 1202 4827 de
1226 4766 1310 4829 malo
1333 4774 1365 4828 et
1393 4768 1591 4850 turpitudine
1618 4776 1720 4856 eulpa

10 4862 49 4903 l³·
175 4876 206 4931 et
239 4867 425 4948 loquebatur
455 4865 647 4947 pastoribus,
677 4864 857 4945 cecinitque
886 4865 919 4926 in
975 4863 1255 4927 erubescitcoram
1270 4866 1625 4945 supersanctissimillei
1640 4892 1721 4955 prae-

174 4984 246 5028 aere
261 4964 376 5026 militia
391 4962 529 5025 coelestis
545 4962 712 5025 exercitus.
975 4961 1086 5025 sentia.
1104 4962 1190 5025 Unde
1214 4961 1246 5022 in
1267 4961 1492 5028 Ecclesiastico
1506 4966 1625 5031 dicitur
1640 4994 1648 5032 ε
1664 4971 1720 5034 Εεῖ
1745 4998 1819 5050 Μ,
1833 5016 1864 5057 ῃ,

220 5066 374 5127 Versatur
392 5056 434 5121 in'
451 5066 567 5137 tempto
581 5066 668 5123 Deus
682 5082 694 5120 :
709 5060 741 5123 id
763 5068 822 5140 est,
838 5060 919 5123 Deus
974 5058 1121 5123 confusio
1148 5058 1309 5121 adducens
1340 5060 1475 5142 gratiam
1508 5072 1541 5127 et
1570 5066 1716 5147 gloriam.
1732 5062 1769 5109 ¹¹·

175 5162 369 5240 incarnatus,
391 5160 424 5223 in
444 5168 533 5222 utero
555 5158 705 5241 virginee
724 5159 829 5221 Matris
851 5166 920 5222 tan-
974 5158 1244 5233 Quemadmodum
1272 5166 1376 5222 autem
1405 5169 1505 5225 totum
1536 5165 1720 5247 frequenter

174 5279 270 5351 quem
286 5260 318 5322 in
337 5260 410 5323 vivo
429 5266 460 5321 et
479 5258 694 5322 sacratissimo
713 5257 833 5339 templo
853 5276 921 5322 mo-
975 5257 1199 5321 denominatur
1221 5276 1240 5319 a
1261 5277 1318 5321 sua
1338 5269 1439 5340 parte,
1460 5262 1506 5325 sic
1527 5282 1600 5345 pars
1622 5264 1719 5330 inter·
