4309 6259
419 461 457 530 20
828 476 983 525 axrosnro
1005 475 1104 522 nram
1127 475 1134 520 :
1157 473 1305 520 coxnrron
1326 474 1406 519 xtxa
1427 474 1559 521 srnrnux

414 646 532 712 'cientis
552 635 664 728 ineis,
680 667 718 711 ac
745 647 819 711 doni
848 645 1023 729 sapientia,
1045 643 1202 707 cetero-h
1219 642 1305 703 enim
1320 642 1442 704 salvum
1460 641 1558 704 laciet
1576 641 1729 724 populum
1749 660 1841 704 suum
1857 660 1964 723 apec-

418 767 488 809 rum
511 766 637 828 quoque
652 746 877 809 charismatum
893 763 963 825 quae
979 742 1099 805 caritati
1117 742 1165 803 in-

418 844 638 926 separabiliter
659 853 733 907 sunt
750 862 882 907 annexa.
903 844 1069 904 Beatorum
1089 858 1164 902 voro

418 942 452 1004 in
467 942 570 1024 patria
583 942 847 1005 excellentissime
862 941 915 1003 lux
930 938 1032 1001 estzin
1048 939 1164 1019 quibus

417 1049 465 1103 est
480 1059 574 1103 eausa
586 1040 716 1101 luminis
727 1036 1164 1120 gloriaa,splendidissimum-

416 1156 478 1219 que
489 1137 650 1220 objectum
663 1135 847 1200 beatilicum
862 1136 961 1197 beata
976 1143 1007 1196 et
1017 1134 1162 1215 gloriosae

417 1233 550 1296 visionis
564 1252 685 1311 eornm,
702 1241 734 1294 et
746 1232 819 1309 hoc,
836 1230 1035 1313 potissimum
1051 1248 1165 1291 secun·

417 1331 492 1393 dum
515 1350 604 1393 suam
619 1330 838 1407 divinitatem,
855 1328 1031 1391 secundum
1052 1329 1164 1389 huma-

417 1428 549 1491 nitatem
579 1446 653 1490 vero
683 1435 888 1509 assumptam,
919 1435 966 1489 est
1000 1426 1162 1506 objectum

417 1526 613 1608 precipuum
648 1525 854 1589 accidentalis
882 1523 1003 1607 praemii
1040 1542 1164 1585 eorum-

418 1623 502 1686 dem.
527 1624 620 1701 Hinc,
647 1623 821 1685 secundum
851 1622 1012 1699 deitatem,
1039 1629 1088 1683 est
1111 1620 1165 1682 lux

419 1740 563 1803 supemae
586 1722 771 1799 Jerusalem,
792 1728 885 1801 atque
908 1720 1083 1783 secundum
1107 1718 1166 1781 hu·

1218 740 1296 803 catis
1310 760 1431 803 eorum.
1447 740 1652 802 beatissimus
1671 757 1797 821 quoque
1812 740 1962 821 princeps

1217 839 1383 919 apostolici
1408 838 1496 900 chori
1522 838 1554 899 in
1579 857 1636 899 sua
1665 837 1766 919 prima
1794 838 1839 899 ait
1865 837 1964 899 Cano-

1217 937 1290 998 nica
1303 960 1310 997 :
1323 936 1390 999 Non
1406 935 1665 1017 corruptibilibus
1676 954 1752 997 auro
1769 934 1817 997 vel
1833 944 1963 1015 argento
1989 947 2082 990 11³eer.
2097 960 2109 995 ι.

1218 1034 1371 1115 redempti
1388 1034 1475 1111 estis,
1489 1034 1543 1095 sed
1559 1033 1696 1114 pretioso
1712 1032 1866 1113 sanguine
1881 1032 1962 1112 rigni
1979 1012 2013 1059 ¹⁸·
2026 1012 2060 1053 ¹⁹·

1217 1132 1424 1193 immaculati.
1446 1132 1488 1193 De
1512 1150 1574 1212 quo
1598 1131 1632 1191 in
1656 1130 1843 1213 Apocalypsi
1869 1129 1965 1193 habe-

1218 1239 1297 1292 tur:
1318 1231 1375 1304 Qui
1398 1229 1507 1292 dilexit
1529 1249 1599 1307 nos,
1620 1238 1652 1291 et
1675 1229 1750 1291 lavit
1773 1247 1830 1291 nos
1852 1248 1870 1291 a
1891 1247 1964 1310 pec·
1979 1251 2104 1305 ramas.

1219 1330 1297 1391 catis
1312 1329 1428 1391 nostris
1443 1329 1475 1389 in
1491 1328 1645 1408 sanguine
1660 1346 1728 1389 sno.

1259 1427 1409 1489 Praeterea
1423 1426 1564 1488 Christus
1575 1448 1591 1483 «
1601 1426 1780 1507 redemptor
1794 1424 1935 1488 omnium
1947 1447 1963 1482 a

1220 1525 1408 1606 appellatur,
1426 1524 1455 1585 id
1477 1533 1526 1585 est
1544 1522 1709 1585 hominum
1730 1523 1962 1600 universorum,

1220 1630 1372 1703 quantum
1388 1629 1487 1684 estex
1508 1631 1596 1703 parte
1618 1619 1730 1702 ipsius,
1746 1620 2112 1702 quivultom-1r;‚„‚„„4.

1220 1740 1277 1782 nes
1291 1720 1437 1783 homines
1453 1720 1557 1782 salvos
1578 1717 1651 1780 lieri
1670 1725 1702 1780 et
1716 1718 1754 1780 ad
1768 1718 1964 1798 agnitionem

419 1819 615 1898 manitatem,
645 1827 693 1881 est
726 1821 857 1882 lucerna
890 1818 1027 1881 civitatis
1064 1817 1361 1895 illius,Bveritatis
1383 1816 1503 1894 venire,
1519 1825 1551 1879 et
1571 1816 1645 1897 quia
1667 1834 1724 1898 pro
1745 1815 1893 1879 omnibus
1913 1834 1965 1878 co·

283 1934 404 1991 amur,
418 1916 507 1999 juxta
521 1917 599 1980 illud
621 1916 827 1999 Apocalypsis
845 1940 851 1977 :
869 1916 986 1979 Civitas
1008 1934 1072 1978 non
1094 1924 1166 1996 eget

272 1998 306 2051 ’³'
420 2016 485 2078 sole
500 2034 602 2095 neque
621 2015 716 2092 luna3
734 2033 807 2077 nam
830 2013 955 2075 claritas
970 2013 1024 2075 Dei
1049 2013 1166 2074 illumi-

419 2113 507 2177 nabit
521 2133 603 2191 eam,
619 2121 650 2175 et
664 2112 794 2175 lucerna
809 2112 879 2192 ejus
894 2119 941 2173 est
955 2112 1073 2192 tignus.

460 2213 597 2281 Christe,
624 2213 808 2286 redemptor
830 2211 987 2269 omnium.
1011 2207 1164 2287 ChristuS,

418 2309 593 2371 seeundmn
618 2308 702 2388 quod
727 2308 821 2385 Deus,
842 2306 882 2367 ab
905 2305 1032 2368 exordio
1057 2306 1165 2368 saeeuli

419 2406 553 2469 redemit
567 2406 684 2468 electos
706 2425 724 2467 a
745 2404 884 2465 vinculis
903 2403 1066 2482 vitiorum,
1083 2424 1101 2465 a
1116 2423 1166 2466 ca-

418 2503 562 2585 ptivitate
591 2511 622 2565 et
648 2502 724 2584 jugo
753 2501 884 2578 diaboli,
911 2520 929 2562 a
956 2502 1108 2563 servitute
1134 2510 1167 2564 et

269 2626 403 2679 baean.
418 2610 507 2664 reatu
527 2601 662 2683 peccati,
677 2600 766 2681 juxta
786 2598 864 2661 illud
883 2622 889 2660 :
907 2599 981 2673 Quis
1002 2607 1106 2682 potest
1119 2600 1166 2661 di-

416 2699 542 2761 mittere
557 2696 768 2780 peccata,nisi
781 2697 866 2759 solus
881 2696 980 2759 Deusl
993 2705 1024 2759 et
1038 2716 1162 2759 rursus:

277 2815 401 2867 rotarat.
417 2796 491 2871 Quis
511 2802 614 2878 potest
635 2793 739 2857 iacere
758 2794 912 2856 mundum
937 2795 976 2856 de
1000 2794 1165 2857 immundo

416 2901 606 2976 conceptum
626 2894 759 2971 semine,
781 2892 842 2953 nisi
869 2891 976 2972 tuqui
1001 2892 1087 2954 solus
1108 2895 1164 2954 esi

1221 1915 1402 1997 piosissime
1418 1914 1570 1976 satisfecit
1588 1914 1833 1995 :propterquod
1849 1913 1965 1975 dicitur

1220 2013 1401 2095 redemptor
1415 2012 1731 2093 omnium,quantum
1746 2012 1784 2073 ad
1800 2011 1965 2074 sullicien-

1221 2111 1318 2189 tiam;
1343 2111 1516 2174 electorum
1539 2128 1626 2187 vero,
1651 2117 1814 2190 quantum·
1829 2110 1867 2172 ad
1892 2108 1964 2171 elii-

1221 2209 1383 2287 eientiam,
1420 2207 1569 2291 quoniam
1604 2208 1772 2270 dominicae
1807 2208 1965 2289 passionis

1221 2316 1457 2389 consequuntur
1488 2306 1628 2368 finaliter
1660 2305 1799 2367 fructum
1827 2326 1864 2368 ac
1892 2324 1966 2369 con-

1221 2413 1412 2467 summatum
1427 2404 1590 2467 ellectum.
1608 2403 1650 2466 De
1666 2403 1705 2465 iis
1720 2403 1879 2482 omnibus,
1896 2423 1967 2485 pas-

1221 2504 1309 2567 sione
1325 2523 1381 2566 sua
1403 2503 1552 2580 instante,
1569 2502 1718 2565 disseruit
1734 2525 1741 2563 :
1757 2501 1822 2583 Ego
1842 2502 1868 2574 si
1884 2503 1966 2565 exal·
1986 2524 2113 2575 raanan,

1221 2610 1301 2663 tatus
1323 2601 1413 2664 luero
1434 2621 1453 2663 a
1474 2609 1567 2678 terra,
1583 2600 1691 2662 omnia
1712 2601 1834 2662 traham
1853 2602 1892 2663 ad
1914 2620 1965 2663 me
1981 2590 2015 2630 ³²·

1220 2699 1325 2781 ipsum
1338 2722 1346 2776 ;
1364 2698 1511 2780 passione
1525 2716 1650 2780 quoque
1666 2697 1822 2779 completa
1834 2722 1841 2759 ε
1854 2698 1967 2760 Praedi-
1980 2721 2060 2765 ιω.
2070 2736 2112 2772 m,

1220 2804 1289 2858 cate
1303 2796 1510 2877 Evangelium
1527 2796 1614 2858 omni
1630 2804 1791 2857 creaturae.
1807 2796 1964 2877 Amplius,
1983 2787 2015 2826 ¹⁵·

1220 2895 1320 2956 virtus
1334 2902 1366 2955 et
1385 2893 1534 2956 meritum
1555 2893 1725 2955 Salvatoris
1746 2901 1795 2955 est
1808 2895 1897 2974 quasi
1912 2913 1966 2975 ge-

416 2992 549 3074 lnsuper
563 2992 602 3053 de
623 2990 719 3053 variis
742 2989 1000 3052 tribulationibus
1021 2990 1094 3052 vitat
1108 2990 1200 3053 hu-C
1220 2993 1337 3055 neralis
1357 2992 1516 3054 medicina
1537 3001 1569 3053 et
1589 2992 1767 3054 universale
1791 2992 1965 3055 remedium

416 3089 468 3171 jus
497 3088 631 3151 redemit
659 3105 733 3150 suos
759 3086 884 3165 iideleS,
910 3086 993 3149 sicut
1021 3096 1165 3149 cantatur

281 3210 402 3265 eamus.
417 3188 451 3249 in
476 3186 599 3249 Psalmo
625 3208 632 3247 :
654 3186 766 3248 Dicant
790 3186 844 3267 qui
869 3186 1025 3268 redempti
1049 3196 1166 3249 sunta

417 3284 563 3363 Domino,
583 3302 662 3365 quos
686 3284 820 3345 redemit
843 3283 882 3345 dc
906 3302 1002 3345 manu
1027 3283 1161 3362 inimici,

417 3383 456 3445 de
481 3381 665 3462 regionibus
690 3381 895 3461 congregavit
918 3400 982 3443 eos
1008 3381 1046 3443 Et
1069 3382 1164 3444 Judas

305 3502 369 3548 rara
383 3505 403 3547 s.
419 3480 463 3542 ait
480 3503 486 3540 :
504 3479 593 3542 lesus
609 3478 762 3561 populum
778 3498 868 3541 suum
888 3479 1014 3541 salvans
1028 3481 1067 3542 de
1083 3489 1165 3543 terra

418 3577 554 3660 AEgypti.
576 3576 794 3657 Propriissime
820 3596 895 3639 vcro
917 3595 952 3639 ac
975 3579 1167 3659 specialissi-

418 3695 470 3739 me
491 3676 580 3739 Jesus
596 3698 612 3734 «
630 3676 810 3757 redemptor
830 3675 973 3737 omnium
989 3698 1006 3735 a
1022 3677 1167 3739 nomina-

418 3783 480 3852 tur,
488 3774 640 3855 quoniam
655 3792 711 3854 per
721 3773 948 3836 incarnationis
964 3781 995 3835 et
1009 3775 1167 3856 passionis

419 3892 484 3935 sua
509 3870 658 3953 mysteria
681 3871 815 3933 redemit
833 3890 934 3952 genus
958 3872 1134 3935 humanum
1158 3897 1165 3935 :

419 3969 570 4053 quoniam
600 3969 705 4049 passio
730 3968 855 4047 Christi,
883 3989 920 4031 ex
948 3980 1036 4052 parte
1067 3971 1167 4053 ipsius

420 4064 652 4151 patientis‚iuit
665 4065 808 4147 piissima
823 4075 854 4129 et
868 4068 1090 4149 acceptissima
1105 4070 1168 4132 Deo

1219 3099 1329 3153 contra
1339 3090 1484 3153 omnium
1500 3090 1632 3151 vulnera
1643 3090 1804 3168 vitiorum,
1812 3098 1844 3153 et
1857 3098 1967 3152 eontra

1218 3188 1361 3251 omnium
1392 3188 1570 3249 animarum
1603 3187 1824 3269 perditionem.
1852 3187 1967 3261 Quum-

1218 3304 1279 3365 que
1294 3285 1441 3366 generale
1456 3285 1630 3347 remedium
1646 3304 1682 3347 ac
1697 3285 1888 3347 medicinale
1902 3304 1968 3348 em-

1219 3383 1372 3465 plastrum
1392 3390 1535 3464 oporteat
1554 3382 1712 3463 languidis
1734 3383 1899 3465 applicari,
1921 3382 1968 3444 in·

1219 3482 1322 3543 stituit
1349 3481 1503 3558 Christus,
1526 3480 1681 3562 sapientia
1709 3481 1820 3559 Patris,
1846 3490 1967 3563 septem
1983 3497 2116 3549 temnat.

1220 3579 1437 3641 ecclesiastica
1460 3585 1669 3656 sacramenta,
1695 3586 1845 3660 tanquam
1870 3578 1969 3641 medi·

1221 3676 1338 3740 einalia
1362 3696 1437 3738 vasa
1462 3695 1518 3757 per
1540 3695 1610 3756 quae
1636 3676 1735 3737 virtus
1758 3696 1795 3738 ac
1819 3677 1967 3739 meritum

1222 3794 1286 3836 suae
1314 3774 1577 3837 fructuosissima
1605 3774 1763 3856 passionis
1792 3776 1970 3856 applicatur

1221 3872 1417 3934 hominibus.
1441 3871 1528 3945 Quod
1548 3872 1710 3950 meritum,
1734 3881 1782 3933 est
1802 3872 1969 3953 multiplex

1221 3970 1322 4051 gratia
1335 3978 1367 4032 et
1387 3969 1522 4032 salubris
1543 3968 1679 4031 allectus
1700 3988 1779 4049 quos
1794 3970 1970 4051 promeruit

1221 4068 1290 4146 eis3
1307 4087 1364 4149 per
1377 4086 1457 4149 quos
1474 4067 1570 4128 etiam
1589 4067 1743 4128 uniuntur
1763 4067 1887 4130 Christo
1903 4077 1969 4130 tan-

420 4165 514 4243 Patri,
531 4164 565 4226 in
586 4172 738 4245 quantum
762 4183 800 4226 ex
822 4183 945 4226 summa
966 4174 997 4227 ct
1014 4167 1168 4229 ardentis·
1183 4168 1207 4228 D
1222 4186 1316 4247 quam
1332 4167 1427 4248 capiti
1442 4165 1610 4245 suo,cujus
1623 4165 1736 4247 spiritu
1751 4165 1848 4227 vitam
1860 4166 1968 4246 gratia

421 4264 501 4325 sima
516 4262 657 4339 caritate,
665 4280 703 4323 ex
718 4261 958 4343 incomparabili
972 4264 1165 4343 obediontia,

420 4380 458 4423 cx
479 4358 775 4441 praecordialissime
798 4359 915 4441 pictate
937 4368 966 4422 et
988 4361 1168 4424 misericor-

420 4458 472 4520 dia
495 4476 565 4520 eam
589 4464 792 4536 acceptanter
815 4457 975 4537 sustinuit,
997 4467 1029 4521 et
1051 4460 1090 4520 ad
1110 4461 1167 4522 hu-

420 4555 506 4617 mani
528 4554 653 4635 generis
675 4554 937 4635 redemptionem,
955 4555 1018 4618 imo
1041 4557 1168 4637 potissi-

420 4670 509 4713 mum
531 4652 569 4714 ad
585 4652 639 4713 Dei
655 4651 753 4713 Patris
775 4652 940 4730 honorem,
956 4653 1115 4716 ordinarit
1130 4675 1166 4718 ae

421 4749 537 4813 retulit.
563 4749 757 4831 impiissima
781 4768 867 4827 vero,
894 4751 1113 4814 crudelissima
1137 4761 1169 4815 et

420 4847 475 4912 Dei
492 4846 627 4910 maxime
649 4846 768 4909 exstitit
788 4845 946 4909 ollensiva
960 4867 997 4909 ex
1019 4857 1106 4930 parte
1122 4850 1168 4912 in-

420 4945 590 5009 ferentium
606 4952 638 5006 et
658 4942 874 5025 indigentium
894 4964 975 5023 eam,
994 4946 1025 5007 in
1045 4955 1167 5009 tantum

281 5068 406 5125 mm,
419 5043 504 5125 quod
524 5042 565 5106 ob
584 5043 645 5105 hcc
668 5042 714 5103 ira
738 5042 793 5104 Dei
819 5042 906 5104 veuit
928 5062 1023 5125 super
1044 5045 1168 5110 iudaeos

274 5138 308 5179 ¹⁶·
420 5160 520 5223 usqua
548 5141 581 5202 in
612 5139 723 5201 linem.
753 5140 833 5202 ilinc
861 5140 992 5221 angelus
1020 5142 1100 5205 dixit
1128 5144 1168 5206 ad

269 5239 535 5323 uert.aat.10sapb
553 5262 559 5300 :
577 5236 712 5321 locabis
734 5256 849 5300 nomen
871 5238 942 5320 ejus
963 5240 1082 5321 lesum,
1099 5242 1167 5324 ipse

1223 4285 1259 4327 ac
1274 4273 1394 4327 motum
1410 4265 1561 4326 virtutum
1583 4272 1615 4325 et
1636 4282 1843 4345 supernorum
1868 4264 1969 4326 inere-

1223 4371 1330 4424 menta
1354 4363 1579 4425 charismatum
1608 4361 1792 4440 sortiuntur,
1815 4363 1904 4443 juxta
1932 4362 1969 4423 il-

1224 4461 1278 4522 lnd
1300 4484 1307 4521 :
1329 4461 1371 4522 De
1396 4459 1592 4541 plenitudine
1616 4459 1686 4539 ejus
1710 4479 1820 4523 omnes
1844 4460 2125 4541 accepi-romana.

1223 4578 1306 4636 mus,
1323 4557 1455 4639 gratiam
1477 4576 1534 4638 pro
1556 4558 1667 4638 gratia.

1262 4656 1317 4717 llis
1339 4655 1485 4717 laudibus
1499 4654 1613 4717 Christi
1636 4656 1817 4736 praemissis,
1834 4655 1970 4719 offertur

1224 4754 1251 4815 ei
1274 4753 1374 4817 oratio
1391 4778 1398 4815 :
1415 4756 1554 4815 Exaudi
1569 4773 1678 4829 preces
1697 4756 1893 4831 supplicum,
1908 4754 1968 4816 hoe

1223 4859 1272 4913 est
1288 4861 1474 4915 structorum
1495 4849 1642 4912 lidelium
1665 4850 1722 4912 tibi
1747 4851 1912 4914 humiliter
1932 4870 1968 4913 ac

1223 4950 1335 5012 devote
1349 4949 1609 5031 supplicantium,
1623 4949 1706 5011 sieut
1719 4949 1826 5010 dixisti
1840 4972 1846 5010 :
1858 4948 1967 5027 Petite,
1990 4977 2124 5036 uum„

1223 5056 1254 5110 et
1275 5046 1458 5129 accipietis;
1475 5047 1617 5127 quaerite,
1641 5057 1672 5109 et
1694 5046 1883 5125 invenietis3
1900 5046 1970 5129 pul·
1983 5042 2036 5093 ⁷¹⁸·

1223 5155 1300 5223 sate,
1316 5154 1347 5207 et
1369 5145 1528 5227 aperietur
1550 5144 1640 5208 vobis
1657 5168 1664 5206 :
1681 5144 1786 5208 omnis
1808 5146 1893 5207 enim
1913 5143 1967 5225 qui

1221 5244 1311 5326 petit,
1334 5243 1472 5325 accipit3
1496 5252 1527 5305 et
1547 5244 1601 5325 qui
1623 5244 1752 5323 quaerit,
1770 5242 1913 5323 invenit3
1937 5251 1969 5308 et
