4309 6259
446 488 506 556 406
590 510 631 556 ult
652 508 852 556 saumumo
872 509 1002 556 Atanats
1023 508 1060 555 ΕΤ
1079 508 1178 555 ldlSSAE
1198 507 1424 555 catuunATtotttt
1446 506 1603 555 otatootts.
1627 528 1668 538 -
1688 506 1759 553 altr.
1782 507 1843 553 xttt

443 665 494 744 est
518 679 627 744 fervor
649 681 739 743 bona
758 679 930 743 voluntatis
951 688 1113 763 percerte
1137 680 1231 762 pa-rl
1247 698 1280 743 sa
1299 678 1340 741 sit
1357 686 1503 761 respectu
1522 678 1653 742 actualis
1678 677 1854 743 dilectionis
1874 696 1977 761 proce

445 787 517 843 tens
537 778 671 856 indicin3
687 786 720 842 et
737 798 847 842 rursus
864 804 871 841 :
887 778 1019 843 Devotio
1037 787 1086 841 est
1109 797 1193 860 quas
1246 777 1350 840 dentis
1364 796 1403 840 ex
1417 776 1547 840 cantate
1560 775 1812 860 proficientium,
1826 776 1977 858 potissime

446 878 521 939 dam
542 877 647 940 cordis
667 877 845 941 teneritudo
864 896 927 959 qua
946 877 1018 959 quis
1040 877 1080 940 de
1105 876 1192 940 facili
1246 876 1471 959 perfectorum.

447 975 481 1039 in
503 975 650 1039 lacrimas
672 976 852 1040 resolvitur.
1287 975 1514 1037 sicessos-
1533 974 1595 1037 lsta
1619 974 1768 1037 videntur
1792 973 1977 1055 experientiae

487 1076 633 1137 Vaarrts.
660 1110 700 1121 -
724 1074 862 1137 Diversa
884 1081 958 1137 sunt
983 1072 1107 1156 species
1136 1092 1192 1136 seu
1246 1073 1394 1137 obviare:
1409 1073 1564 1155 siquidem
1580 1072 1774 1154 experientia
1789 1072 1884 1151 docet,
1899 1072 1977 1154 quod

445 1173 532 1237 modi
547 1173 756 1236 definitionis.
774 1172 852 1235 Nam
866 1174 1010 1254 quadarn
1025 1173 1117 1234 datur
1135 1191 1193 1254 per
1247 1171 1344 1252 aliqui
1365 1171 1507 1233 carnales
1528 1177 1559 1233 et
1577 1170 1685 1253 cupidi
1710 1170 1811 1233 multo
1835 1170 1977 1233 intensius

445 1273 639 1351 essentialia,
668 1280 704 1334 ut
731 1289 829 1352 quum
857 1271 985 1349 dieitur,
1016 1271 1115 1333 Homo
1144 1278 1192 1333 est
1247 1276 1341 1351 atque
1357 1270 1532 1332 ferventius
1551 1267 1740 1332 afficiuntur
1753 1269 1792 1331 ad
1808 1268 1937 1331 camalia
1950 1276 1979 1331 et

445 1369 562 1431 animal
579 1370 742 1446 rationale,
758 1377 801 1446 et,
817 1368 866 1430 lra
879 1376 928 1430 est
941 1368 1100 1450 appetitus
1122 1366 1191 1429 vin·
1248 1375 1383 1446 terrena,
1399 1385 1494 1448 quam
1511 1366 1610 1447 aliqui
1632 1366 1706 1429 boni
1727 1367 1766 1429 ad
1786 1367 1880 1429 Deum
1894 1390 1902 1427 ι
1917 1366 1977 1429 imo

445 1464 537 1527 dicta
556 1473 686 1547 propter
708 1464 986 1548 parvipensionem
1010 1472 1065 1525 aut
1088 1463 1191 1526 offen·
1247 1473 1278 1528 et
1298 1466 1396 1547 aliqui
1421 1466 1606 1529 exsistentes
1631 1465 1663 1526 in
1689 1465 1819 1528 caritate
1842 1464 1978 1527 videntur
2107 1504 2108 1555 ,

444 1582 533 1643 sam3
549 1565 693 1645 quadam
706 1582 765 1645 per
782 1582 922 1640 causam,
937 1569 973 1625 ut
994 1580 1091 1643 quum
1114 1560 1191 1624 dici·
1246 1582 1474 1645 nonnunquam
1489 1563 1602 1643 majori
1618 1562 1839 1645 impetuaffici
1853 1563 1888 1625 ad
1902 1582 1978 1625 cren·
2107 1556 2108 1639 l

444 1670 506 1739 tur,
523 1663 596 1725 llies
609 1670 658 1725 est
672 1662 748 1725 latio
766 1661 843 1724 solis
864 1679 960 1742 super
980 1661 1188 1739 horizontem,
1246 1670 1278 1725 ta
1299 1680 1394 1743 quarn
1416 1662 1454 1723 ad
1476 1662 1665 1725 Creatorem.
1812 1742 1815 1747 ,

444 1760 519 1842 quia
551 1779 590 1823 ex
618 1760 759 1823 motione
787 1758 864 1822 solis
899 1759 932 1820 in
966 1758 1190 1841 hemisphaerio
1286 1761 1430 1823 Vnnrms.
1457 1796 1498 1807 —
1520 1759 1644 1841 Aliquis
1667 1760 1785 1822 dicitur
1807 1760 1845 1822 ad
1868 1759 1976 1841 aliquid

443 1867 552 1922 nostro
575 1857 644 1920 dies
668 1866 826 1937 causatur,
842 1857 897 1938 qui
923 1864 1029 1919 tamen
1052 1874 1117 1919 non
1142 1857 1334 1922 estBaffici
1354 1858 1455 1940 magis
1475 1859 1654 1922 autminus
1678 1859 1857 1940 dupliciter.
1873 1850 1979 1935 Primo,

442 1956 571 2038 proprie
598 1963 703 2019 motus
731 1975 788 2018 seu
815 1955 890 2017 latio
919 1954 1007 2033 solis,
1032 1956 1088 2017 sed
1117 1974 1189 2036 pars
1245 1957 1454 2040 appretiative
1485 1980 1491 2019 :
1523 1964 1553 2019 et
1590 1956 1633 2019 ita
1668 1956 1861 2037 quicumque
1885 1955 1978 2037 diligit
2107 1960 2108 1981 ¹

442 2054 616 2136 temporis;
641 2055 785 2135 quadam
811 2072 868 2135 per
892 2053 1055 2115 effectum.
1081 2054 1189 2133 ltaque
1244 2056 1356 2135 Deum,
1372 2054 1606 2137 quantumlibet
1625 2054 1758 2117 remisse
1777 2054 1884 2135 diligat
1900 2074 1976 2130 eum,

442 2151 590 2215 definitio
609 2151 787 2214 devotionis
809 2151 875 2232 jam
899 2150 1059 2232 assignata
1082 2170 1100 2213 a
1125 2170 1186 2229 me,
1245 2159 1351 2215 tamen
1367 2152 1575 2234 appretiative
1590 2152 1695 2233 diligit
1710 2171 1783 2215 eum
1805 2152 1978 2235 plusquam

443 2270 500 2333 per
514 2250 696 2313 essentialia
709 2251 811 2313 datur.
820 2249 877 2312 Illa
892 2268 967 2312 vero
981 2269 1045 2331 qua
1058 2249 1186 2328 dicitur,
1246 2269 1279 2312 se
1294 2251 1399 2331 ipsum
1427 2258 1459 2313 et
1483 2258 1599 2312 cuncta
1626 2258 1742 2313 ereata.
1769 2251 1835 2313 lmo
1861 2258 1890 2313 et
1914 2250 1979 2331 plus

442 2348 572 2412 Devotio
592 2356 641 2410 est
660 2349 766 2411 fervor
784 2348 875 2411 bonae
895 2347 1079 2426 voluntatis,
1097 2347 1190 2410 datur
1244 2349 1351 2411 taliter
1383 2348 1487 2430 diligit
1522 2349 1633 2427 Deum,
1667 2367 1763 2430 quam
1799 2348 1979 2429 quicumque

439 2466 500 2527 ⁴per
514 2466 642 2509 causam
659 2469 666 2507 ε
683 2446 835 2527 quoniam
851 2445 957 2509 fervor
972 2445 1120 2508 virtuosae
1136 2465 1189 2509 vo
1244 2456 1366 2510 amator
1381 2448 1491 2509 mundi
1508 2455 1562 2509 aut
1576 2447 1681 2509 carnis
1697 2456 1783 2509 amet
1802 2446 1933 2509 carnalia
1951 2455 1980 2508 et

442 2543 584 2622 luntatis,
601 2544 656 2625 qui
679 2545 786 2607 fervor
806 2551 895 2606 actus
911 2551 958 2605 est
973 2543 1124 2621 caritatis,
1142 2551 1189 2606 est
1244 2546 1427 2607 mundana:
1450 2546 1567 2607 etenim
1593 2545 1665 2607 telis
1690 2552 1823 2625 amator,
1845 2544 1978 2627 quamvis

441 2643 585 2726 proxima
613 2662 708 2705 causa
735 2642 925 2705 devotionis.
956 2641 1063 2720 Porro,
1090 2659 1188 2722 quum
1244 2644 1387 2721 insanus,
1409 2643 1518 2705 mallet
1543 2642 1683 2705 carnalia
1707 2651 1739 2705 et
1763 2643 1917 2705 mundana
1937 2663 1979 2705 rc·

440 2739 568 2818 dicitur,
584 2739 715 2802 llevotio
737 2746 785 2801 est
803 2739 947 2820 quaedam
972 2738 1077 2800 cordis
1103 2746 1189 2801 tene·
1243 2741 1400 2822 linquere,
1417 2759 1512 2822 quarn
1528 2741 1664 2803 suavita
1685 2740 1815 2822 privari.
1833 2740 1977 2816 Secundo,

439 2837 554 2917 ritudo‚
576 2838 669 2901 datur
690 2857 748 2919 per
772 2836 924 2899 effectum
946 2860 953 2898 :
975 2837 1125 2918 quoniam
1151 2856 1189 2898 ex
1243 2839 1359 2903 dicitur
1378 2839 1493 2919 aliquis
1518 2837 1607 2902 affici
1628 2839 1729 2919 magis
1750 2839 1921 2901 autminus
1944 2838 1978 2899 ad

440 2936 609 2999 devotione
643 2937 782 3014 assidua,
819 2936 994 3017 prasertim
1030 2935 1186 3013 sensibili,
1243 2937 1363 3019 aliquid
1401 2936 1663 3019 perceptibiliter‚
1700 2956 1756 2999 seu
1791 2935 1977 3019 perceptibili

441 3041 589 3095 causatur
602 3034 636 3095 in
651 3033 779 3097 homine
794 3034 938 3113 quadam
954 3033 1105 3095 mollities
1121 3040 1224 3102 cor-C
1243 3044 1337 3117 atque
1353 3034 1495 3097 sensibili
1509 3034 1646 3117 quodam
1661 3034 1793 3114 affectu,
1809 3034 1977 3097 vehementi

440 3132 502 3209 dis,
519 3150 582 3211 qua
595 3131 668 3212 quis
682 3151 720 3194 cn
735 3132 904 3194 devotione
923 3131 1058 3193 faciliter
1072 3131 1185 3212 plorat.
1243 3134 1363 3215 impetu
1378 3141 1433 3195 aut
1448 3134 1572 3197 fervore
1590 3158 1597 3194 :
1614 3140 1647 3196 et
1661 3132 1704 3195 ita
1719 3152 1783 3196 non
1799 3142 1846 3196 est
1859 3152 1979 3196 necesse

439 3230 478 3292 Et
497 3237 630 3312 possunt
650 3228 764 3291 salvari
785 3229 832 3291 bae
851 3229 921 3291 duae
945 3229 1184 3311 descriptiones,
1243 3232 1282 3294 ad
1297 3232 1396 3293 Deum
1412 3231 1482 3312 plus
1498 3230 1598 3310 effici,
1615 3249 1796 3313 quanquam
1812 3231 1871 3293 viri
1886 3228 1980 3311 peric

441 3328 596 3391 sumendo
610 3327 727 3390 bonam
742 3327 937 3389 voluntatem
952 3346 1009 3409 pro
1025 3327 1187 3389 voluntate
1242 3330 1285 3392 cti
1301 3328 1514 3393 communiter
1528 3328 1622 3391 etiarn
1636 3328 1697 3392 boc
1716 3330 1811 3392 modo
1826 3329 1895 3411 plus
1915 3326 1981 3391 affi-

439 3445 510 3507 quae
524 3426 608 3487 bona
621 3433 670 3487 est
682 3424 823 3488 bonitate
836 3425 994 3505 gratiae,et
1004 3443 1068 3488 non
1084 3426 1186 3489 solum
1243 3428 1367 3490 ciantur
1382 3428 1421 3489 ad
1441 3427 1561 3503 Deum,
1577 3426 1609 3489 in
1629 3426 1702 3488 aliis
1720 3434 1827 3489 autem
1846 3424 1980 3490 affectio

439 3523 579 3587 bonitate
594 3531 724 3603 naturae,
741 3522 807 3585 sive
821 3542 859 3585 en
873 3542 1010 3604 genere3
1027 3522 1185 3586 fervorem
1243 3546 1299 3589 nes
1322 3525 1460 3588 caritatis
1475 3524 1508 3586 in
1524 3524 1678 3606 superiori
1700 3524 1732 3587 vi
1754 3522 1902 3588 affectiva
1922 3543 1980 3588 non

440 3641 566 3704 quoque
594 3622 780 3704 accipiendo
809 3640 866 3703 pro
894 3620 1014 3684 affectu
1046 3621 1186 3684 caritatis
1243 3632 1317 3686 sunt
1330 3623 1521 3705 generaliter
1537 3622 1580 3684 ita
1594 3622 1819 3704 perceptibiles
1834 3624 1980 3705 percepti-

439 3722 564 3783 intenso
592 3721 624 3782 in
653 3720 809 3801 superiori
837 3720 950 3782 animae
979 3728 1077 3801 parte.
1108 3719 1186 3782 Nam
1242 3721 1411 3803 biliterque
1434 3721 1577 3797 intensae,
1595 3721 1678 3783 sicut
1696 3719 1883 3784 affectiones
1907 3720 1981 3783 infe

440 3828 731 3901 quantumcumque
756 3818 888 3880 remissa
915 3836 971 3879 seu
999 3817 1186 3899 imperfecta
1243 3820 1335 3883 rionis
1358 3819 1549 3901 appetitiva.

441 3919 482 3981 sit
496 3918 621 3998 caritas,
637 3918 707 3999 ipsa
722 3925 827 3979 tamen
841 3916 945 3998 major
958 3924 990 3978 et
1009 3915 1121 3979 fortior
1139 3925 1187 3979 est
1283 3918 1449 3980 Snonaoos.
1476 3953 1518 3963 -
1544 3917 1673 3980 Placent
1700 3917 1767 3980 baec
1796 3918 1896 3981 valde.
1925 3918 1980 3981 Sed

440 4035 536 4097 quam
551 4034 758 4097 quacumque
773 4015 939 4095 cupiditas,
949 4022 985 4076 ut
999 4033 1094 4096 super
1107 4014 1186 4076 illud
1242 4034 1354 4098 precor
1367 4014 1520 4077 diffusius
1536 4015 1614 4078 mibi
1634 4015 1749 4096 exponi
1771 4015 1906 4097 qualiter
1927 4016 1982 4079 fcr-

340 4164 346 4177 .
381 4148 425 4186 vn.
441 4113 557 4195 legisti,
583 4113 705 4176 Bonum
733 4112 811 4174 mibi
840 4113 890 4174 lex
915 4113 980 4175 oris
1008 4111 1066 4192 tui,
1092 4132 1188 4195 super
1242 4133 1299 4177 vor
1313 4114 1453 4176 caritatis
1468 4112 1509 4175 sit
1525 4112 1667 4194 proxima
1681 4132 1777 4176 eausa
1799 4114 1979 4195 devotionis,

293 4200 305 4214 '
322 4228 328 4239 ·
440 4211 539 4275 millia
552 4210 621 4272 auri
636 4218 668 4273 et
681 4210 802 4291 argenti
821 4233 827 4271 :
844 4209 971 4272 llinima
985 4210 1101 4273 caritas
1122 4231 1187 4273 ma·
1202 4211 1227 4273 D
1243 4211 1415 4294 presertim
1437 4229 1535 4292 quum
1553 4212 1642 4292 juxta
1666 4211 1839 4293 praehabita
1862 4212 1980 4275 devotio

437 4310 490 4391 jor
503 4315 552 4371 est
565 4326 660 4389 quam
679 4307 833 4389 cupiditas
855 4308 1001 4371 manime.
1018 4308 1076 4382 Qui
1098 4310 1185 4371 enim
1242 4309 1283 4373 sit
1296 4308 1396 4371 latriae
1410 4316 1511 4391 actus,
1528 4317 1559 4371 et
1579 4309 1623 4371 ita
1641 4308 1789 4372 videatur
1807 4310 1980 4373 immediate

439 4427 477 4471 en
492 4406 620 4469 caritate
641 4404 746 4487 diligit
766 4405 875 4483 Deum,
893 4413 1185 4487 quantumcumque
1241 4427 1279 4469 en
1305 4406 1395 4469 latria
1423 4425 1571 4469 emanare
1598 4430 1605 4468 :
1632 4407 1697 4469 imo
1726 4427 1835 4469 rursus
1858 4416 1981 4490 apparet

438 4505 625 4587 imperfecte
639 4504 751 4586 diligat
764 4523 849 4584 eum,
867 4512 973 4566 umen
988 4504 1060 4585 plus
1081 4503 1186 4585 diligit
1240 4506 1323 4587 quod
1343 4504 1526 4568 immediate
1549 4524 1587 4569 ex
1611 4504 1718 4586 aliqua
1736 4506 1980 4588 apprehensione

437 4624 512 4668 eum
526 4623 620 4684 quam
636 4610 721 4665 amet
735 4622 769 4665 se
784 4603 889 4683 ipsum
904 4610 936 4663 et
949 4608 1050 4664 toturn
1062 4601 1186 4664 univer·
1241 4602 1402 4684 cognitiva
1426 4622 1482 4665 seu
1511 4603 1694 4685 cognitione
1720 4612 1880 4683 nascatur,
1907 4605 1980 4668 sicut

437 4722 508 4765 sum
522 4725 529 4763 :
541 4702 619 4764 alias
635 4720 699 4763 non
714 4699 861 4781 diligeret
875 4700 974 4762 Deum
988 4719 1026 4762 ex
1040 4700 1183 4781 caritate,
1240 4710 1272 4765 et
1293 4702 1362 4782 ipsa
1383 4700 1523 4764 dilectio.

436 4801 502 4864 imo
522 4800 555 4864 in
580 4797 706 4863 mortali
727 4807 812 4861 esset
836 4807 977 4880 peceato,
998 4818 1097 4879 quum
1124 4798 1184 4861 boc
1279 4799 1425 4861 Vanrrns.
1441 4834 1482 4845 -
1500 4799 1590 4861 Utilis
1614 4800 1758 4880 questio,
1775 4800 1979 4882 objectiones·

289 4924 421 4978 neces,
437 4899 478 4961 sit
493 4897 632 4962 caritatis
647 4905 851 4980 praeceptum,
860 4904 925 4959 toto
940 4896 1034 4958 corde
1050 4895 1184 4976 diligere
1238 4915 1299 4978 que
1313 4897 1404 4960 bonae
1421 4919 1428 4957 :
1446 4897 1485 4959 ad
1499 4915 1633 4978 quarum
1654 4897 1771 4960 claram
1795 4898 1976 4963 solutionem

280 4986 421 5091 ff‘lffl’
436 4998 546 5059 Deum.
564 4996 679 5076 Sicque
699 4994 831 5057 actualis
846 4992 974 5057 dilectio
994 5011 1032 5055 ex
1053 4992 1183 5055 caritate
1237 5004 1361 5075 oportet
1384 4995 1548 5077 paululum
1574 4995 1749 5058 immorari.
1772 4996 1879 5077 ltaque
1906 4998 1979 5060 scito

310 5081 315 5093 ¹
435 5092 658 5177 incipientium
676 5092 857 5154 immediate
882 5090 988 5154 elicita
1012 5110 1049 5153 ac
1074 5109 1183 5172 proce·
1236 5094 1318 5175 quod
1345 5093 1471 5157 devotio
1496 5112 1534 5155 ex
1559 5093 1649 5155 latria
1674 5093 1776 5156 oritur
1804 5094 1978 5158 immediate

434 5195 525 5270 dens,
542 5199 590 5255 est
604 5192 729 5253 intensa
742 5210 799 5252 seu
814 5190 904 5252 fortis
926 5187 1056 5251 affectio
1075 5206 1182 5269 respc-
1235 5191 1386 5271 elicitive,
1414 5192 1680 5273 quemadmodum
1710 5199 1741 5254 et
1768 5193 1865 5256 ceteri
1895 5204 1977 5257 actus

433 5300 486 5357 ctu
501 5290 689 5355 debiliorum
704 5287 891 5369 affectuum,
907 5286 1053 5369 quamvis
1068 5286 1179 5349 remis·
1234 5290 1367 5354 virtuosi
1383 5308 1419 5354 ex
1434 5288 1572 5373 propriis
1588 5289 1651 5352 illis
1662 5289 1834 5355 virtutibus
1848 5310 1976 5374 quarum
