4309 6259
471 494 531 559 :tet
985 505 1143 554 nxrosruo
1163 504 1269 552 mssa.
1294 522 1334 534 —
1354 506 1423 553 aar.
1447 507 1523 553 xvur

473 682 633 759 adoretur,
659 679 690 743 id
715 688 774 761 θεῖ,
800 678 960 741 adorando
984 677 1106 740 colatur
1129 682 1223 755 atque
1239 675 1263 736 Α
1278 678 1358 737 derra
1367 695 1430 752 per
1443 678 1647 753 semetipsum
1663 681 1707 738 ad
1715 682 1833 750 Deum,
1843 698 1956 757 semper
1967 684 2005 741 oi-

474 780 631 857 credatur,
653 801 670 838 a
691 777 868 860 proprietas
889 799 918 855 a,
940 776 972 838 id
992 782 1040 837 cst
1058 772 1137 836 illud
1159 790 1223 853 quo
1279 794 1355 834 oens
1368 777 1413 834 ad
1432 777 1711 851 interpellandam
1722 794 1785 852 pro
1800 779 1897 839 netis.
1912 776 2007 851 Quem

473 895 538 938 una
564 893 701 957 persona
728 872 936 954 distinguitur
964 871 1004 934 ab
1032 870 1107 949 alia,
1137 868 1222 948 quod
1278 870 1448 935 admodum
1488 880 1598 935 auctor
1632 873 1807 936 Rationalis
1846 875 2004 939 divinorum

473 982 522 1037 est
546 973 615 1054 ipsa
639 971 734 1035 realis
759 969 936 1033 subsistens
960 968 1071 1031 relatio
1100 990 1106 1029 :
1133 967 1224 1029 Pater
1278 976 1420 1047 testatur,
1455 970 1610 1051 quidquid
1651 990 1807 1035 canonem
1842 977 2005 1054 exponendo

473 1071 561 1135 enim
585 1070 793 1152 distinguitur
820 1088 840 1131 a
864 1068 942 1131 Filio
970 1085 1028 1147 per
1052 1064 1223 1147 paternita-
1278 1085 1432 1129 conamur
1452 1067 1640 1147 exprimere,
1662 1068 1715 1131 rix
1739 1068 1877 1152 alicujus
1900 1070 2005 1135 videtur

474 1177 549 1246 tem,
579 1177 610 1231 et
637 1167 735 1230 filius
767 1186 786 1229 a
813 1166 902 1229 Patre
929 1184 988 1247 per
1019 1163 1220 1239 filiationem,
1278 1183 1348 1227 esse
1364 1166 1531 1244 momenti,
1546 1166 1697 1249 quoniam
1713 1166 1766 1230 hic
1781 1167 2003 1249 linguadefieit‚

473 1274 505 1329 et
527 1266 664 1348 Spiritus
687 1265 820 1328 Sanctus
845 1263 886 1325 ab
909 1270 1042 1342 utroque
1067 1280 1124 1342 per
1151 1278 1223 1342 pro·
1278 1281 1369 1325 mens
1398 1272 1574 1345 superatur,
1599 1265 1825 1329 Verumtamen
1850 1268 1927 1348 quod
1949 1268 2005 1351 Spi-

473 1364 650 1428 cessiouem
671 1382 727 1426 seu
749 1362 954 1443 spirationem
976 1360 1146 1442 passivam.
1169 1357 1223 1421 Se-
1279 1360 1357 1423 ritus
1386 1362 1529 1424 veritatis
1558 1364 1676 1427 donare
1704 1364 1864 1445 dignatur,
1892 1366 2004 1430 abscon-

472 1464 604 1545 quitur:
622 1485 639 1522 ε
662 1470 695 1524 θῖ
715 1462 748 1523 in
768 1461 907 1523 essentia
929 1460 1033 1521 unitas
1053 1481 1081 1535 n,
1099 1456 1223 1519 scilicet
1278 1460 1417 1523 dandum
1452 1478 1516 1523 non
1553 1468 1610 1523 est.
1641 1460 1747 1524 Canon
1783 1481 1871 1543 ergo,
1902 1464 1949 1544 qui
1979 1474 2005 1527 et

473 1562 621 1625 adoretur
647 1583 654 1622 :
680 1567 728 1623 est
751 1559 838 1621 enim
863 1577 926 1619 una
949 1556 1088 1619 essentia
1117 1555 1150 1615 in
1175 1554 1224 1616 di·
1279 1558 1389 1640 regula
1415 1558 1544 1639 dicitur,
1571 1558 1692 1623 idcirco
1718 1560 1761 1623 ita
1786 1568 1922 1640 vocatur,
1941 1580 2004 1643 quo

473 1660 613 1736 vinis3u
635 1658 722 1719 etin
743 1656 909 1738 majestate
932 1654 1017 1733 »,·id
1039 1661 1087 1716 est
1108 1670 1223 1732 magna
1278 1656 1364 1719 niam
1389 1676 1426 1720 ex
1451 1656 1569 1738 regulis
1595 1657 1782 1720 Sanctorum
1812 1660 2002 1740 componitur,

472 1764 627 1840 potestate
653 1756 835 1818 divinarum
860 1770 1081 1836 personarum,
1106 1773 1123 1811 a
1149 1750 1223 1813 ado
1278 1764 1309 1817 et
1323 1755 1398 1836 quia
1417 1774 1474 1837 per
1493 1773 1566 1817 eum
1587 1756 1773 1836 regulariter
1787 1756 2003 1820 Sacramentum

471 1864 559 1917 retur
578 1876 607 1935 a,
628 1854 660 1916 id
679 1861 738 1932 est,
759 1852 919 1916 adoranda
943 1851 1092 1913 credatur
1109 1868 1145 1913 ac
1171 1856 1260 1919 ve-lt
1278 1852 1385 1915 altaris
1411 1851 1594 1917 conficitur.
1620 1853 1690 1917 Non
1714 1862 1762 1917 est
1789 1862 1892 1917 autem
1917 1874 2003 1918 canon

472 1961 611 2032 neretur,
642 1974 659 2011 «
689 1952 853 2032 equalitas
882 1973 911 2012 a.
942 1948 1100 2030 Quidquid
1135 1946 1221 2009 enim
1278 1952 1318 2014 ab
1345 1970 1409 2015 uno
1438 1951 1644 2033 compositus,
1671 1953 1727 2015 sed
1750 1954 1866 2035 partim
1887 1974 1906 2016 a
1929 1954 2004 2017 Petro

471 2060 576 2134 potest
597 2070 661 2113 uua
683 2068 831 2133 persona,
852 2056 956 2129 potest
977 2056 1007 2110 et
1029 2047 1102 2123 alia,
1123 2062 1222 2128 quum
1277 2051 1431 2131 apostolo,
1452 2058 1484 2113 et
1507 2050 1622 2131 partim
1647 2051 1688 2113 ab
1711 2051 1794 2113 aliis.
1815 2051 1920 2115 Fertur
1939 2071 2004 2133 quo

471 2169 669 2232 unaquaeque
684 2150 808 2212 dicatur
826 2147 1027 2228 omnipotens
1044 2169 1051 2207 :
1070 2145 1145 2221 imo,
1162 2144 1223 2206 sic·
1278 2167 1350 2229 que,
1376 2149 1462 2229 quod
1485 2148 1567 2229 Papa
1590 2147 1733 2211 Gelasius
1754 2148 1779 2229 1,
1805 2159 1874 2231 post
1896 2150 2003 2213 Petrum

473 2258 508 2311 ut
529 2249 627 2310 trium
651 2266 858 2329 personarum
881 2253 929 2308 θεῖ
950 2263 1014 2307 una
1034 2250 1157 2319 natura,
1180 2241 1222 2303 ita
1279 2264 1433 2309 canonem
1452 2246 1673 2329 principaliter
1691 2247 1862 2311 ordinavit.

473 2355 505 2409 θῖ
532 2346 616 2409 actio
639 2365 705 2408 una
729 2344 873 2408 absolute
900 2351 1041 2424 accepta,
1068 2348 1104 2402 ut
1131 2340 1224 2403 intel·
1317 2344 1372 2406 Est
1392 2363 1468 2426 ergo
1487 2345 1651 2407 exordium
1672 2346 1805 2409 canonis
1824 2369 1830 2409 :
1850 2350 2004 2425 Peipttar,

471 2445 584 2526 ligere,
600 2445 693 2523 velle,
710 2462 829 2520 creare,
845 2443 1033 2524 gubernare,
1051 2447 1112 2501 etc.
1277 2446 1523 2504 clementissime
1533 2446 1835 2519 Pammenem
1846 2447 2004 2515 Christum,

512 2543 685 2625 Sequitur:
703 2538 1142 2615 Quam,videlicetdivinam
1157 2555 1224 2598 ma·
1276 2543 1404 2603 Filium
1432 2549 1538 2612 tuum,
1561 2542 1740 2603 Dominum
1767 2552 1923 2615 nostrum,
1943 2562 2005 2620 sarp-

470 2641 629 2723 jestatem,
652 2644 792 2701 laudant
812 2641 935 2717 Angeli
954 2647 1053 2717 atque
1069 2636 1221 2699 Archan-
1273 2641 1375 2716 plicas
1396 2658 1548 2716 rogamus
1566 2658 1605 2699 ac
1614 2642 1759 2716 petimus
1773 2660 1785 2699 .·
1800 2641 1860 2704 hoc
1874 2648 1928 2720 cst,
1942 2660 2006 2722 quo

467 2741 547 2818 peti,
568 2742 742 2801 Cherubim
761 2758 886 2818 quoqne
904 2756 942 2797 ac
959 2736 1145 2811 Seraphim.
1166 2732 1224 2794 Per
1278 2735 1364 2799 niam
1386 2736 1517 2818 dignum
1540 2744 1572 2799 et
1591 2736 1712 2817 justum
1735 2746 1783 2801 est
1802 2756 1860 2802 nos
1881 2739 1933 2803 tihi
1950 2748 2005 2801 tan-

470 2840 530 2902 hos
550 2847 688 2921 quatuor
711 2838 851 2918 ordines,
877 2853 1013 2917 quorum
1037 2833 1113 2911 duo,
1136 2832 1223 2895 vide
1277 2854 1372 2915 quam
1387 2834 1469 2896 Patri
1485 2854 1522 2897 ac
1534 2834 1668 2899 Domino
1682 2854 1755 2897 cum
1770 2838 1892 2918 angelis
1905 2838 2005 2919 gratias

396 2937 400 2945 “
471 2939 547 3001 licet
574 2937 687 3019 Angeli
716 2945 748 2999 et
774 2934 977 3017 Archangeli,
1007 2940 1082 2995 sunt
1115 2930 1221 2993 infimi
1278 2952 1383 3014 agere,
1400 2932 1546 3012 ideo,o«
1567 2931 1816 2997 clementissime
1835 2935 1930 3014 Pater,
1946 2954 2006 3017 sup
2105 2918 2106 2935 ¹

472 3037 507 3099 in
537 3037 650 3099 ultima
676 3034 867 3112 hierarchia,
897 3040 930 3095 et
963 3032 1018 3094 alii
1052 3031 1117 3094 duo
1150 3037 1259 3103 suntc
1278 3031 1378 3113 plices
1407 3052 1436 3111 a,
1465 3030 1498 3093 id
1527 3039 1575 3093 θεῖ
1602 3028 1770 3095 affectuosi
1806 3052 1843 3097 ac
1874 3033 2005 3111 humiles,

472 3134 589 3198 summi
611 3134 645 3195 in
667 3134 771 3215 prima
793 3130 983 3210 hierarchia,
1000 3129 1223 3210 intelliguntur
1279 3147 1459 3211 erogamus
1481 3148 1518 3191 ac
1540 3130 1678 3210 petimus
1694 3152 1723 3209 n,
1741 3131 1774 3193 id
1795 3140 1855 3211 est,
1870 3140 1966 3195 mente
1982 3140 2007 3194 θῖ

471 3233 526 3296 alii
548 3233 690 3314 quinque
712 3232 841 3295 ordines
862 3228 1054 3292 intermedii.
1072 3230 1137 3297 Qui
1157 3246 1222 3287 non
1277 3227 1570 3291 oreseuanimaet
1590 3245 1722 3309 corpere
1736 3230 2006 3309 postulamus‚utc
2104 3316 2105 3319 Ἴ

470 3340 607 3400 cessant,
631 3329 664 3391 id
688 3336 747 3406 est,
772 3346 935 3407 nunquam
959 3325 1120 3404 desinunt,
1146 3344 1223 3404 quo-
1277 3345 1334 3407 pcr
1361 3325 1466 3387 lesum
1496 3324 1666 3404 Christum,
1695 3325 1811 3389 Filium
1840 3336 1937 3407 tuum,
1959 3328 2008 3391 llo

472 3430 554 3489 tidie
572 3431 727 3496 clamare,
748 3426 780 3488 id
802 3432 850 3488 est
870 3423 992 3487 ardenti
1015 3421 1135 3486 affectu
1156 3421 1223 3483 lau·
1277 3424 1400 3486 minum
1425 3430 1568 3487 nostrum
1598 3445 1635 3501 ε,
1662 3427 1715 3485 uti
1740 3436 1869 3503 accepta
1895 3428 2005 3495 habeas,

470 3524 634 3602 danaum
648 3544 720 3585 occe
733 3523 1220 3591 dicentes.·Sanctus,Sanctus,
1278 3524 1311 3586 id
1335 3530 1393 3601 est,
1418 3529 1454 3584 ut
1477 3521 1534 3584 tibi
1560 3522 1789 3604 complaceant,
1814 3542 1872 3587 nec
1895 3532 2007 3607 propter

470 3627 624 3685 Sanctus.
640 3622 675 3683 ln
689 3620 792 3703 patria
806 3619 928 3683 coelesti
942 3636 1006 3681 non
1022 3616 1152 3681 estdies
1167 3623 1221 3678 aut
1278 3618 1553 3704 imperfectionem
1588 3628 1728 3683 nostram
1763 3621 1957 3703 displiceant,
1982 3630 2006 3681 et

471 3739 545 3801 nox,
571 3740 631 3783 nec
659 3720 744 3783 actio
766 3718 934 3781 Beatorum
960 3725 1102 3797 ternpore
1133 3734 1221 3777 men·
1278 3720 1457 3788 benedicas,
1473 3718 1504 3780 id
1521 3725 1580 3799 θεῖ,
1600 3719 1702 3801 gratia
1720 3727 1753 3782 et
1772 3719 1887 3783 virtute
1902 3718 2006 3784 coelesti

472 3829 609 3898 suratur,
623 3821 679 3883 sed
694 3838 773 3883 avo.
789 3819 944 3881 Dicuntur
957 3825 1063 3878 tamen
1083 3814 1220 3896 angelici
1277 3810 1450 3892 perfundas
1478 3821 1573 3894 atque
1597 3814 1781 3879 sanctifices
1810 3816 2006 3881 convertendo
2103 3802 2104 3831 ³

325 3940 457 3996 amaa.
473 3919 605 4001 spiritus
619 3918 763 3999 requiem
779 3935 843 3979 non
859 3915 975 3978 hahere
994 3914 1046 3977 die
1061 3933 1098 3977 ac
1114 3920 1218 3989 nocte,
1277 3926 1314 3969 ea
1339 3908 1372 3969 in
1397 3926 1512 3990 corpus
1541 3916 1573 3973 et
1596 3910 1784 3991 sanguinem
1808 3912 1931 3989 Christi,
1952 3914 2007 3973 rac

325 5182 360 5231 2⁴,
369 5180 404 5222 25.

473 4037 530 4080 scu
556 4017 694 4079 clamare
718 4014 873 4095 quotidie,
900 4013 1045 4091 Sanctus,
1072 4012 1217 4088 Sanctus,
1276 4008 1416 4087 †dooa,
1440 4010 1507 4069 haec
1527 4010 1547 4090 †
1565 4030 1715 4081 munera,
1740 4010 1772 4073 id
1800 4021 1850 4073 θεῖ
1875 4010 2006 4075 materias

474 4117 608 4180 Sanctus
630 4137 638 4175 ε
659 4113 811 4195 quoniam
836 4111 1069 4174 incessabiliter
1098 4109 1221 4172 intelle·
1276 4105 1352 4167 istas
1375 4106 1508 4185 oblatas,
1532 4106 1682 4171 videlicet
1705 4126 1820 4189 panem
1843 4118 1875 4173 et
1899 4110 2005 4187 vinum,

473 4212 572 4276 ctuali
600 4229 679 4275 voce
705 4210 892 4291 internaque
915 4208 1008 4271 laude
1032 4210 1131 4271 Deum
1157 4207 1221 4270 col·
1235 4207 1260 4269 D
1275 4222 1346 4285 quea
1364 4204 1515 4268 dicuntur
1532 4228 1550 4265 a
1571 4207 1654 4270 dona
1674 4228 1703 4287 r,
1720 4208 1795 4288 quia
1814 4209 1905 4272 nobis
1922 4229 1939 4272 a
1955 4209 2007 4270 Deo

474 4311 605 4375 laudant
618 4311 652 4372 in
663 4309 799 4392 quadam
814 4308 980 4371 duratione
1000 4326 1056 4371 seu
1070 4325 1221 4369 mensura
1278 4302 1391 4365 collata
1410 4312 1494 4382 sunt,
1511 4311 1543 4367 et
1562 4326 1579 4363 u
1595 4322 1728 4368 munera
1743 4328 1772 4383 n,
1789 4308 1937 4388 quoniam
1955 4306 2007 4368 Deo

473 4428 569 4474 omne
584 4418 710 4491 tempus
725 4407 920 4488 includente,
932 4426 1002 4488 quae
1026 4406 1220 4469 aeviternitas
1277 4419 1334 4482 per
1355 4419 1413 4464 nos
1435 4410 1508 4463 sunt
1529 4400 1712 4479 immoleta3
1728 4405 1796 4465 haec
1814 4406 1953 4486 †scnctn
1969 4422 2008 4464 sa·

473 4507 663 4591 appellatur,
676 4507 727 4571 vel
744 4514 829 4570 certe
842 4506 1031 4588 participata
1045 4504 1217 4568 aeternitas.
1276 4501 1404 4577 crificia
1420 4502 1560 4563 illibata.
1577 4501 1664 4565 Dona
1684 4501 1751 4565 haec
1773 4502 1922 4567 dicuntur
1940 4520 2007 4563 usa-

1277 4596 1402 4662 crifieia
1424 4620 1452 4676 a,
1476 4597 1551 4680 quia
1572 4599 1635 4663 Deo
1657 4598 1859 4681 offeruntur;
1875 4602 2008 4665 dicuntur

559 4768 562 4774 .
644 4717 890 4782 ARTICULUS
918 4716 1043 4779 xvm,
1277 4705 1308 4759 et
1324 4719 1340 4755 ε
1357 4704 1465 4760 sancta
1481 4719 1498 4757 a
1514 4698 1661 4761 eomodo
1680 4716 1743 4779 quo
1763 4699 1861 4764 altare
1881 4700 2008 4764 velten-

883 4800 886 4803 ’
1276 4796 1365 4878 plum
1381 4795 1669 4876 dicitursanctum,
1684 4796 1760 4878 quia
1779 4796 2009 4862 videlicetordi·
2100 4856 2101 4871 ,

1277 4903 1393 4957 uantur
1406 4895 1447 4957 ad
1461 4894 1588 4977 aliquod
1605 4896 1781 4974 sacrum,id
1797 4906 1846 4961 θεῖ
1859 4898 1898 4959 ad
1909 4912 2008 4976 corpus

1277 5001 1308 5055 et
1336 4993 1523 5073 sanguinem
1553 4993 1681 5073 Christi,
1710 4993 1743 5055 in
1772 5012 1836 5075 quo
1868 5003 1939 5057 sunt
1963 5010 2009 5073 per
2100 4996 2101 5007 ¹

328 5114 399 5160 neor.
420 5128 457 5167 vu.
533 5097 736 5162 HRlSTUSeo
751 5099 838 5176 qood
852 5104 980 5157 maneat
996 5098 1033 5156 in
1046 5106 1220 5167 eternum,
1277 5091 1938 5174 supernaturalemtranssubstantiationem
1947 5109 2009 5154 con-

491 4851 539 4910 De
552 4849 784 4926 explanatione
795 4848 915 4924 prima
929 4848 1039 4923 partis
1052 4848 1199 4917 canonis,

630 4939 754 4997 scilicet
770 4956 781 4995 .·
798 4940 841 4998 Te
859 4938 978 5013 igitur,
998 4942 1056 4996 etc.

547 5198 782 5274 sempiternom
796 5195 889 5254 taber
908 5195 1126 5253 sacerdotium
1137 5213 1149 5253 .·
1160 5213 1221 5254 un·
1275 5189 1600 5253 vertendalticuntur
1613 5191 1709 5254 etiam
1724 5191 1808 5254 dona
1824 5214 1842 5253 a
1857 5192 1971 5255 illibata
1984 5212 2007 5265 a,

471 5300 512 5359 de
531 5306 562 5359 et
584 5299 712 5357 salvare
733 5296 984 5372 inperpetuum
999 5300 1117 5369 potest,
1138 5312 1221 5353 acce·
1275 5288 1350 5371 quie
1370 5288 1410 5351 ad
1431 5288 1567 5351 litteram
1589 5306 1669 5371 pura
1687 5298 1720 5353 et
1739 5290 1864 5373 integra
1881 5308 1948 5355 esse
1965 5288 2008 5351 dc
2099 5338 2100 5365 ,
