4309 6259
453 484 518 549 ’368
973 494 1132 543 arrosmo
1152 494 1259 541 ursan.
1284 510 1323 523 -
1343 494 1413 541 rur.
1436 495 1512 543 mr

460 672 592 756 quietat.
619 669 746 734 'l'alihus
775 668 1007 732 consulendum
1034 666 1150 749 opinor
1178 665 1250 728 utA
1267 666 1364 729 verbo
1398 666 1546 729 credatur
1575 690 1582 729 ε
1613 676 1732 749 quanto
1760 670 1859 751 magis
1886 690 1996 736 summo

461 771 624 850 differant,
652 789 692 831 ne
718 767 750 829 iu
776 767 847 851 ipsa
870 765 1083 829 celebratione
1113 764 1212 845 phau·
1265 764 1341 845 Regi
1361 784 1398 827 ac
1418 764 1557 847 principi
1574 766 1669 830 totius
1689 768 1831 831 universi
1852 768 1993 851 displicet,

462 870 542 932 tasia
557 867 709 931 distrahat
727 873 879 945 mentem,
895 872 927 927 et
948 863 1097 945 cogitatio
1116 863 1211 925 illatae
1266 861 1292 923 si
1308 861 1415 924 verbis
1436 862 1506 943 eius
1526 882 1590 926 uon
1610 866 1758 928 credatur
1777 866 1847 929 sine
1866 868 1995 931 cautione

464 967 589 1049 injurie
613 984 669 1029 seu
693 962 891 1027 adversitatis
913 961 1115 1025 devotionern
1137 979 1212 1023 con·
1266 959 1435 1041 rationum,
1453 980 1547 1041 quam
1559 971 1704 1043 querunt
1718 964 1864 1045 gentiles,
1876 974 1926 1027 aut
1939 985 1995 1029 cer-

462 1065 578 1128 turbet.
605 1064 665 1127 Sed
696 1062 822 1125 interim
851 1080 908 1142 pro
931 1058 1032 1142 gratia
1055 1058 1210 1121 stabiliori
1266 1064 1296 1120 te
1318 1058 1492 1139 signorum,
1510 1078 1605 1140 quam
1630 1070 1776 1142 quaerunt
1798 1061 1903 1141 Judaei,
1917 1063 1996 1144 juxta

463 1172 494 1226 et
519 1161 746 1242 tranquillitate
770 1159 906 1237 sincera,
927 1165 958 1220 et
981 1155 1210 1239 preparatione
1266 1155 1344 1217 illud
1360 1156 1501 1238 Apostoli
1520 1180 1526 1219 :
1543 1157 1641 1221 ludaei
1663 1158 1752 1241 signa
1774 1168 1893 1241 petunt,
1908 1160 2095 1239 Graecum¹

463 1262 502 1325 ad
525 1261 776 1336 Sacramentum,
797 1256 1028 1320 studiosissime
1052 1254 1209 1316 Christum
1266 1262 1371 1315 autem
1396 1254 1584 1335 sapientiam
1608 1266 1763 1338 quarunt.
1786 1257 1932 1339 Denique,
1952 1260 1995 1323 hic

462 1360 634 1440 deposcere
658 1357 849 1434 habentne
873 1353 1066 1417 abstinentia
1089 1372 1108 1415 a
1131 1351 1212 1414 divi·
1267 1352 1379 1414 modus
1404 1353 1629 1434 cognoscendi,
1647 1354 1797 1419 videlicet
1822 1374 1876 1437 per
1897 1356 1994 1435 iidem,

464 1456 597 1519 nissimc
625 1455 830 1518 Sacramento
854 1452 944 1535 parvi
969 1453 1135 1533 pendatur,
1159 1450 1210 1512 vel
1267 1449 1419 1513 estnobis
1434 1450 1791 1515 meritoriushsseusus
1805 1472 1936 1535 namquo
1950 1474 1997 1536 per

463 1556 497 1619 in
518 1554 781 1619 cousuetudinem
803 1558 1016 1615 convertatur.
1266 1564 1361 1627 quem
1380 1547 1571 1611 assentimus
1592 1567 1650 1630 per
1668 1569 1702 1613 se
1722 1550 1818 1631 notis,
1834 1552 1882 1613 vel
1900 1571 1997 1615 ncces-

1268 1644 1350 1709 sario
1364 1646 1599 1727 demonstratis,
1617 1646 1668 1710 vel
1684 1647 1848 1711 evidenter
1860 1650 1996 1731 probatis,

1268 1750 1322 1805 aut
1336 1743 1442 1805 sensui
1458 1744 1649 1823 manifestis,
1667 1746 1781 1809 merito
1802 1755 1896 1827 earet,
1911 1766 1996 1829 quum

638 1877 884 1943 ARTIGULUS
913 1875 1040 1938 XXXI,
1230 1842 1333 1905 bnon
1349 1843 1388 1905 sit
1407 1842 1497 1924 liber,
1514 1845 1568 1907 scd
1590 1844 1681 1926 quasi
1704 1854 1842 1909 coactus.
1858 1847 1998 1911 Assensus

1268 1948 1374 2004 autem
1398 1960 1461 2023 quo
1490 1961 1547 2024 per
1570 1942 1670 2006 iidem
1694 1945 1883 2009 assentimus
1907 1946 1999 2009 verbis

464 2061 511 2120 De
535 2076 570 2116 eo
592 2057 679 2135 quod
701 2054 827 2113 dictum
848 2061 894 2111 est
914 2052 951 2111 in
974 2050 1214 2110 consecratione
1267 2040 1386 2103 divinis
1402 2049 1531 2123 propter
1546 2042 1646 2105 solam
1665 2042 1884 2107 auctoritatem
1905 2044 2000 2107 dicen·

504 2145 690 2222 sanguinis,
706 2143 904 2220 Mysterium
917 2142 998 2217 fidei
1002 2161 1016 2207 ,·
1034 2148 1065 2198 et
1084 2140 1124 2197 de
1146 2156 1213 2197 cer·
1268 2138 1320 2219 tis,
1337 2138 1468 2202 omnino
1483 2147 1531 2202 est
1550 2139 1633 2203 liber
1649 2164 1656 2203 :
1674 2142 1759 2204 unde
1781 2150 1814 2204 et
1833 2143 1999 2205 meritorius

506 2236 634 2296 tissima
653 2242 751 2312 atque
768 2231 961 2308 firmssSima
980 2231 1047 2306 fide
1065 2229 1213 2287 labenda
1269 2244 1327 2315 est,
1363 2245 1395 2299 et
1429 2245 1516 2301 tanto
1552 2239 1701 2321 amplius,
1736 2258 1800 2321 quo
1834 2240 1999 2303 intellectus

504 2327 545 2385 de
559 2326 617 2383 110⁶
631 2330 842 2383 mmmmm·
1268 2336 1444 2417 promptius
1470 2336 1639 2415 consentit,
1666 2337 1799 2419 ipsaque
1823 2358 1871 2401 res
1894 2338 2000 2402 credita
2112 2332 2113 2339 '

1269 2432 1625 2517 incomprehensibilior
1645 2433 1752 2499 luerit.

317 2562 336 2607 ιι
351 2560 403 2605 eor.
428 2574 449 2613 ι,
534 2540 631 2600 RMA
660 2537 792 2596 militiae
820 2543 941 2595 nostroe
968 2553 1033 2594 non
1061 2532 1213 2592 carnalia
1308 2532 1418 2595 Fertur
1436 2532 1521 2614 quod
1536 2532 1741 2615 Hippocrates
1755 2542 1850 2616 alque
1863 2535 2000 2616 Pythago·

317 2630 338 2675 ⁴·
353 2628 374 2668 ⁵·
548 2644 638 2705 sunt,
664 2636 720 2694 sed
741 2634 889 2709 potentia
913 2635 991 2702 Deo,
1010 2632 1213 2689 destruentes
1269 2648 1318 2693 ras
1349 2630 1431 2693 banc
1460 2630 1562 2712 legem
1590 2631 1758 2715 discipulis
1788 2633 1854 2695 suis
1886 2633 2000 2695 manda-

463 2754 589 2796 omnem
604 2734 818 2793 altitudinem
832 2733 1037 2790 accedentem
1054 2746 1086 2788 se
1100 2730 1214 2787 adver·
1269 2728 1383 2807 verint,
1400 2736 1435 2790 ut
1454 2746 1654 2810 nequaquam
1678 2730 1874 2812 interrogare
1897 2749 2001 2812 prasu-

463 2853 518 2893 sus
537 2833 708 2893 scientiam
721 2831 795 2899 Dei,
812 2838 843 2889 et
864 2830 899 2888 in
921 2829 1145 2904 captivitatem
1167 2844 1213 2886 re·
1268 2834 1391 2889 merent
1404 2826 1443 2888 de
1458 2826 1552 2889 dictis
1567 2826 1709 2908 ipsorum
1724 2836 1854 2909 propter
1867 2827 2000 2910 quidsad

462 2934 610 3009 dieentes
622 2949 747 2990 omnem
763 2930 962 2988 intellectum
979 2928 1016 2986 in
1026 2927 1213 3004 obsequium
1269 2933 1352 2988 esset
1371 2924 1417 2987 eis
1442 2943 1499 3007 pro
1523 2924 1657 3004 ratione,
1672 2925 1808 2989 dicentis
1831 2927 1998 2991 auctoritas.

464 3029 600 3091 Christi.
617 3025 822 3107 Nequaquam
846 3032 894 3087 est
918 3022 1054 3087 levitatis
1079 3040 1213 3085 consen·
1229 3025 1251 3088 C
1268 3025 1397 3105 Propter
1417 3025 1502 3105 quod
1521 3024 1677 3107 Propheta
1697 3024 1742 3088 ait
1759 3050 1766 3088 :
1783 3025 1851 3088 Nisi
1876 3026 2001 3089 credide
2020 3052 2095 3098 rtur,

463 3128 523 3189 tire
545 3125 708 3189 catholicae
732 3123 821 3204 lidei,
837 3122 983 3205 quamvis
1008 3140 1137 3185 ornnem
1161 3140 1213 3182 ua·
1268 3122 1346 3203 ritis,
1367 3139 1431 3185 uon
1456 3122 1652 3204 intelligetis.
1673 3122 1729 3186 Cui
1753 3125 1922 3187 concordat
1942 3142 2001 3186 ver
2009 3112 2095 3172 aaut

464 3224 600 3287 turalem
624 3223 777 3286 rationem
802 3222 1013 3283 transcendat.
1039 3221 1103 3284 lieo
1127 3220 1212 3283 euim
1268 3222 1344 3284 bum
1373 3220 1552 3284 Aristotelis
1589 3244 1595 3282 :
1632 3221 1870 3301 Addisceutem,
1898 3221 1998 3304 inquit,

465 3330 595 3405 propter
608 3340 642 3383 se
658 3320 762 3402 ipsum
778 3318 971 3382 credendum
992 3326 1060 3397 est,
1077 3324 1109 3380 et
1128 3316 1212 3399 quod
1268 3326 1391 3400 oportet
1416 3319 1556 3381 credere.
1573 3319 1621 3381 Sit
1645 3338 1720 3401 ergo
1745 3319 1929 3383 Christianis
1951 3337 2000 3401 pro

465 3419 586 3501 aliquid
615 3440 634 3482 a
664 3420 728 3482 Dec
762 3418 896 3497 dicatur,
927 3417 1128 3499 agnoscimus
1157 3434 1214 3497 per
1268 3436 1392 3479 summa
1420 3426 1514 3499 atque
1538 3416 1717 3480 certissima
1742 3418 1873 3496 ratione,
1899 3416 2001 3481 Christi
2111 3442 2112 3491 ι

465 3518 682 3601 operationem
697 3516 919 3580 miraculosam
934 3536 1004 3598 quaa
1025 3535 1044 3577 a
1061 3515 1129 3579 solo
1149 3516 1213 3577 Deo
1268 3514 1449 3593 auctoritas,
1467 3514 1521 3596 qui
1537 3516 1576 3577 de
1591 3534 1625 3578 se
1640 3515 1708 3597 ipso
1723 3515 1926 3599 latetur:Ego
1940 3534 2000 3578 surn
2011 3550 2065 3592 10...
2070 3554 2097 3588 aa
2111 3526 2112 3601 g

465 3616 537 3681 lieri
552 3616 665 3680 valeat.
679 3616 780 3691 Quum
795 3633 871 3695 ergo
886 3633 943 3696 per
957 3613 1054 3676 fidem
1069 3612 1214 3676 christia·
1269 3612 1421 3693 magister
1444 3620 1550 3675 vester
1573 3620 1604 3675 et
1628 3613 1801 3689 Dominus;
1818 3623 1851 3677 et
1873 3615 1978 3677 iterum
1993 3637 1999 3674 :
2014 3617 2038 3655 ¹³·
2111 3606 2112 3657 l

465 3736 539 3779 nam
559 3714 696 3777 infinitis
720 3712 836 3776 divinae
861 3712 1024 3794 potestatis
1049 3711 1213 3775 miraculis
1269 3710 1313 3773 Ne
1338 3710 1497 3774 vocemini
1518 3710 1628 3791 hebbi,
1645 3730 1728 3774 uuus
1746 3712 1832 3775 enim
1852 3721 1899 3776 est
1916 3710 2001 3793 uragi-
2021 3744 2077 3791 m
2111 3722 2112 3769 ι

464 3812 698 3889 confirmatam,
715 3812 878 3875 noscimus
902 3810 1010 3873 lesum
1034 3830 1104 3873 esse
1128 3810 1215 3872 Chri·
1269 3816 1334 3871 ster
1361 3816 1476 3887 vester,
1506 3808 1658 3872 Christus.
1686 3810 1921 3889 Verumtamen,
1949 3784 2112 3879 uisifflsill

465 3921 548 3975 stum
570 3911 603 3972 in
623 3911 693 3991 lege
711 3908 902 3992 promissum
927 3917 958 3971 et
983 3908 1016 3969 in
1040 3908 1213 3989 Evangelio
1269 3907 1421 3970 sciremus
1456 3924 1513 3987 per
1547 3905 1746 3970 sufficieutia
1781 3908 2001 3992 Scripturarum

466 4028 541 4072 vera
565 4008 772 4090 descriptum,
788 4007 943 4069 debemus
967 4005 1037 4067 sine
1060 4004 1215 4086 ambigui·
1269 4004 1449 4069 testimonia
1468 4012 1563 4086 atque
1583 4004 1737 4069 miracula
1755 4006 1814 4071 soli
1835 4008 1898 4071 lleo
1915 4005 2003 4088 possi-

467 4114 530 4169 tate
544 4115 638 4187 atque
654 4104 804 4186 indagine
819 4123 876 4167 seu
890 4102 1099 4185 inquisitione
1114 4101 1215 4166 lirmi-
1269 4102 1357 4183 bilia,
1383 4102 1489 4165 lesum
1515 4122 1584 4166 esse
1609 4103 1768 4166 Christum
1793 4104 1827 4166 in
1853 4106 1920 4187 lege
1942 4122 2004 4186 pro

465 4213 515 4267 ter
547 4204 676 4267 credere
710 4202 858 4267 omnibus
894 4201 1000 4264 verbis
1029 4209 1062 4264 et
1090 4202 1213 4263 actibus
1230 4204 1254 4266 D
1269 4200 1412 4281 missum,
1434 4208 1510 4265 tunc
1535 4201 1673 4264 levitatis
1698 4211 1792 4283 esset,
1814 4205 1941 4267 credere
1961 4201 2003 4263 his

465 4302 547 4384 ejus,
564 4320 633 4383 quae
649 4301 688 4364 de
702 4300 772 4382 ipso
787 4300 820 4361 in
835 4298 1007 4380 Evangelio
1026 4306 1215 4362 enarrantur
1269 4319 1339 4382 quae
1354 4298 1429 4363 hdei
1445 4306 1519 4362 sunt
1540 4298 1731 4363 christiane.
1749 4301 1799 4364 Sic
1821 4302 1907 4365 enim
1928 4299 2003 4363 nulla

466 4410 498 4466 et
512 4400 552 4465 ab
565 4399 708 4464 Ecclesia
724 4406 833 4462 sancta
847 4398 1030 4461 creduntur.
1269 4407 1353 4462 esset
1367 4398 1446 4461 ratio
1462 4418 1520 4461 cur
1540 4398 1646 4480 potius
1668 4399 1871 4463 crederemus
1893 4400 2003 4463 Christo

505 4500 562 4563 llic
587 4498 673 4562 enim
698 4499 810 4561 modus
835 4496 1060 4578 cognoscendi,
1084 4497 1147 4559 Deo
1167 4503 1215 4559 eat
1269 4516 1364 4578 quam
1388 4496 1484 4559 alicui
1509 4496 1612 4577 alteri,
1634 4505 1669 4559 ut
1692 4496 1880 4578 Mahomoto,
1901 4496 1948 4562 vel
1968 4495 2004 4557 si-

465 4598 634 4682 gloriosus‚
665 4604 696 4660 et
727 4595 821 4659 nobis
854 4595 990 4657 maxime
1018 4594 1211 4657 meritorius.
1270 4594 1349 4658 mili.

464 4696 644 4761 Gloriosum
667 4693 753 4757 anim
784 4700 832 4755 est
855 4692 1006 4775 principi,
1032 4691 1059 4754 si
1089 4691 1147 4755 soli
1177 4710 1214 4754 ac
1310 4693 1415 4771 Porro,
1429 4700 1464 4755 ut
1477 4692 1522 4755 ait
1534 4693 1684 4775 Hilarius,
1696 4695 1756 4758 hoc
1772 4694 1936 4777 potissime
1950 4692 2003 4757 ue

466 4793 606 4877 simplici
626 4792 696 4873 ejus
715 4790 813 4855 verbo
832 4780 989 4853 credatur*
998 4790 1117 4871 absque
1141 4810 1215 4853 cau·
1269 4790 1433 4869 debemus,
1449 4798 1485 4853 ut
1498 4810 1571 4854 eum
1590 4792 1693 4855 omnis
1715 4812 1838 4873 seusus,
1855 4793 1960 4875 lingua
1978 4798 2004 4853 et

465 4893 552 4956 tione
571 4890 756 4973 juramenti,
773 4889 824 4952 vel
839 4888 994 4971 pignoris,
1012 4888 1062 4951 vel
1082 4888 1215 4969 fidejus·
1269 4889 1336 4951 vita
1363 4896 1471 4953 nostra
1498 4889 1666 4970 loquatur;
1691 4898 1726 4953 et
1750 4890 1835 4953 sicut
1862 4888 2003 4972 quidquid

466 4989 568 5070 soris;
584 4989 833 5072 ignominiosum
855 5005 930 5050 vero
947 4994 994 5049 est
1009 4985 1084 5068 ipsi,
1101 4986 1127 5048 si
1149 5005 1213 5049 non
1269 4986 1423 5049 habemus
1445 4993 1477 5049 et
1493 5006 1612 5067 sumus,
1629 5007 1647 5050 a
1671 4988 1735 5051 Deo
1757 4988 1951 5071 accepimus,
1964 4986 2004 5047 sic
2015 4996 2111 5051 icant}

466 5087 605 5170 simplici
620 5086 691 5168 ejus
710 5086 808 5149 verbo
829 5085 911 5148 lidos
932 5084 1130 5147 adhibeatur.
1147 5085 1214 5148 lmc
1270 5093 1301 5149 et
1315 5102 1373 5149 uos
1387 5085 1526 5148 totaliter
1540 5085 1603 5149 Deo
1618 5086 1778 5166 subjicere
1792 5094 1825 5149 et
1838 5087 1867 5149 ei
1887 5084 2004 5150 obedire
2110 5082 2111 5131 l

465 5185 639 5267 unicuique
664 5185 733 5249 viro
756 5182 949 5247 sufficientis
967 5201 1005 5245 ac
1024 5190 1107 5245 nota
1126 5182 1215 5245 honi·
1270 5192 1426 5246 tenemur.
1442 5184 1543 5258 Quum
1558 5200 1633 5265 ergo
1648 5184 1821 5247 habeamus
1835 5204 1855 5247 a
1869 5185 1932 5249 Dec
1949 5201 2003 5245 uon

465 5284 540 5347 tatis
562 5285 733 5350 molestum
756 5290 815 5365 est,
840 5282 867 5345 si
892 5300 955 5345 non
979 5279 1119 5362 simplici
1144 5280 1214 5362 ejus
1272 5280 1375 5345 solum
1404 5278 1568 5360 allectum,
1598 5280 1654 5343 sed
1682 5280 1778 5345 etiarn
1805 5281 2003 5360 intellectum,
