4309 6259
461 489 522 555 276
768 508 810 555 DE
830 506 978 555 casalone
999 506 1107 553 nomm
1130 503 1317 552 SALVATORIS
1339 502 1500 551 DlALOGDS.
1523 522 1563 533 -·
1583 504 1655 550 aar.
1677 504 1709 549 lv

462 678 668 762 ingratitudo,
676 678 799 742 aversio
812 683 907 757 atque
918 677 1110 760 perversitas
1122 682 1206 739 meat
1223 677 1248 738 Α
1265 683 1407 757 tempore
1422 693 1534 757 passus
1549 674 1600 754 sit,
1616 681 1693 756 quot
1706 673 1803 737 etiam
1818 674 1920 738 modis
1937 694 1998 759 pas

461 777 501 839 Et
519 797 605 841 nunc
623 778 700 859 quid
720 785 816 841 restat
836 776 928 855 milri,
945 775 1007 838 nisi
1027 775 1210 837 indesinen-
1265 774 1312 836 sio
1336 774 1406 855 ejus
1428 773 1469 835 sit
1489 774 1675 851 recolenda,
1692 780 1866 854 postremo,
1880 791 1999 854 quomo

463 882 512 936 ter
530 875 564 936 in
583 874 747 937 inlinitum
766 875 943 956 despicere,
958 872 1140 951 humiliare,
1157 872 1210 934 de-
1265 872 1305 934 do
1337 872 1453 934 debeas
1483 879 1513 933 te
1541 871 1710 953 disponere
1738 871 1777 932 ad
1808 870 1997 935 recolendum

463 971 554 1051 llere,
579 991 730 1036 accusare
757 980 789 1035 ct
811 973 981 1034 emendare
1008 990 1060 1032 me
1090 970 1207 1052 ipsum,
1265 970 1414 1032 decenter
1445 968 1515 1049 ejus
1549 968 1788 1032 acerbissimam
1818 968 1996 1051 passionem.

462 1071 585 1153 tibique
598 1071 718 1153 jugiter
737 1070 912 1152 regratiari,
929 1069 1058 1132 obedire
1074 1069 1210 1131 etobsc-
1265 1067 1366 1147 Atque
1389 1067 1428 1128 de
1453 1065 1564 1129 ultimo
1588 1065 1650 1129 isto
1676 1066 1748 1129 volo
1773 1074 1804 1129 te
1830 1066 1998 1148 primodo

342 1189 383 1234 Ρ..
397 1190 449 1233 aa.
464 1169 531 1249 qni,
552 1188 589 1231 ac
618 1169 725 1230 dicere
752 1188 826 1230 cum
854 1167 1040 1249 paenitente,
1062 1164 1209 1227 Miserere
1265 1184 1348 1227 cere.

463 1267 540 1345 mei,
556 1266 650 1345 Deus,
667 1267 841 1329 secundum
860 1283 1008 1346 magnam
1030 1262 1210 1326 misericor·
1304 1264 1421 1343 ltaque,
1439 1262 1522 1325 siout
1536 1270 1608 1325 ante
1622 1261 1798 1325 orationem
1814 1261 1910 1327 debes
1924 1270 2093 1333 tnamramu

463 1366 549 1427 diam
573 1367 680 1427 tnaml
705 1364 788 1442 Tibi,
812 1383 831 1427 o
855 1363 999 1441 Domine,
1024 1369 1090 1425 toto
1115 1361 1209 1423 corde
1264 1361 1403 1424 animam
1426 1378 1613 1442 praeparare,
1631 1360 1674 1421 ita
1693 1368 1723 1421 et
1747 1368 1821 1423 ante
1845 1352 2032 1423 dominical-

461 1462 625 1544 regratior,
656 1480 715 1524 neo
749 1480 890 1543 unquam
918 1460 976 1523 tibi
1003 1459 1099 1541 digne
1127 1476 1209 1539 queo
1266 1458 1422 1540 passionis
1443 1458 1695 1521 recordationem
1720 1458 1818 1521 debes
1844 1476 1899 1521 cor
1922 1468 1997 1520 tuum

462 1559 638 1641 regratiari.
653 1560 775 1641 llagna,
798 1557 1044 1620 innumerabilia
1067 1564 1099 1619 ct
1122 1574 1210 1638 pror·
1264 1558 1444 1639 disponere,
1461 1556 1522 1619 hoc
1538 1564 1586 1618 est
1599 1556 1825 1619 distractiones
1840 1556 1910 1637 ejus
1929 1556 1999 1636 abji-

463 1677 515 1719 sns
531 1656 793 1739 incomparabilia
808 1663 881 1718 sunt
896 1653 1056 1718 beneficia
1071 1662 1135 1732 tua,
1152 1653 1211 1716 Do
1264 1672 1347 1732 cere,
1365 1662 1396 1716 et
1415 1662 1501 1716 tuam
1521 1653 1709 1717 memoriam
1729 1653 1763 1715 in
1782 1654 1905 1717 Christo
1923 1653 1997 1715 cruci

463 1756 549 1817 mine
573 1754 655 1817 Deus
683 1754 897 1837 omnipotens.
926 1752 1036 1833 llagna
1060 1759 1135 1813 sunt
1158 1751 1211 1812 be·
1264 1751 1363 1815 ailino
1382 1752 1472 1834 qnasi
1497 1752 1529 1813 in
1556 1752 1686 1834 speculo
1709 1750 1820 1833 sigere,
1846 1761 1937 1833 atque
1959 1752 1998 1813 sic

461 1853 581 1916 neficia
609 1860 740 1932 naturae,
771 1853 893 1934 majora
921 1851 1040 1932 gratiae,
1072 1849 1210 1912 maxima
1226 1853 1249 1916 B
1265 1850 1335 1931 ejus
1360 1850 1500 1912 recolere
1527 1849 1710 1931 passionem
1735 1868 1772 1912 ac
1797 1850 1823 1911 si
1850 1849 1999 1931 praesenti-

460 1951 579 2032 gloriaa.
596 1951 823 2013 Verumtamen
838 1966 1086 2030 supermagnnm
1109 1956 1140 2009 ct
1159 1964 1227 2008 su-·
1265 1948 1357 2010 aliter
1377 1966 1524 2010 cerneres
1544 1966 1616 2009 cum
1639 1966 1745 2010 coram
1766 1956 1797 2011 tc
1817 1946 1893 2029 pati.
1910 1947 1998 2009 Debes

460 2067 699 2131 peramorosnm
720 2056 752 2110 et
775 2045 1136 2130 superbcnignissimnm
1162 2052 1210 2106 cst
1265 2048 1340 2109 item
1355 2055 1386 2108 te
1401 2046 1429 2108 ci
1445 2066 1502 2128 per
1516 2065 1657 2110 amorem
1673 2046 1881 2129 conjungere,
1894 2056 1928 2109 ut
1941 2065 2000 2109 cor-

459 2146 519 2210 boo
534 2148 619 2228 qnod
634 2154 680 2224 tu,
696 2147 779 2208 Deus
794 2154 913 2223 noster,
930 2152 1053 2207 creator
1067 2151 1099 2206 et
1113 2144 1209 2225 judex
1264 2144 1379 2207 dialius
1403 2145 1431 2207 ci
1455 2145 1644 2224 condoleas,
1667 2145 1912 2227 diligentissime
1933 2164 2000 2227 qno

458 2254 576 2323 noster,
593 2244 697 2307 iactus
720 2263 755 2306 es
780 2243 878 2307 irater
901 2252 1019 2320 noster,
1036 2243 1208 2307 advocatus
1266 2262 1327 2325 que
1348 2262 1482 2325 pensare
1500 2262 1596 2325 quam
1616 2244 1743 2326 poenale
1762 2253 1794 2307 et
1813 2243 2000 2308 intolerabile

458 2350 490 2405 et
504 2342 653 2420 salvator,
671 2342 735 2405 imo
755 2350 787 2404 et
806 2342 911 2406 socius
927 2348 1045 2419 noster,
1063 2340 1154 2403 cibus
1177 2347 1207 2401 et
1266 2340 1336 2418 tibi,
1352 2341 1498 2422 quamvis
1516 2359 1627 2422 grosso
1648 2360 1684 2403 ac
1706 2342 1926 2425 multipliciter
1943 2360 1998 2418 reo,

458 2449 553 2523 potus
576 2448 693 2503 noster.
1266 2446 1348 2500 esset
1373 2438 1448 2500 talia
1472 2438 1639 2501 sustinere.
1656 2439 1733 2517 lmo,
1751 2448 1786 2502 ut
1810 2439 1869 2503 boc
1896 2439 2001 2503 certius

499 2537 757 2620 Singularissime
771 2556 847 2600 vero
862 2556 914 2599 mc
928 2544 1045 2617 movet,
1055 2554 1209 2617 compun-
1265 2543 1297 2598 et
1318 2535 1538 2599 condolentius
1563 2536 1657 2616 scias,
1673 2536 1772 2617 proba
1798 2537 1953 2599 interdum
1975 2545 2001 2597 te

459 2636 517 2718 git,
538 2636 639 2699 allicit
662 2644 695 2699 et
717 2635 876 2714 accendit,
896 2636 982 2717 quod
1007 2642 1053 2697 tot
1071 2642 1103 2697 et
1123 2642 1209 2697 tanta
1265 2634 1382 2715 ipsum,
1398 2634 1655 2715 flagellando(ut
1668 2636 1800 2715 quidam
1821 2636 1898 2699 dixit
1917 2636 2002 2699 dero

460 2753 518 2817 pro
532 2753 604 2797 mea
618 2733 722 2796 iecisti
737 2753 774 2796 ac
789 2732 949 2816 pertulisti
965 2732 1077 2811 salute,
1092 2752 1129 2794 ex
1144 2750 1209 2793 mc-
1266 2734 1327 2812 tus)
1342 2733 1470 2814 egregie
1485 2732 1534 2795 vel
1552 2733 1663 2795 saltem
1679 2733 1885 2797 mediocriter
1903 2743 2002 2797 temet-

460 2842 541 2895 raet
556 2832 773 2895 sincerissima
788 2832 919 2895 caritate
934 2839 967 2894 et
985 2830 1112 2911 pietate.
1129 2828 1209 2891 llinc
1264 2830 1389 2911 ipsum3
1419 2830 1474 2892 sed
1509 2838 1540 2892 et
1573 2830 1717 2912 spineam
1747 2848 1876 2913 quoqne
1904 2851 2002 2913 qnam·
2116 2816 2117 2831 ἶ

460 2930 678 2993 dulcissimam
707 2931 752 2993 tui
780 2929 1005 3012 benignissimi
1035 2928 1139 2992 cordis
1164 2927 1210 2989 vi·
1264 2929 1337 2991 dam
1362 2928 1546 2991 coronulam
1576 2936 1630 2992 tuo
1658 2930 1755 3012 capiti
1781 2930 2001 3012 aliquantulum

461 3028 679 3092 scerositatem
694 3028 925 3091 cordialissime
945 3045 1070 3109 precor,
1087 3033 1123 3087 nt
1140 3044 1211 3107 gra·
1228 3030 1250 3093 G
1265 3026 1487 3108 imprimendo,
1506 3027 1684 3109 palmisque
1709 3047 1862 3092 manuum
1888 3029 2002 3091 clavum

461 3126 541 3189 tiose
565 3134 597 3188 et
615 3126 709 3207 plene
728 3145 778 3189 me
798 3125 939 3207 digneris
958 3124 1115 3186 instruere
1134 3141 1210 3204 qua·
1266 3144 1338 3186 cnm
1353 3124 1549 3205 aliquantula
1568 3125 1779 3207 impressione
1799 3146 2004 3209 superponen-

460 3224 533 3286 liter
566 3232 653 3286 tuam
684 3222 994 3286 venerandissimam
1027 3219 1209 3303 passionem
1264 3224 1316 3285 do.
1343 3222 1509 3304 Quumque
1534 3224 1730 3305 persenseris
1760 3233 1824 3287 tam
1855 3226 2005 3289 modicum

460 3322 613 3403 quotidie,
644 3321 709 3385 imo
745 3320 872 3383 assidue
908 3319 1048 3383 recolere
1076 3319 1209 3381 debeam
1265 3329 1328 3383 tam
1349 3320 1474 3404 poenale
1490 3321 1546 3384 tibi
1563 3322 1725 3401 exsistere,
1742 3330 1773 3385 et
1787 3331 1818 3386 te
1839 3323 1917 3386 illud
1931 3324 2005 3385 ferre

460 3437 575 3500 meque
596 3438 654 3502 pro
675 3419 799 3482 viribus
821 3417 1021 3483 conformare
1043 3418 1158 3479 eidem.
1264 3420 1316 3481 vix
1330 3437 1434 3501 posse,
1442 3420 1581 3498 adverte,
1591 3419 1719 3483 revolve
1734 3428 1765 3483 et
1780 3422 1907 3484 rumina
1920 3439 2006 3502 qnan-
2115 3452 2116 3475 r

501 3518 672 3581 Sanvaron.
688 3516 793 3580 -Nil
812 3515 1044 3595 rationabilius,
1061 3515 1107 3576 nil
1127 3515 1210 3577 salu·
1265 3525 1332 3579 tum
1351 3526 1528 3600 propterte
1547 3516 1700 3599 afflictus,
1717 3526 1817 3582 tortus
1838 3528 1871 3583 et
1895 3518 2006 3583 crucia-

460 3615 550 3679 brius
572 3623 680 3698 petere
702 3614 845 3698 potuisti.
1266 3624 1315 3677 tus
1331 3614 1372 3677 sit
1386 3615 1482 3678 Filius
1504 3616 1571 3679 Dei.

1305 3714 1369 3776 llac
1400 3714 1630 3796 preparatione
1664 3714 1853 3796 dispositus,
1888 3714 2005 3777 attende

1265 3811 1298 3873 in
1314 3810 1427 3893 primis
1441 3812 1513 3894 quis
1533 3820 1663 3895 propter
1682 3821 1713 3875 te
1733 3832 1847 3895 passus
1868 3814 1932 3875 sit:
1948 3830 2005 3875 non

670 3888 915 3951 ARTICULUS
939 3887 997 3950 IV·
1265 3908 1374 3989 utiquc
1402 3928 1479 3991 pura
1509 3917 1663 3990 creatura,
1690 3928 1755 3973 non
1778 3930 1878 3993 purus
1907 3911 2005 3986 bomo,

465 4033 615 4101 Qualiter
635 4036 805 4092 recolenda
824 4035 867 4093 ait
882 4036 990 4109 passio
1012 4036 1210 4105 Saloutaria,
1265 4025 1330 4069 ¹¹⁰¹¹
1345 4006 1488 4089 angelus,
1505 4008 1560 4070 sed
1575 4008 1717 4070 Christus
1739 4009 1772 4070 in
1794 4027 1859 4071 ΠΜ
1881 4026 2007 4091 P⁰f⁵⁰¹¹³
2114 4064 2115 4113 p

502 4131 533 4180 et
561 4125 602 4180 de
632 4124 683 4181 pis
711 4142 783 4200 qaoe
811 4124 900 4181 circa
931 4124 1025 4183 mam
1055 4132 1132 4182 ,um
1161 4132 1210 4183 αι.
1265 4124 1358 4167 verus
1373 4106 1455 4167 Dens
1470 4113 1502 4169 et
1516 4125 1610 4169 verus
1625 4106 1732 4170 bomo.
1745 4106 1856 4171 Nonne
1871 4107 1932 4170 hoc
1946 4115 2006 4168 tan·
2114 4116 2115 4121 ’

503 4213 677 4271 tendenda.
1226 4211 1251 4272 D
1265 4212 1296 4267 to
1312 4203 1384 4285 plus
1399 4204 1641 4284 ponderandum
1661 4212 1720 4283 cst,
1736 4212 1823 4268 tanto
1837 4204 2007 4287 gratantius

1264 4302 1506 4384 acceptandum,
1523 4320 1586 4383 quo
1602 4320 1737 4384 persona
1752 4303 1818 4365 veri
1833 4303 1890 4365 Dei
1913 4301 2007 4381 maior

501 4396 673 4459 Sanvaron.
703 4432 743 4441 —
769 4396 859 4459 Circa
891 4397 1072 4479 passionem
1105 4417 1209 4461 meam
1264 4408 1296 4462 et
1310 4399 1436 4481 dignior
1450 4408 1498 4461 est
1513 4400 1546 4461 in
1563 4419 1597 4463 se
1612 4399 1736 4482 ipsa,in
1750 4399 2007 4463 substantialibus

460 4494 560 4557 multa
582 4494 680 4557 debes
703 4494 865 4557 attendere
892 4518 898 4556 :
927 4495 960 4556 in
985 4494 1099 4576 primis
1122 4495 1206 4576 quis,
1265 4498 1353 4561 etin
1382 4517 1439 4560 sua
1468 4498 1673 4561 consistentia
1701 4518 1738 4562 ac
1768 4506 1893 4579 natura,
1918 4514 2005 4579 quam

460 4600 598 4674 quantus
618 4599 649 4655 et
667 4592 771 4671 qualis
790 4592 833 4653 sit
850 4592 905 4673 qui
927 4592 971 4653 ita
991 4592 1117 4655 occisus
1139 4601 1207 4671 est;
1265 4596 1495 4677 cujuscumque
1513 4615 1601 4678 purte
1625 4604 1776 4661 creaturae
1800 4599 2007 4679 personal-
2113 4650 2114 4653 ,

460 4690 576 4753 deinde
599 4709 618 4752 a
640 4688 767 4770 quibus,
790 4690 918 4771 quantis
942 4697 974 4753 et
996 4690 1145 4771 qualibus
1169 4690 1210 4753 sit
1264 4694 1384 4756 Deinde
1399 4695 1525 4757 attende
1540 4702 1677 4776 quantus
1694 4695 1809 4758 sitista
1828 4695 1884 4777 qui
1906 4700 2006 4777 prote

462 4806 653 4870 perpessus3
677 4796 909 4868 consequenter
930 4806 1012 4869 quae,
1037 4796 1155 4869 quanta
1179 4797 1211 4851 et
1264 4792 1329 4875 pati
1348 4792 1495 4875 dignatus
1514 4800 1572 4871 est,
1589 4793 1663 4873 quia
1682 4793 1716 4854 in
1739 4802 1895 4874 quantum
1920 4794 2005 4869 Deus,

462 4885 569 4969 qualia
583 4885 751 4964 toleravit3
766 4886 918 4968 deinceps
938 4905 1000 4968 qua
1023 4906 1128 4965 causa,
1146 4906 1209 4969 quo
1263 4891 1332 4972 ipse
1347 4899 1396 4953 est
1409 4909 1543 4971 magnus
1564 4890 1716 4953 Dominus
1731 4898 1762 4953 et
1777 4890 1948 4953 laudabilis
1964 4889 2006 4951 ni·
2018 4898 2107 4947 nent

462 4984 541 5062 line,
558 5002 621 5065 quo
639 4983 746 5046 fructu
761 5005 770 5060 3
787 4984 863 5045 item
881 4984 1018 5065 qualiter
1041 4986 1074 5047 in
1099 5005 1155 5048 sua
1175 5005 1209 5049 se
1264 4988 1336 5067 mis,
1344 4996 1376 5051 et
1390 4987 1619 5069 magnitudinis
1635 4988 1681 5069 (id
1697 4997 1745 5051 est
1759 4988 1966 5071 perfectionis
1980 4995 2007 5050 et

462 5082 575 5146 babuit
592 5081 751 5164 passione,
767 5081 827 5145 boc
847 5091 894 5144 est
911 5100 1007 5163 quam
1031 5084 1207 5165 caritativo,
1263 5086 1471 5166 excellentie)
1491 5086 1562 5166 ejus
1586 5094 1719 5149 nonest
1741 5086 1818 5148 linis
1835 5110 1844 5148 ι
1861 5085 2006 5168 quoniam

461 5180 636 5260 humiliter,
653 5178 821 5262 patienter,
833 5199 927 5262 quam
941 5181 1138 5261 obedienter,
1150 5183 1209 5245 mi·
1263 5184 1326 5247 Deo
1341 5183 1422 5246 Patri
1437 5184 1567 5265 aequalis
1582 5191 1641 5262 est,
1658 5184 1721 5246 Rex
1736 5202 1847 5265 regum
1863 5192 1895 5246 et
1909 5182 2008 5246 Domi-
2112 5250 2113 5257 ,

462 5280 536 5344 titer
548 5287 580 5342 et
594 5287 791 5357 constantem
803 5287 835 5343 et
848 5298 957 5341 rursus
972 5298 1035 5360 quo
1050 5279 1132 5359 locu,
1145 5300 1207 5363 quo
1263 5302 1323 5345 nus
1342 5282 1575 5360 universorum,
1592 5289 1720 5363 totoque
1740 5283 1863 5345 mundo
1886 5280 2008 5345 infinite
