4309 6259
424 507 464 553 na
484 506 641 555 ιιιιιθθιιιο
662 505 1019 565 mercenarorium,
1042 506 1130 554 aman
1151 508 1195 554 ιιι.
1218 526 1259 538 -
1279 509 1348 555 ιιι.
1372 508 1426 555 ιιι
1638 488 1698 555 tat

150 675 272 755 dilexit,
292 674 494 759 Unigenitum
517 675 618 738 Patris
642 675 764 754 aterni,
784 693 895 738 verum
911 675 937 737 Δ
952 693 1068 757 magna
1092 673 1146 769 qui
1167 682 1279 757 potens
1297 685 1356 740 ost.
1372 676 1505 741 Domum
1525 676 1699 759 pradican-

149 774 259 853 Denm,
276 792 447 857 regemque
470 773 628 851 Messinm,
645 781 709 835 tam
732 773 898 837 familiari·
951 780 1016 834 tem
1045 773 1194 836 comitata
1221 782 1269 836 est
1296 774 1424 852 Filium,
1450 774 1530 837 vidit
1557 782 1698 837 mortuos

148 879 344 953 tortamque
362 871 542 935 humillime
566 870 629 933 sibi
655 871 825 934 convivere
849 889 898 932 se·
952 870 1158 933 suscitantem
1177 879 1209 933 ct
1232 872 1391 953 magnalia
1415 871 1514 935 multa
1538 880 1696 953 agentern,

148 988 285 1052 cumque
309 968 491 1033 conversari
517 967 759 1050 contemplansl
781 967 899 1029 Didici·
951 966 1101 1031 honorari
1121 976 1152 1030 et
1176 968 1209 1029 in
1233 987 1340 1050 regem
1364 970 1483 1050 requiri
1508 970 1695 1051 conspexit:

149 1068 202 1145 sti,
217 1084 237 1130 o
251 1067 385 1149 pulchra
398 1065 437 1129 ad
453 1066 653 1143 intuendum,
665 1083 685 1129 o
699 1063 897 1127 delectabilis
952 1065 1007 1127 sed
1021 1066 1177 1148 numquid
1193 1066 1226 1128 in
1241 1066 1291 1129 his
1304 1067 1442 1130 inaniter
1453 1066 1623 1149 aliquando
1635 1068 1699 1149 glo

149 1165 189 1226 ad
204 1166 387 1244 amandum,
402 1182 422 1227 o
436 1163 584 1227 amabilis
605 1164 644 1225 ad
666 1163 894 1241 venerandum,
951 1161 1032 1224 riata
1045 1171 1094 1225 θεῖ
1106 1172 1161 1225 aut
1176 1164 1311 1245 superbe
1325 1164 1447 1228 locutal
1456 1164 1566 1227 Adhuc
1581 1173 1696 1244 autem,

149 1263 280 1326 eunica
293 1282 331 1325 ac
345 1262 422 1324 lelix
440 1261 546 1340 Maria,
562 1280 581 1323 a
598 1261 716 1323 dilecto
737 1269 803 1341 tuo,
818 1278 897 1341 quo·
951 1266 1024 1340 post
1047 1262 1313 1325 resurrectionem
1335 1262 1383 1324 sui
1405 1262 1506 1342 Unici,
1523 1281 1596 1326 curn
1617 1264 1699 1345 Apo
1726 1297 1843 1349 mm,

117 1417 123 1426 .
150 1361 237 1423 niam
252 1361 341 1423 mitis
354 1368 403 1422 est
417 1368 449 1421 et
462 1359 594 1422 humilis
609 1360 725 1437 corde;
741 1358 820 1420 etin
835 1358 896 1420 hoc
951 1356 1104 1420 stolorum
1126 1365 1158 1420 et
1180 1368 1358 1421 ceterorum
1381 1359 1548 1441 praeelecto
1572 1361 1699 1443 agmine
1715 1362 1746 1403 ¹⁴·

80 1478 86 1489 ·
149 1476 214 1540 prae
238 1456 353 1519 ceteris
381 1475 454 1519 eum
482 1454 651 1518 sublimius
679 1455 801 1518 imitata
828 1474 894 1517 es:
952 1453 985 1515 in
1007 1454 1153 1518 conclavi
1172 1457 1306 1519 orationi
1326 1456 1527 1536 incumbens,
1543 1458 1698 1539 numquid

150 1574 267 1637 nempe
290 1573 395 1635 neque
419 1561 491 1636 post
519 1553 785 1616 resurrectionem
812 1552 895 1634 ejus,
951 1553 1099 1617 ordinare
1131 1554 1294 1636 quidpiam
1327 1564 1381 1618 aut
1408 1555 1522 1619 docere
1549 1575 1700 1639 presum-

149 1672 209 1715 nec
232 1661 318 1730 ante,
334 1652 489 1715 miracula
511 1651 614 1733 egisse
637 1650 839 1714 describeris.
859 1650 898 1712 Et
951 1649 1037 1731 psitl
1053 1649 1179 1713 Etenim
1193 1651 1282 1715 Petro
1297 1652 1336 1713 de
1351 1652 1499 1734 eligendo
1521 1653 1591 1717 loco
1612 1654 1699 1716 Judae

149 1769 272 1827 revera,
288 1749 363 1831 quid
377 1748 489 1831 utique
510 1766 641 1811 necesse
659 1756 726 1811 erat
749 1756 780 1810 te
803 1747 898 1810 mira·
952 1748 1095 1831 apostolo
1113 1750 1300 1829 disserente,
1321 1750 1391 1833 ipsa
1413 1752 1569 1815 conticuit
1590 1776 1598 1815 ε
1622 1753 1698 1836 quin

149 1850 221 1911 cula
242 1866 348 1929 agere,
363 1848 396 1909 in
417 1866 480 1928 qua
497 1854 609 1909 auctor
626 1854 746 1908 naturae
762 1854 826 1908 um
845 1865 898 1907 su·
915 1850 938 1911 B
953 1846 1018 1910 imo
1036 1856 1069 1910 et
1086 1848 1230 1912 omnium
1250 1868 1284 1911 se
1307 1849 1514 1913 novissimam
1536 1850 1623 1930 lecit,
1640 1851 1699 1914 sub

149 1944 398 2029 permirabiliter
424 1944 576 2027 omnique
604 1963 733 2025 prorsus
761 1944 898 2008 miracu·
952 1944 1135 2026 publicano,
1152 1946 1211 2008 suh
1233 1947 1420 2029 peccatrice,
1436 1948 1495 2011 sub
1518 1949 1643 2011 cunctis
1665 1968 1699 2013 se

149 2046 179 2108 lo
206 2043 400 2123 mirabilius,
426 2042 551 2125 legibus
575 2050 694 2105 nature
717 2042 821 2106 lactus
850 2051 899 2105 θεῖ
951 2042 1136 2107 humilians.

149 2142 309 2221 subditus,
321 2141 415 2222 cujus
430 2141 563 2223 insuper
577 2149 641 2204 tota
655 2140 721 2203 vite
734 2140 899 2204 universa·
992 2142 1053 2205 Sed
1073 2142 1288 2207 sciscitabitur
1308 2143 1416 2209 lorsan
1437 2144 1596 2228 quispiam
1614 2170 1620 2209 :
1638 2148 1700 2210 Eu-

148 2261 210 2323 que
225 2248 317 2322 gesta
330 2248 394 2301 tarn
410 2238 663 2321 supernaturalia
676 2240 791 2301 aranti
952 2240 1070 2304 militas
1087 2240 1212 2303 veritati
1227 2242 1384 2321 innititur,
1401 2262 1460 2306 nec
1479 2243 1616 2307 falsitate
1637 2244 1700 2307 lul-

188 2338 335 2420 Amplius
349 2345 466 2415 autem,
481 2346 643 2419 gratorum
661 2336 899 2418 electorumque
953 2338 1047 2411 citur.
1074 2337 1193 2420 ltaque,
1219 2341 1377 2421 quomodo
1402 2340 1546 2404 omnium
1574 2360 1699 2404 summa

149 2439 330 2501 animarum
357 2436 419 2499 hoo
443 2444 502 2513 θεῖ,
528 2444 564 2497 ut
586 2454 650 2517 quo
676 2454 695 2497 a
718 2436 782 2498 Deo
806 2435 899 2517 plura
953 2456 988 2499 se
1020 2455 1094 2499 vere
1123 2437 1182 2499 sub
1211 2438 1334 2502 cunctis
1361 2438 1531 2501 humiliare
1559 2438 1698 2502 valebitl

149 2536 331 2617 suscipiunt
345 2533 510 2615 magisque
524 2532 711 2612 exaltantur,
727 2551 765 2595 eo
779 2552 814 2594 se
828 2551 899 2614 pro·
953 2534 1084 2616 Nempe,
1101 2544 1135 2597 ut
1149 2534 1276 2615 dicitur,
1292 2555 1456 2619 nunquam
1471 2556 1566 2619 super
1587 2555 1698 2601 omnes

149 2634 283 2697 lundius
297 2632 451 2714 dejiciant
467 2640 561 2713 atque
575 2630 755 2711 humilient,
766 2630 900 2693 divinis·
953 2633 1138 2714 angelorum
1154 2633 1267 2698 choros
1281 2636 1477 2714 ascenderet,
1488 2635 1515 2698 si
1530 2654 1595 2699 non
1609 2637 1698 2718 prius

148 2752 209 2814 que
237 2731 426 2795 muneribus
453 2730 650 2811 indigniores
674 2749 708 2792 se
734 2738 895 2793 censeant.
952 2750 1010 2813 per
1023 2730 1235 2794 humilitatem
1254 2732 1313 2795 sub
1334 2733 1493 2796 universis
1514 2733 1698 2797 hominibus

148 2832 260 2913 igitur,
280 2849 343 2912 quo
364 2829 537 2911 gratiarnm
556 2829 640 2891 dona
657 2828 761 2891 hieriae
785 2829 899 2910 imper·
951 2829 1179 2893 descendisset.
1194 2865 1236 2876 -
1250 2830 1357 2895 Denuo
1371 2831 1443 2913 quis
1458 2831 1602 2895 fortassis
1617 2832 1699 2914 obji-

149 2931 204 2992 tita
230 2926 532 3010 incomparabiliora
555 2925 696 3006 luerunt,
716 2945 755 2989 eo
780 2946 814 2989 se
842 2926 898 2990 illa
951 2927 1034 2991 ciet:
1049 2928 1129 2991 Vere
1144 2928 1230 2991 enirn
1246 2928 1459 3008 humilis,non
1474 2928 1540 3011 jam
1555 2930 1697 3011 humilis,

147 3026 373 3090 vehementius
397 3024 582 3087 exinanivit.
605 3024 775 3088 Enimvero
802 3030 935 3093 evan-C
952 3027 1007 3088 sed
1022 3026 1095 3089 vilis
1109 3027 1267 3089 nominari
1282 3028 1450 3091 desiderat.
1460 3028 1579 3111 ltaque,
1590 3048 1700 3111 quern-

146 3126 260 3209 gelicae
273 3123 427 3202 veritatis,
444 3131 476 3185 θῖ
489 3122 633 3185 omnium
652 3142 722 3205 quae
743 3124 783 3185 de
803 3123 898 3186 llaria
951 3124 1122 3188 admodum
1137 3144 1211 3188 vere
1226 3126 1356 3188 humilis
1375 3135 1434 3206 est,
1449 3145 1520 3208 quae
1541 3146 1575 3189 se
1596 3128 1700 3190 humi-

148 3225 269 3307 scripta
287 3230 373 3300 sunt,
389 3221 606 3285 reminiscere.
622 3221 720 3284 Audis
746 3222 786 3284 ab
809 3240 898 3285 exor—
951 3221 1015 3285 lem
1037 3226 1151 3286 vocati

147 3322 211 3401 dio,
226 3322 381 3403 qnoniam
395 3319 451 3382 Dei
466 3337 539 3382 mox
553 3318 786 3399 materiatura,
803 3327 897 3401 atque
992 3321 1052 3383 Sed
1066 3322 1323 3402 respondendum
1338 3323 1377 3385 ad
1392 3322 1541 3403 haec,duo
1555 3324 1698 3403 quaedam

148 3420 181 3481 in
201 3439 311 3483 veram
326 3419 381 3481 Dei
395 3419 462 3481 veri
482 3416 672 3499 genitricem
693 3436 727 3479 se
746 3436 816 3480 esse
834 3417 898 3480 ele-
953 3419 985 3480 in
1000 3420 1130 3483 homine
1145 3419 1341 3483 considerari
1355 3440 1449 3502 possa
1466 3444 1473 3483 ε
1491 3439 1590 3483 unum
1612 3422 1697 3501 quod

149 3528 233 3581 ctam
250 3517 376 3581 coalitus
397 3516 533 3595 erudita,
548 3534 613 3579 non
634 3514 676 3579 ob
698 3513 896 3579 ineffabilem
951 3517 1090 3580 hominis
1105 3526 1164 3596 est,
1181 3518 1267 3580 aliud
1282 3519 1366 3599 quod
1389 3518 1455 3581 Dei.
1473 3519 1515 3580 Ex
1537 3538 1571 3581 se
1593 3526 1698 3581 autem

148 3615 370 3680 excellentiam
385 3613 547 3694 intumuit,
565 3614 621 3676 sed
641 3613 821 3676 humillima
842 3632 898 3696 po
952 3615 1048 3677 habet
1071 3615 1166 3679 homo
1186 3616 1341 3697 quidquid
1363 3616 1464 3699 culpae
1486 3615 1700 3698 imperiectio

45 3747 135 3795 ‚otu
149 3716 211 3777 tius
226 3722 335 3777 mente
349 3712 514 3794 respondit
530 3735 537 3773 ε
553 3712 635 3775 Εθθθ
650 3710 828 3794 (inquiens)
842 3732 898 3775 an·
952 3714 1066 3794 nisque
1092 3714 1256 3792 consistit3
1272 3731 1367 3795 porro
1392 3714 1548 3795 quidquid
1572 3714 1699 3777 virtutis

150 3813 225 3876 cilia
238 3810 897 3890 Domini31iatmihisecundumverbum
952 3820 1053 3874 exstat
1071 3821 1105 3875 et
1127 3812 1247 3894 gratiae,
1265 3831 1283 3874 a
1303 3812 1366 3875 Deo
1391 3812 1531 3875 sortitur.
1548 3812 1599 3875 Sic
1624 3832 1700 3895 ergo

149 3920 251 3974 tuum.
268 3910 410 3991 lienique
425 3907 609 3972 adoranda'
598 3926 665 3989 Jam
679 3908 769 3971 Prole
787 3908 899 3971 lecun-
952 3918 1081 3971 sanctus
1096 3918 1127 3971 et
1142 3909 1297 3990 superior,
1313 3908 1465 3973 inferiore
1487 3929 1521 3973 se
1542 3909 1699 3974 minorem

46 4032 136 4083 aram
149 4011 200 4088 da,
222 4009 262 4071 ad
288 4006 449 4071 Elisabeth
474 4013 634 4089 properat,
654 4024 788 4089 eamque
810 4006 899 4088 prior
952 4008 1070 4071 latetur
1085 4009 1259 4070 secundum
1274 4007 1305 4070 id
1320 4008 1404 4090 quod
1419 4028 1457 4071 ex
1478 4026 1511 4071 se
1533 4017 1590 4071 est.
1607 4008 1701 4072 lieni-

150 4108 283 4184 salutat3
292 4113 427 4168 etsacro
443 4103 740 4185 insuperobsequio
755 4106 896 4184 studens,
952 4126 1026 4188 que,
1052 4124 1152 4187 quum
1175 4106 1222 4169 nil
1251 4106 1317 4169 suis
1345 4107 1477 4185 meritis,
1505 4109 1559 4171 sed
1583 4108 1700 4171 divinae

149 4203 329 4287 usquead
320 4202 422 4285 ipsius
436 4201 678 4284 parturitionem
693 4222 765 4265 cum
780 4222 818 4265 ea
832 4222 900 4285 per
914 4207 939 4268 li
954 4213 1054 4267 toturn
1078 4205 1187 4285 gratiae
1216 4206 1371 4287 quidquid
1399 4206 1564 4287 dignitatis
1591 4206 1698 4287 hahet,

150 4311 286 4366 severat.
302 4300 370 4365 Non
390 4300 511 4383 sprevit
531 4300 625 4381 llegis
646 4298 797 4378 Genitrix,
814 4301 898 4363 servi
954 4302 1135 4382 adscribat;
1152 4323 1185 4365 se
1200 4304 1376 4367 secundum
1391 4304 1423 4367 id
1436 4305 1521 4385 quod
1537 4304 1597 4368 sibi
1614 4324 1652 4367 cx
1666 4325 1700 4369 se

150 4410 285 4465 matrem
303 4400 443 4461 invisere
462 4398 586 4480 ipsique
611 4399 803 4462 ministrare.
821 4399 900 4462 Prae
954 4401 1189 4464 attribuendum
1214 4410 1272 4479 est,
1294 4400 1443 4464 infimum
1467 4402 1648 4482 arbitratur,
1668 4412 1700 4467 et

149 4508 246 4577 terea,
262 4500 340 4561 dum
360 4496 652 4580 praestantissimam
674 4496 835 4559 Elisabeth
850 4501 899 4579 (ut
953 4500 993 4562 ad
1007 4517 1135 4563 omnem
1151 4498 1367 4580 prelationem
1382 4499 1561 4581 indignum,
1570 4520 1701 4583 praeser-

45 4617 93 4661 oa.
105 4622 138 4663 a.
151 4597 273 4676 decuit)
287 4596 451 4659 extolleret
464 4613 501 4657 ac
516 4592 725 4673 beatificaret,
735 4594 822 4659 Unde
836 4597 899 4676 (in-
954 4599 1011 4659 tim
1029 4616 1130 4679 quum
1148 4597 1244 4659 alium
1268 4599 1443 4661 secundum
1468 4618 1505 4660 ea
1528 4617 1598 4680 quae
1619 4600 1700 4663 divi-

151 4696 280 4777 quiens)
293 4694 355 4758 hoc
370 4692 461 4769 mihi,
478 4699 514 4754 ut
532 4692 639 4753 veniat
657 4691 753 4754 ldater
772 4693 897 4757 Domini
953 4696 1040 4759 nitus
1055 4696 1188 4778 adeptus
1210 4704 1268 4774 cst,
1286 4696 1436 4759 intuetur.
1453 4698 1583 4776 Rursus,
1600 4718 1699 4781 quum

45 4814 94 4858 rau.
106 4820 139 4861 u.
152 4795 215 4857 mei
234 4794 274 4855 ad
299 4794 371 4855 mel
387 4808 571 4871 rursusque,
587 4789 682 4852 Beata
703 4809 774 4872 quae
799 4793 899 4855 credi·
954 4796 1037 4857 mala
1052 4813 1122 4875 quae
1136 4795 1197 4875 ipsi
1212 4794 1329 4858 hahere
1344 4813 1522 4877 possumus,
1539 4797 1631 4860 nobis
1646 4816 1701 4879 pa-

151 4891 249 4968 disti3
274 4888 329 4951 Dei
354 4888 507 4951 honorem
532 4885 593 4948 sihi
622 4886 758 4949 adscribi
784 4889 899 4953 Sancta
954 4900 1130 4969 teant3non
1145 4892 1191 4955 sic
1206 4900 1312 4956 autem
1327 4894 1535 4976 aliorum,qui
1549 4895 1643 4958 etiarn
1656 4916 1701 4959 εθ-

152 5008 302 5065 ιθιιθθιιε,
317 4987 351 5049 in
366 4985 421 5047 liei
436 5003 509 5048 mox
528 4984 654 5048 laudern
675 4985 809 5067 ejusque
829 5006 899 5068 gra·
954 4999 1040 5054 creta
1057 4990 1158 5053 multe
1179 4990 1261 5055 bona
1281 5010 1351 5074 quae
1375 5010 1433 5055 uos
1459 4993 1567 5073 latent,
1583 4994 1700 5058 hahere

151 5087 202 5149 tiae
225 5085 437 5149 affectuosam
461 5082 697 5147 consessionem
720 5088 865 5167 prorupit
889 5110 896 5149 :
954 5098 1088 5172 possunt
1104 5112 1111 5149 ε
1129 5088 1204 5151 hinc
1226 5109 1283 5152 nos
1306 5090 1391 5173 ipsos
1412 5092 1526 5155 merito
1548 5092 1607 5155 sub
1627 5093 1699 5156 aliis

45 5205 92 5251 tera.
106 5212 138 5254 o,
152 5182 334 5265 llegnilicat
358 5182 535 5263 (inquiens)
562 5181 669 5244 anima
696 5202 767 5246 mea
795 5183 900 5248 Domi·
954 5189 1123 5252 humiliare
1152 5190 1314 5253 dehemus.
1341 5190 1409 5254 Non
1438 5200 1544 5255 autern
1569 5212 1700 5258 necesse

46 5304 139 5351 raro.
152 5303 242 5346 num.
259 5284 362 5364 Atque
379 5288 452 5363 post
473 5298 576 5363 pauca
591 5304 599 5342 ε
615 5281 703 5345 Fecit
725 5282 796 5364 (ait)
819 5284 898 5348 mihi
954 5296 1052 5352 estut
1070 5297 1198 5351 sanctus
1218 5296 1249 5351 et
1268 5289 1301 5351 in
1321 5290 1500 5356 humilitate
1524 5294 1696 5377 perlectus,
