4309 6259
386 430 446 498 342

921 452 1079 499 xxroslrlo
1100 452 1207 498 ulssAE.
1230 472 1271 481 -
1291 453 1360 499 ΛΒΤ.
1384 454 1404 498 X

386 622 498 702 Deum,
524 622 576 687 vel
605 624 639 686 in
664 623 792 706 propria
816 632 923 687 mente
946 642 1020 687 oum
1044 623 1176 687 attol-ll
1193 624 1265 686 addi
1295 632 1399 705 potest
1427 624 1564 687 termino
1593 622 1755 686 essentiali
1785 632 1816 685 et
1844 620 1943 685 etiam

385 721 494 785 limus.

425 824 614 883 Adoramus
629 829 671 890 te,
687 820 718 882 id
734 827 792 898 est,
809 820 962 903 singulari
982 828 1014 882 et
1034 818 1136 882 excel-

387 918 565 982 lentissimo
594 919 681 981 cultu
709 919 903 983 honoramus
930 928 961 981 te
985 926 1135 1001 tanquam

387 1018 526 1101 primum
545 1026 640 1099 atque
659 1016 850 1080 altissimum
871 1018 1060 1099 principem,
1082 1016 1137 1098 qui

387 1115 473 1177 solus
509 1113 629 1176 nullius
669 1133 754 1195 egeS,
788 1134 807 1177 a
842 1115 930 1177 nullo
962 1115 1135 1195 dependes,

386 1212 494 1275 omnia
517 1219 619 1292 potes,
642 1212 749 1275 omnia
771 1211 871 1291 vides,
897 1211 983 1274 solus
1009 1211 1136 1293 propria

387 1311 504 1373 virtute
532 1310 644 1391 juvare
673 1311 859 1391 salvareque
886 1319 988 1391 potes,
1015 1310 1079 1371 imo
1105 1318 1137 1372 et

387 1408 542 1471 obdurare
570 1428 607 1471 ac
636 1409 780 1489 perdere,
806 1408 1073 1489 quemadmodum
1102 1408 1136 1468 in

242 1523 374 1574 cauam,
387 1506 631 1570 Dentemnomio
660 1507 808 1587 legitur:
834 1505 900 1587 Ego
924 1506 1080 1584 occidam,
1106 1515 1137 1567 et

242 1589 275 1629 ³⁹·
387 1624 446 1687 ego
474 1606 582 1668 vivere
611 1604 737 1668 faciam.
768 1604 823 1666 Est
857 1613 963 1667 autem
996 1604 1136 1668 adoratio

388 1703 492 1766 cultus
507 1712 538 1766 et
551 1712 640 1766 actus
655 1702 755 1765 latriae
770 1703 829 1764 soli
845 1703 908 1765 Deo
924 1701 1130 1764 exhibendus.

1191 722 1362 804 personali,
1380 730 1473 803 prout
1488 722 1627 784 excludit
1641 720 1727 784 aliud
1743 720 1941 797 neutraliter,

1191 840 1255 883 nou
1275 820 1373 883 alium
1393 820 1580 884 masculine.
1599 820 1650 883 Sic
1668 820 1755 883 enim
1778 839 1876 902 quum
1895 818 1945 881 di-

1192 920 1284 998 citur,
1303 919 1393 983 Solus
1415 919 1514 980 Filius
1536 928 1584 981 cst
1606 926 1745 998 sanctus,
1767 917 1817 981 vel
1837 916 1946 980 Domi·

1192 1038 1263 1095 nus,
1286 1036 1341 1080 seu
1362 1017 1547 1097 altissimus,
1571 1036 1682 1079 sensns
1704 1025 1763 1095 est,
1787 1016 1872 1097 quod
1895 1015 1945 1077 lli-

1193 1116 1266 1195 lius,
1292 1122 1323 1178 et
1350 1116 1432 1177 nihil
1461 1115 1547 1177 aliud
1572 1134 1590 1176 a
1614 1113 1707 1192 Filio,
1733 1114 1775 1176 sit
1799 1120 1942 1177 sanctus.

1192 1213 1229 1276 Et
1243 1216 1303 1276 boc
1319 1213 1427 1295 utique
1448 1232 1558 1275 verum
1578 1220 1625 1275 est
1642 1235 1649 1273 z
1666 1212 1756 1274 Pater
1770 1212 1856 1275 euim
1876 1230 1942 1275 non

1192 1320 1240 1374 est
1262 1312 1346 1373 aliud
1374 1331 1392 1373 a
1420 1311 1511 1391 Filio,
1534 1312 1588 1374 sed
1614 1311 1715 1387 alius3
1738 1309 1887 1372 similiter
1911 1318 1945 1371 et

1193 1409 1327 1491 Spiritus
1346 1409 1490 1471 Sanctus
1507 1408 1636 1490 Proprie
1655 1416 1760 1469 umen
1781 1409 1846 1470 hate
1868 1426 1942 1488 vox,

1192 1530 1209 1566 a
1236 1506 1321 1570 solus
1347 1530 1376 1586 u,
1399 1506 1540 1569 excludit
1563 1506 1662 1568 alium
1688 1505 1876 1567 masculine.
1904 1505 1944 1567 Et

1192 1605 1275 1683 ideo,
1306 1605 1481 1667 secundum
1509 1604 1673 1683 Thomam,
1703 1603 1806 1684 prima
1838 1612 2090 1685 pantaenum

1192 1703 1264 1766 talis
1284 1702 1402 1767 locutio
1422 1721 1485 1766 non
1510 1711 1559 1765 est
1582 1701 1790 1779 extendenda,
1812 1702 1867 1765 sed
1889 1694 1988 1763 rex-⁸d
2003 1696 2057 1741 ’‘¹'-

386 1802 490 1865 Latria
504 1820 579 1865 vem
594 1808 643 1863 est
665 1802 765 1863 virtus
786 1820 855 1882 quae
876 1801 994 1863 divina
1015 1808 1135 1863 naturae
1154 1798 1351 1883 Bponenda,
1378 1821 1477 1882 quum
1507 1800 1630 1863 scilicet
1656 1799 1755 1865 dictio
1779 1799 1946 1863 exclusiva

386 1901 507 1963 cultum
532 1900 793 1980 caerimoniasque
818 1899 994 1980 impendit,
1015 1905 1046 1960 et
1067 1898 1135 1960 haec

386 1998 487 2060 virtus
508 1998 572 2061 alio
593 1997 723 2059 nomine
747 1997 926 2078 appellatur
949 1996 1071 2077 religio.

427 2099 658 2172 Glorificamas
680 2106 720 2156 te.
736 2094 880 2156 Dicimur
899 2095 998 2156 lleum
1020 2094 1136 2156 sancti·

385 2196 485 2257 ficare
509 2194 559 2256 vel
587 2191 808 2275 magnificare,
835 2194 911 2254 dum
941 2193 970 2255 ei
1001 2193 1034 2254 in
1065 2212 1135 2255 san-

385 2293 494 2355 ctitate
518 2300 549 2353 et
567 2291 715 2371 equitate
737 2291 905 2370 servimus,
929 2291 1038 2371 sicque
1060 2311 1133 2353 cum

385 2410 455 2453 esse
471 2408 622 2470 magnum
641 2397 673 2451 ct
692 2397 836 2451 sanctum
856 2389 1065 2452 ostendimus
1084 2389 1134 2451 Sic

385 2507 512 2570 quoquc
536 2488 633 2549 Deum
659 2486 890 2568 glorificamus,
917 2487 993 2549 dum
1019 2505 1136 2550 nomen

385 2587 487 2670 ipsius
520 2585 592 2649 aliis
626 2585 881 2663 manifestamus,
911 2604 948 2647 ac
984 2604 1041 2665 per
1073 2585 1135 2647 hoc

386 2687 492 2767 ipsum
511 2684 670 2746 famosum
693 2691 724 2745 et
743 2682 899 2745 inanimo
918 2682 1054 2746 aliorum
1069 2682 1137 2764 glo-

385 2785 506 2846 riosum
541 2781 716 2845 efficimus
750 2784 884 2844 Gratias
916 2784 1047 2858 opimus
1076 2783 1138 2840 tica·

380 2891 518 2959 propter
541 2881 685 2958 ploricm
716 2890 806 2939 tuam
834 2900 999 2957 mapnam,
1029 2879 1060 2940 id
1090 2886 1138 2940 cst

1191 1901 1318 1963 additur
1332 1899 1468 1963 termino
1483 1898 1750 1980 personali.Unde
1765 1899 1945 1961 secundum

1191 2017 1275 2075 eum,
1284 1997 1426 2060 Ecclesia
1441 2017 1506 2060 non
1518 2004 1624 2059 cantat
1637 1998 1676 2059 de
1688 1996 1768 2060 Filio
1784 1996 1943 2075 absolute,

1191 2097 1237 2157 Tu
1252 2096 1337 2158 solus
1353 2105 1491 2175 sanctire,
1509 2103 1568 2157 etc.
1584 2119 1592 2173 3
1609 2096 1663 2157 sed
1679 2094 1824 2177 protinus
1839 2095 1943 2170 addit,

1191 2193 1267 2255 Cum
1288 2193 1402 2255 Sancto
1423 2192 1541 2273 Spiritu
1561 2192 1594 2253 in
1615 2192 1717 2274 gloria
1737 2191 1793 2254 llei
1815 2190 1943 2253 Patris:

1191 2290 1342 2372 quoniam
1367 2299 1430 2352 tres
1455 2291 1597 2353 Personae
1621 2298 1695 2352 sunt
1719 2310 1803 2351 unus
1826 2289 1948 2351 altissi-

1191 2407 1274 2466 mus,
1291 2396 1323 2451 ct
1343 2408 1424 2451 unus
1446 2398 1573 2450 sanctus
1594 2407 1631 2450 ac
1653 2387 1819 2450 Dominus.

1231 2487 1295 2549 lloc
1311 2505 1385 2568 ergo
1406 2486 1587 2567 angelicum
1607 2484 1767 2548 canticum
1783 2503 1858 2546 cum
1877 2504 1948 2547 ma-

1191 2603 1253 2664 gna
1269 2584 1373 2647 cordis
1391 2584 1497 2647 latitia
1512 2604 1549 2646 ac
1571 2582 1741 2646 dovotione
1756 2582 1948 2646 dulcissima

1192 2691 1239 2744 est
1255 2683 1447 2745 cantandum
1468 2682 1536 2743 sive
1558 2682 1728 2763 legendum
1747 2705 1753 2742 :
1771 2682 1855 2762 quod
1872 2680 1947 2744 fieri

1192 2780 1313 2860 nequit,
1334 2779 1396 2842 nisi
1419 2779 1599 2842 intellectus
1619 2779 1652 2841 in
1675 2779 1949 2859 contemplatione

1191 2878 1245 2940 Dei
1262 2878 1417 2940 stabiliter
1431 2886 1526 2959 atque
1541 2878 1664 2940 sincere
1680 2876 1837 2940 firmetur.
1845 2878 1949 2952 Ouan-

385 2987 515 3062 propter
529 2967 738 3041 excellentem
760 2977 906 3039 notitiam
929 2996 1026 3059 quam
1041 2976 1136 3039 habe·
1156 2979 1177 3041 C
1192 2984 1223 3039 to
1238 2975 1324 3038 enim
1340 2976 1436 3039 verba
1450 2976 1570 3038 fuerint
1585 2976 1753 3055 diviniora,
1771 2984 1860 3039 tanto
1879 2996 1949 3039 am-

386 3097 468 3155 muS,
490 3078 609 3158 Spiritu
629 3077 743 3139 Sancto
763 3075 936 3153 revelante,
958 3076 997 3138 de
1017 3083 1058 3152 tc,
1079 3094 1137 3156 per

385 3194 480 3257 quam
497 3174 718 3255 cognoscimus
734 3181 852 3254 quanta
867 3173 960 3236 uobis
976 3171 1137 3235 beneficia

386 3272 560 3350 contulisti,
583 3279 712 3352 propter
730 3289 800 3351 quaa
822 3290 948 3352 semper
967 3279 998 3333 et
1018 3269 1136 3350 ubique

385 3370 503 3453 gratias
519 3369 576 3431 tibi
591 3388 685 3450 agere
701 3377 846 3431 tenemur
860 3386 919 3430 nec
941 3367 1133 3430 sufficimus.

426 3469 499 3544 Quas
518 3469 646 3531 demum
668 3474 845 3548 sequuntur
865 3467 897 3528 in
919 3466 1044 3529 cantico
1063 3466 1134 3545 istc,

387 3575 462 3630 sunt
489 3567 594 3647 plana,
624 3566 687 3628 nisi
715 3566 799 3647 quod
830 3565 863 3625 in
892 3564 960 3627 fine
993 3572 1138 3626 cantatur

387 3665 426 3727 de
447 3664 527 3727 Filio
549 3687 556 3725 :
579 3668 628 3725 Tu
647 3668 733 3724 solus
751 3673 894 3733 sanctur,
916 3672 952 3723 tu
971 3668 1057 3723 solus
1074 3666 1136 3725 Do-

386 3764 508 3833 minus,
529 3772 562 3822 tu
585 3766 671 3822 sotus
694 3763 886 3831 altissimae,
903 3764 979 3822 lesu
998 3762 1135 3822 Christe.

386 3860 485 3922 Habet
510 3860 596 3921 cnim
624 3858 844 3939 quaestionem,
871 3878 911 3920 an
939 3858 1012 3920 talis
1036 3858 1137 3920 oratio

386 3958 467 4020 nihil
492 3958 648 4035 addendo,
674 3956 715 4018 sit
738 3976 832 4034 vera3
858 3965 890 4019 et
916 3964 964 4018 est
988 3956 1074 4019 idem
1098 3977 1135 4019 ac

388 4056 414 4118 si
430 4063 647 4135 quaeratur,an
661 4054 759 4116 dictio
773 4054 934 4116 exclusiva
948 4054 1021 4116 addi
1038 4055 1138 4134 possit

1193 3075 1325 3155 pliorem
1342 3076 1573 3137 advertentiam
1585 3083 1616 3137 et
1631 3075 1842 3137 elevationem
1860 3095 1951 3138 men-

1192 3172 1232 3233 tis
1248 3173 1409 3253 puriorem
1429 3173 1615 3252 requirunt3
1632 3192 1694 3254 quo
1714 3174 1810 3235 etiam
1831 3193 1950 3236 sensus

1192 3270 1374 3333 divinornm
1400 3270 1570 3334 vorborum
1595 3269 1804 3334 affectuosior
1827 3280 1876 3334 est
1901 3282 1951 3333 at-

1193 3386 1253 3448 quo
1272 3366 1472 3450 pmfuudior,
1494 3388 1532 3433 eo
1553 3368 1677 3433 modica
1702 3369 1808 3432 cordis
1832 3369 1952 3433 distra-

1193 3466 1256 3528 ctio
1277 3466 1498 3529 vehementius
1519 3477 1612 3531 nocet
1631 3486 1668 3530 ac
1689 3468 1833 3549 impedit.

1232 3564 1403 3642 Postremo,
1427 3584 1525 3646 quum
1551 3566 1632 3627 Deus
1661 3573 1779 3629 attente
1804 3567 1952 3629 orandus

1194 3662 1246 3740 sit,
1262 3664 1413 3725 attentius
1429 3672 1534 3725 tamen
1551 3663 1727 3726 laudandus
1742 3671 1843 3742 estet
1857 3672 1952 3727 tanto

1192 3761 1343 3823 attentius
1372 3768 1491 3843 quanto
1519 3761 1624 3843 majus
1659 3781 1697 3824 ac
1730 3762 1861 3843 dignius
1897 3773 1953 3825 est

1193 3859 1291 3921 Deum
1307 3858 1434 3923 laudare
1449 3880 1545 3941 qnam
1560 3880 1660 3923 orare.
1670 3861 1841 3941 Utrumque
1857 3861 1951 3923 enim

1192 3965 1282 4019 actus
1296 3965 1345 4019 est
1360 3956 1523 4039 religionis
1540 3977 1595 4021 seu
1613 3958 1732 4037 latriae3
1749 3959 1804 4021 sed
1825 3968 1952 4039 quanto

1192 4054 1354 4135 objectum
1375 4062 1407 4117 et
1427 4054 1505 4117 finis
1528 4056 1646 4118 divinae
1669 4055 1771 4118 laudis
1794 4064 1952 4137 praestan-

386 4154 524 4217 termino
552 4152 709 4233 personali
740 4151 772 4213 in
801 4152 931 4229 divinis,
961 4152 1097 4216 dicendo
1127 4150 1274 4214 :lltiora
1288 4159 1362 4214 sunt
1380 4152 1506 4233 objecto
1525 4172 1562 4215 ac
1584 4152 1652 4215 fine
1673 4154 1837 4231 orationis,
1856 4162 1951 4217 tanto

387 4251 479 4315 Solus
503 4252 593 4313 Pater
621 4258 669 4313 est
692 4270 785 4312 verus
810 4250 903 4328 Deus,
926 4249 1013 4312 solus
1038 4250 1136 4313 Filius

387 4359 436 4413 est
454 4349 639 4427 altissimus,
661 4348 746 4410 solus
771 4348 905 4429 Spiritus
931 4348 1065 4410 Sanctus
1089 4355 1137 4411 est

388 4448 574 4526 immensus,
590 4447 642 4509 vel
657 4446 753 4509 simili
770 4446 874 4509 modo.
891 4446 929 4507 Et
937 4447 1136 4526 ,respondeu-

387 4549 475 4623 dum,
491 4546 575 4628 quod
596 4546 732 4609 tenendo
750 4544 923 4607 dictionem
939 4543 1135 4606 exclusivam

388 4644 660 4725 cat-egorematice,
695 4642 828 4720 scilicet,
864 4650 957 4723 prout
991 4641 1135 4705 absolute

388 4743 478 4824 ponit
501 4761 568 4804 rem
592 4741 804 4821 significatam
830 4740 915 4802 circa
940 4739 1132 4820 subjectum,

386 4841 459 4905 addi
484 4859 549 4904 non
577 4847 680 4920 potest
706 4838 843 4901 termino
871 4839 1042 4919 personali,
1068 4839 1134 4903 imo

386 4958 445 5002 nec
470 4938 642 5015 essentiali,
665 4938 698 4999 in
722 4936 869 4999 divinis:
892 4945 1022 5017 poneret
1046 4938 1133 4999 enim

386 5037 590 5101 solitudinem
618 5037 652 5097 in
676 5035 804 5097 divinis.
832 5035 863 5096 Si
889 5053 965 5097 vero
989 5042 1134 5097 teneatur

385 5133 719 5217 syncategorematice,
729 5131 862 5211 scilicet,
874 5142 969 5214 prout
983 5133 1133 5215 importat

383 5232 603 5296 habitudinem
617 5230 781 5315 praedicati
795 5230 835 5294 ad
850 5231 1039 5312 subjectum,
1054 5239 1129 5293 tunc

1192 4249 1361 4311 sublimius
1380 4259 1428 4313 est
1447 4252 1610 4333 magisque
1630 4250 1826 4314 meritorium
1843 4252 1949 4314 Deum

1191 4346 1319 4410 laudare
1341 4366 1434 4429 quam
1457 4368 1557 4411 orare.
1575 4350 1741 4431 Objeetum
1764 4350 1849 4412 enim
1872 4367 1950 4411 ora-

1190 4448 1287 4512 tionis
1311 4456 1359 4509 est
1382 4446 1509 4527 aliquod
1535 4448 1654 4510 donum
1679 4448 1836 4525 divinum,
1863 4448 1948 4514 finis

1191 4565 1266 4610 vero
1290 4544 1442 4610 orationis
1467 4553 1515 4607 est
1538 4546 1657 4609 donum
1682 4546 1736 4607 Dei
1760 4546 1944 4628 acquirere.

1189 4644 1354 4724 Objectum
1369 4650 1475 4704 autem
1491 4642 1595 4705 laudis
1609 4644 1727 4705 divinae
1742 4652 1789 4706 est
1803 4644 1874 4727 ipsa
1888 4666 1949 4709 ex·

1190 4741 1339 4805 cellentia
1362 4740 1513 4803 bonitatis
1539 4740 1666 4817 divinae,
1690 4740 1768 4803 finis
1793 4761 1868 4806 vero
1892 4758 1949 4809 est

1188 4840 1257 4919 ipse
1276 4840 1358 4901 lleus
1378 4861 1384 4899 :
1402 4839 1464 4900 tale
1490 4848 1595 4901 autem
1621 4838 1782 4919 objectum
1803 4840 1948 4922 talisque

1187 4936 1275 5014 finis,
1302 4936 1429 5017 objecto
1452 4944 1483 4999 et
1510 4936 1570 4998 fini
1595 4937 1747 5000 orationis
1772 4938 1947 5018 potissime

1187 5036 1339 5098 eminent.
1362 5034 1513 5116 Denique,
1535 5054 1633 5115 quum
1658 5054 1798 5115 oramus,
1819 5038 1859 5099 ad
1881 5058 1948 5105 nos

1187 5132 1273 5213 ipsos
1288 5133 1395 5214 aliquo
1410 5133 1506 5195 modo
1521 5132 1733 5211 reflectimur3
1747 5152 1845 5214 quum
1863 5156 1946 5203 vero

1186 5230 1284 5293 Deum
1304 5231 1481 5310 laudamus,
1503 5230 1536 5293 in
1556 5231 1657 5313 ipsam
1677 5232 1795 5297 divinae
1815 5243 1946 5302 natura)
