4309 6259
592 487 753 537 mommo
769 488 869 537 nillil
891 490 899 535 i
922 490 1007 549 Auni,
1029 488 1161 537 emona
1180 487 1330 537 nonomen

497 942 596 1065 IN
660 940 1422 1090 QUADRAGESIMA

580 1292 663 1387 All
700 1292 1033 1390 VESPERAS
1074 1293 1337 1391 HYMNUS

296 1640 327 1702 l.
348 1638 449 1719 Audi,
464 1638 605 1722 benigne
624 1640 793 1721 Conditor,
1075 1641 1128 1704 Ad
1145 1640 1276 1705 laudem
1292 1641 1342 1705 tui
1356 1642 1502 1706 nominis

272 1736 410 1801 Nostros
427 1755 541 1819 preces
559 1756 635 1803 cum
653 1738 797 1819 fletibus,
1073 1738 1195 1802 Confer
1208 1738 1370 1803 medelam
1385 1738 1561 1821 languidis.

273 1834 312 1899 In
330 1836 393 1899 hoc
408 1853 500 1901 sacro
517 1836 647 1919 jejunio

271 1933 378 1997 Fusas
392 1934 663 2017 quadragenario.
1096 1934 1130 1998 4.
1151 1934 1206 1998 Sic
1224 1951 1345 2015 corpus
1363 1934 1456 1998 extra
1474 1934 1600 1999 conteri

1075 2032 1183 2111 Dona,
1195 2049 1253 2113 per
1272 2032 1510 2096 abstinentiam

294 2130 326 2195 2.
343 2132 513 2197 Scrutator
530 2132 617 2197 alme
635 2134 798 2213 cordium,
1073 2130 1207 2211 ieiunet
1221 2133 1259 2193 ut
1276 2146 1371 2195 mens
1388 2128 1499 2194 sobria

272 2228 407 2295 Indrrna
421 2232 458 2293 tu
476 2232 542 2295 scis
556 2232 699 2297 virium:
1074 2230 1104 2293 Α
1121 2228 1195 2292 labe
1209 2245 1346 2311 prorsus
1364 2228 1554 2293 eriminum.

271 2326 323 2392 Ad
337 2329 370 2391 te
384 2329 525 2393 reversis
541 2330 660 2395 exhibe

270 2424 491 2491 Remissionia
504 2428 656 2509 gratiam.
1096 2427 1128 2488 5.
1144 2425 1280 2504 Praesta,
1301 2424 1397 2489 beata
1414 2424 1571 2504 Trinitas,

1073 2522 1234 2603 Concede,
1254 2522 1397 2603 simplex
1412 2522 1541 2601 Unitas,

293 2621 485 2688 euntem
504 2623 638 2706 quidem
657 2624 878 2707 peccavimus,
894 2690 898 2696 ,
1073 2622 1118 2684 Ut
1137 2621 1307 2685 fructuosa
1321 2621 1390 2684 sint
1407 2621 1475 2683 tuis

273 2719 337 2783 Sed
353 2736 450 2802 parce
469 2717 723 2805 confitentibus,
1071 2718 1283 2800 Jejuniornm
1302 2735 1449 2782 munera.

689 3089 1000 3178 EXPOSITIO
1041 3090 1231 3179 ΗΥΜΝΙ

223 3402 256 3467 lu
271 3422 309 3467 eo
322 3400 472 3485 dirigitur
484 3400 524 3465 ad
538 3400 636 3463 ileum
652 3398 753 3465 oratic
767 3409 801 3463 ut
821 3400 855 3464 in
869 3400 930 3466 hec
943 3403 970 3465 A
983 3401 1068 3466 idern
1089 3402 1174 3485 quod
1194 3400 1386 3467 intellectus.
1402 3400 1505 3465 Dictio
1524 3418 1652 3483 quoque
1672 3401 1733 3465 ista

183 3520 274 3565 sacro
288 3500 405 3583 jejunii
420 3498 702 3582 quadragesimalis
715 3506 871 3581 tempore,
882 3518 931 3562 re-
984 3520 1001 3559 α
1017 3499 1155 3582 benigue
1170 3523 1188 3559 ι
1202 3499 1428 3563 adverbialiter
1447 3507 1552 3582 potest
1570 3498 1684 3577 teneri,
1699 3505 1733 3562 et

182 3598 370 3663 missionem
392 3596 484 3661 nobis
500 3603 703 3679 peccatorum
725 3596 882 3675 exhibeat,
899 3605 930 3660 et
983 3615 1053 3661 esse
1077 3598 1300 3662 determinatio
1321 3598 1410 3661 verbi
1435 3597 1527 3659 istius
1551 3619 1568 3657 e
1591 3596 1665 3659 nudi
1690 3618 1730 3675 ις

183 3716 257 3761 curn
286 3695 441 3779 corporali
466 3692 602 3777 jejunio,
628 3692 809 3758 abstinendi
834 3695 929 3759 etiam
982 3702 1087 3777 potest
1108 3695 1183 3759 item
1198 3695 1404 3759 nominaliter
1417 3693 1532 3777 accipi,
1548 3702 1581 3756 et
1594 3712 1664 3757 esse
1677 3696 1732 3757 ad·

182 3794 355 3877 apcccetis
369 3794 503 3877 gratiam
518 3791 646 3855 tribunt.
982 3792 1137 3875 jactivam
1151 3793 1248 3875 hujus
1263 3792 1402 3857 nominis
1416 3815 1434 3853 u
1450 3792 1601 3857 Conditor
1614 3814 1644 3855 ι.

221 3892 408 3958 Ambrosius
429 3899 550 3969 auctor,
574 3898 609 3954 ut
631 3890 772 3955 creditur
792 3910 831 3955 ex
856 3892 929 3955 che·
1021 3890 1129 3974 ltaque
1148 3892 1254 3955 uendi
1270 3914 1288 3952 ι
1302 3902 1433 3953 nostras
1449 3910 1560 3969 preces
1579 3910 1652 3952 cum
1672 3892 1730 3968 ste·

182 3999 313 4055 rectere.
330 3989 463 4053 Carmen
478 3987 651 4051 iambicum
667 3987 849 4051 dimetrum.
984 3992 1082 4061 tibus,
1107 3989 1139 4052 id
1164 3998 1212 4053 est
1240 4008 1352 4073 preces
1379 3996 1504 4054 nostres
1532 3988 1728 4068 lacrimosas,

983 4106 1040 4151 seu
1058 4106 1171 4170 preces
1189 4096 1221 4151 et
1239 4087 1386 4151 lacrimas
1408 4106 1446 4151 ex
1466 4086 1529 4169 piis
1547 4086 1652 4151 causis
1667 4086 1731 4150 vir·

257 4182 388 4249 YMNUS
408 4182 468 4247 iste
488 4200 527 4245 er
545 4182 638 4246 lande
652 4188 684 4244 et
697 4180 841 4245 oratione
854 4200 930 4247 con·
984 4185 1167 4268 talibusque
1180 4193 1358 4265 manantes,
1371 4187 1431 4250 hoc
1446 4193 1505 4266 est,
1522 4204 1560 4248 ex
1574 4184 1731 4267 poeniten·

273 4282 440 4361 teritur,et
453 4282 602 4345 edtotarn
617 4280 929 4363 superbeatissimam
983 4284 1052 4347 tieli
1075 4284 1196 4363 dolore,
1219 4304 1257 4349 ex
1281 4284 1440 4349 desiderio
1464 4284 1553 4366 regni
1577 4284 1727 4363 coelestis,

184 4381 382 4460 Trinitatem,
398 4398 469 4463 qum
484 4398 557 4443 vere
571 4385 619 4442 est
639 4397 722 4441 unus
737 4378 831 4458 nens,
847 4398 929 4443 unns
983 4402 1022 4447 cr
1035 4382 1264 4465 proximorum,
1276 4381 1489 4447 fraternorum
1504 4390 1535 4444 et
1549 4380 1730 4447 vicinorum

184 4480 467 4559 Conditor,llector
480 4497 517 4542 ec
527 4476 680 4542 Dominus
694 4476 927 4558 universorum,
984 4480 1268 4564 compassionem
1281 4480 1418 4564 proprie
1432 4478 1684 4545 deiectncsitatis
1698 4488 1731 4545 et

184 4578 298 4644 devote
319 4578 477 4661 dirigitur.
945 4584 969 4647 B
984 4578 1237 4662 imperfectionis
1251 4578 1436 4658 attentione,
1452 4598 1491 4643 ex
1508 4579 1730 4662 compassione

223 4679 329 4748 Audi,
345 4678 480 4755 deniqne
495 4678 677 4739 Conditor:
692 4674 724 4737 id
739 4683 798 4755 est,
813 4675 929 4740 oileus
984 4678 1153 4743 dominicae
1176 4676 1347 4761 passionis,
1371 4696 1410 4741 ex
1432 4677 1622 4742 suavissima
1644 4696 1731 4744 com-

184 4776 398 4857 omnipolens,
415 4774 601 4837 naturaliter
619 4773 683 4856 pie,
699 4774 755 4855 qui
774 4782 882 4839 noster
895 4794 929 4838 es
985 4775 1143 4860 placentia
1161 4774 1479 4859 supergloriosissimi
1498 4783 1530 4839 et
1549 4795 1730 4859 supersere-

184 4882 318 4953 creator,
335 4894 352 4933 e
367 4871 441 4936 nudi
456 4894 487 4952 ιι,
499 4870 531 4935 id
546 4880 605 4950 est,
616 4871 791 4935 clementer
803 4872 928 4952 exaudi,
984 4874 1111 4937 nissimi
1124 4872 1191 4937 Dei.
1203 4872 1256 4937 Sic
1271 4881 1303 4937 et
1315 4873 1481 4936 Psalmista
1494 4873 1598 4937 oravit
1610 4897 1617 4936 :
1629 4873 1729 4937 Exau—
1742 4894 1876 4947 remen.

183 4972 321 5053 gratiose
343 4979 484 5052 accepte,
512 4968 659 5051 largiflue
683 4970 793 5053 imple,
818 4978 850 5033 et
876 4972 931 5035 ad·
984 4973 1017 5037 di
1038 4970 1214 5035 orationem
1235 4989 1351 5050 meam,
1366 4970 1511 5050 Domine,
1527 4979 1559 5035 et
1580 4971 1730 5054 depreca-
1744 4962 1777 5003 ⁰·

184 5070 347 5151 implendo
366 5068 451 5150 quod
470 5068 619 5151 petimus,
640 5070 771 5132 ostende
792 5077 823 5132 te
847 5069 929 5133 scire
984 5072 1104 5135 tionem
1125 5088 1250 5149 meam,
1274 5068 1404 5132 auribus
1428 5067 1558 5152 percipe
1581 5070 1729 5133 lacrimas

183 5175 279 5251 atque
305 5167 469 5231 advertere
493 5184 564 5249 quae
592 5185 769 5250 precamur.
795 5167 929 5232 Auditus
984 5168 1200 5249 mees.llngna
1214 5177 1262 5231 est
1277 5167 1326 5230 vis
1340 5175 1373 5230 et
1382 5166 1530 5230 eiiicecin
1544 5168 1729 5248 hujusmodi

183 5265 302 5349 quippe
321 5264 355 5327 in
369 5265 433 5329 Deo
454 5264 662 5348 spiritualiter
675 5274 734 5344 est,
750 5274 783 5329 et
803 5266 930 5331 realiter
984 5266 1199 5331 lacrimarum.
1216 5265 1346 5348 Propter
1358 5266 1443 5347 quod
1457 5272 1586 5328 sanctus
1600 5266 1645 5328 ait
1657 5266 1729 5330 ilie-

307 5396 341 5453 T.
354 5396 394 5451 3⁵.
1590 5398 1606 5451 ³
