4309 6259
431 461 491 525 222
741 480 781 527 na
802 480 892 528 nortis
913 480 1047 528 srmrrns
1068 478 1187 539 sartari,
1209 480 1384 528 rntcrtms
1405 482 1448 527 nr.
1472 500 1512 511 -
1532 481 1602 528 mr.
1625 481 1677 527 xix

431 664 560 728 quoque
573 654 622 711 est
635 656 765 732 propter
785 650 982 713 honestatem
1003 668 1041 712 ac
1062 649 1221 713 utilite-A
1276 649 1389 730 Liquet
1412 667 1499 732 ergo,
1516 650 1600 731 quod
1625 650 1756 728 fiducia,
1774 648 1978 732 magnifieen-
2127 728 2128 731 Ἴ

431 752 508 825 tem,
535 748 703 810 arduarum
733 757 827 829 atque
855 747 1047 811 terribilium
1075 767 1180 811 rerum
1236 748 1290 827 tia,
1320 748 1472 829 patientia
1496 757 1528 811 et
1553 748 1799 830 perseverantia,
1823 747 1976 811 interdum

432 842 612 908 voluntaria
627 854 658 908 et
671 845 821 908 diutuma
842 845 1017 928 perpessio.
1034 846 1181 909 Perseve-
1236 852 1309 907 aunt
1322 846 1450 908 babitus
1464 865 1501 909 ec
1518 846 1650 907 virtutes
1665 846 1800 909 morales
1814 868 1822 921 3
1840 845 1976 908 vicissim

432 942 597 1005 rantiaest
611 943 645 1005 in
660 944 782 1008 ratione
804 952 888 1008 recte
910 944 1063 1026 disposita
1086 942 1182 1007 stabi·
1235 962 1310 1006 vero
1334 952 1502 1006 sumuntur
1527 962 1584 1025 pro
1610 943 1733 1007 actibus
1757 943 1833 1007 doni
1859 942 1978 1007 fortitu-

432 1038 473 1101 lis
487 1048 519 1102 et
534 1048 687 1122 perpetua
700 1041 788 1105 fixio.
805 1042 859 1107 Hae
879 1043 1011 1104 virtutes
1031 1042 1181 1104 dicuntur
1234 1040 1330 1103 dinis.
1346 1041 1502 1104 -Simili
1521 1041 1614 1104 modo
1628 1041 1744 1123 opinor
1757 1059 1850 1122 posse
1867 1042 1976 1103 salvari

432 1146 537 1219 partes
563 1139 759 1220 potestativae
783 1138 990 1217 fortitudinis,
1006 1139 1082 1220 quia
1107 1158 1180 1201 cum
1234 1158 1271 1201 ac
1286 1139 1471 1202 concordari
1487 1139 1571 1219 quod
1586 1140 1620 1201 in
1640 1140 1857 1221 superioribus
1877 1140 1978 1202 verbis
2003 1170 2050 1209 iffi,
2071 1168 2081 1217 ι,

432 1255 470 1299 ea
498 1236 613 1317 partim
642 1237 849 1317 conveniunt,
875 1257 973 1319 quum
1002 1237 1066 1299 sint
1094 1237 1181 1299 cirea
1235 1236 1618 1301 Thomaevidebatursibi
1640 1236 1701 1318 ipsi
1724 1255 1916 1318 repugnans.
1932 1233 2050 1299 Aitffl'·
2127 1242 2128 1319 f

432 1332 594 1413 objectum
620 1334 754 1398 arduum
774 1335 843 1398 sive
864 1334 1022 1413 difficile;
1039 1352 1103 1397 non
1125 1353 1180 1397 au·
1235 1334 1320 1396 enim
1344 1336 1376 1395 in
1402 1335 1504 1415 prima
1525 1336 1682 1412 secundae,
1700 1335 1784 1417 quod
1804 1336 1842 1397 ad
1862 1335 2085 1420 donumqmmr

432 1438 497 1493 tarn
521 1432 560 1494 ad
585 1431 782 1495 fortitudinis
807 1431 1036 1513 perfectionem
1065 1431 1181 1513 pertin·
1235 1432 1360 1496 consilii
1377 1432 1514 1513 pertinet
1537 1432 1678 1496 veritatis
1700 1432 1924 1515 apprehensio,
1940 1432 1978 1495 ita

431 1535 520 1610 gunt,
551 1548 650 1611 quum
685 1530 755 1613 ipsa
788 1530 829 1593 sit
857 1531 943 1593 circa
970 1528 1178 1607 difficillima,
1234 1531 1319 1611 quod
1348 1531 1466 1593 donum
1495 1530 1622 1593 consilii
1651 1530 1781 1613 perficit
1808 1531 1978 1611 practicam

431 1645 502 1708 quae
522 1636 597 1690 sunt
618 1629 729 1691 mortis
751 1628 904 1709 pericula.
1235 1630 1389 1693 rationem
1405 1630 1438 1690 in
1454 1630 1675 1710 cognoscendo
1691 1630 1855 1691 verumln
1872 1649 1979 1693 scenn-

470 1725 578 1807 ltaque
596 1726 740 1789 omniurn
759 1726 871 1789 barum
897 1735 986 1790 actus
1011 1726 1177 1802 virtutum,
1235 1729 1275 1791 da
1289 1728 1435 1791 secundae
1450 1726 1602 1805 affirmat,
1619 1728 1704 1808 quod
1720 1728 1758 1789 ed
1773 1728 1893 1791 donum
1910 1746 2086 1812 con-,mr

430 1824 515 1887 dono
539 1824 737 1887 fortitudinis
756 1824 1037 1905 supernatumliter
1057 1842 1094 1885 ac
1115 1824 1216 1888 dei-B
1236 1824 1300 1887 silii
1326 1834 1447 1906 spectet
1465 1825 1608 1907 judicare
1627 1826 1668 1888 de
1686 1824 1810 1888 actibus
1835 1825 1979 1888 humanis

431 1921 577 1985 formiter
590 1930 780 2004 congruunt.
798 1923 862 1985 lloc
878 1922 965 1985 enim
980 1922 1100 1984 donum
1115 1939 1180 1984 non
1236 1924 1410 1985 secundum
1438 1924 1523 2003 quod
1560 1921 1642 1985 fides
1677 1922 1808 2004 respicit
1840 1942 1908 2001 em,
1937 1924 1979 1985 sic

431 2021 534 2084 solum
550 2029 676 2103 praestat
690 2020 844 2084 fiduciam
867 2022 901 2082 in
922 2022 1017 2083 rebus
1031 2020 1181 2082 burnonis
1235 2022 1318 2101 quod
1337 2022 1456 2084 donum
1478 2020 1605 2084 consilii
1631 2020 1804 2102 practicam
1828 2022 1979 2085 rationem

432 2121 472 2183 ad
486 2120 663 2182 naturalem
678 2118 779 2182 finem
794 2118 1019 2211 perducendis,
1037 2119 1093 2180 sed
1115 2136 1182 2181 om·
1236 2120 1269 2180 in
1290 2118 1462 2199 judicando
1478 2127 1636 2201 pemmat.
1653 2120 1725 2182 llaec
1744 2138 1820 2202 ergo
1839 2119 1980 2182 dubietas

433 2237 507 2281 nem
527 2218 659 2298 insuper
676 2217 892 2280 diffidentiam
914 2217 1008 2296 tollit,
1024 2217 1182 2279 animum·
1236 2217 1280 2279 ita
1293 2217 1478 2280 absolvitur.
1487 2214 1563 2279 Nam
1579 2217 1698 2279 donum
1713 2217 1839 2281 consilii
1851 2218 1982 2300 pruden-

434 2335 495 2399 qne
520 2324 646 2379 securat
663 2317 702 2379 de
722 2316 815 2378 beata
833 2315 1040 2398 perventione
1066 2316 1105 2377 ad
1131 2334 1183 2377 su·
1236 2315 1312 2376 tiam
1338 2314 1503 2377 concernit
1521 2333 1557 2377 ao
1579 2314 1719 2396 perficit,
1736 2322 1847 2396 estque
1874 2313 1983 2377 effica-

435 2414 644 2495 pematuralis
676 2413 882 2477 beatitudinis
911 2412 1032 2490 finem3
1062 2421 1095 2475 et
1122 2412 1183 2475 ista
1236 2413 1305 2476 cius
1330 2421 1424 2494 atquc
1449 2413 1649 2494 praestantius
1674 2432 1721 2477 ea.
1749 2413 1871 2476 ldcirco
1897 2422 1981 2476 ectus

435 2512 588 2575 securitas
615 2520 756 2574 menwm
783 2512 920 2575 dulciter
948 2510 1064 2592 reficit,
1093 2510 1183 2593 juxta
1237 2512 1411 2593 prudentia
1430 2520 1462 2574 et
1486 2511 1624 2593 partium
1650 2511 1730 2593 ejus,
1747 2513 1832 2575 dono
1858 2511 1981 2575 consilii

361 2667 367 2679 .
397 2649 419 2687 v,
434 2610 514 2673 illud
538 2611 778 2675 Proverbiorum
804 2633 811 2673 :
834 2611 951 2674 Secura
974 2629 1066 2672 mens
1090 2608 1181 2690 quasi
1236 2610 1488 2673 eminentissime
1522 2618 1716 2693 competunt.
1753 2612 1850 2674 Actus
1879 2620 1982 2673 autem

316 2732 321 2743 ·
432 2710 509 2792 juge
524 2709 720 2773 convivium.
738 2709 824 2772 Unde
838 2708 1008 2790 Gregorius
1027 2731 1034 2769 ε
1050 2707 1183 2771 Fortitn-
1237 2709 1411 2791 prudentie
1426 2717 1457 2771 ct
1472 2710 1609 2791 partium
1624 2709 1695 2790 ejus
1711 2717 1795 2786 sunt,
1807 2709 1981 2785 consiliari,

433 2808 485 2886 do,
511 2806 625 2887 inquit,
652 2806 685 2868 in
710 2801 767 2869 die
790 2825 848 2870 suo
877 2805 1062 2870 convivium
1092 2804 1179 2882 facit,
1235 2807 1377 2889 judicare
1407 2814 1501 2888 atquc
1530 2808 1713 2889 precipere.
1744 2807 1860 2870 Omnes
1890 2806 1984 2889 igitur

434 2906 584 2987 quoniam
603 2905 679 2967 dum
698 2905 831 2967 adversa
855 2924 921 2969 non
944 2904 1069 2984 metuit,
1086 2903 1183 2984 trepi-
1236 2914 1325 2968 actus
1350 2905 1383 2967 hi
1408 2906 1492 2969 dono
1518 2905 1645 2969 consilii
1669 2905 1799 2968 attribui
1824 2913 1980 2988 possunt:

434 3004 522 3066 danti
536 3002 635 3067 menti
650 3002 855 3066 confidentiae
875 3003 963 3066 cibos
982 3002 1127 3085 apponit.
1144 3004 1183 3063 At
1199 3002 1220 3066 C
1237 3004 1346 3084 sicque
1361 3003 1532 3085 pertinebit
1551 3005 1590 3066 ad
1612 3004 1731 3067 donum
1754 3004 1881 3067 consilii
1905 3011 1984 3066 uter·

434 3119 510 3165 vero
534 3100 731 3164 fortitudinis
755 3101 874 3164 donum
900 3108 1006 3163 actum
1032 3099 1182 3181 magnifi-
1235 3121 1297 3183 que
1312 3109 1400 3164 actus
1416 3102 1597 3183 predictus.
1613 3101 1742 3183 Proprie
1764 3110 1869 3165 fernen
1893 3110 1983 3183 atque

435 3198 547 3261 centiae
568 3198 748 3261 sublimiter
769 3197 891 3279 implet,
907 3198 1059 3279 quoniam
1080 3198 1183 3261 homi·
1236 3199 1400 3282 potissime
1416 3206 1538 3280 spectat
1550 3200 1589 3261 ad
1604 3200 1724 3261 donum
1740 3198 1867 3262 consilii
1892 3199 1984 3262 ratio

434 3316 493 3359 nes
516 3295 594 3359 facit
615 3314 649 3358 se
670 3295 756 3377 ipsos
778 3296 841 3358 fleo
864 3296 1057 3377 impendere,
1074 3295 1182 3359 omnia
1236 3296 1358 3360 nemin
1378 3298 1600 3378 cognoscendo
1622 3296 1748 3379 perfici,
1766 3296 1850 3359 sieut
1872 3317 1911 3360 ex
1932 3314 1984 3359 no

435 3413 493 3458 sua
507 3393 656 3457 interiora
671 3413 707 3456 ac
723 3394 877 3457 exteriora
890 3394 1010 3456 divinis
1030 3394 1183 3457 mbustis·
1236 3393 1322 3457 mine
1339 3394 1464 3457 consilii
1481 3393 1669 3457 innotescit:
1680 3393 1850 3457 consilium
1867 3394 1984 3476 quippe

435 3494 516 3556 sime
537 3492 731 3573 mancipare,
749 3510 847 3573 seque
861 3492 924 3555 Deo
938 3491 1068 3571 offerre,
1086 3493 1183 3555 sacri-
1235 3491 1476 3572 inquisitionem
1510 3492 1680 3573 importat3
1711 3490 1878 3571 inquisitio
1912 3508 1985 3553 vero

286 3610 420 3660 ramata.
435 3590 545 3670 ficare,
562 3599 593 3654 et
613 3590 654 3654 ob
673 3590 744 3671 ejus
763 3590 916 3655 bonorem
940 3599 1007 3654 tota
1031 3610 1068 3654 ac
1093 3591 1182 3655 omni
1236 3599 1284 3653 est
1297 3590 1350 3653 via
1364 3592 1402 3653 ad
1418 3590 1652 3673 perficiendum
1667 3589 1810 3653 veritatis
1825 3589 1982 3653 notitiam.

285 3707 374 3753 ueto.
390 3721 420 3761 ιι,
434 3690 487 3753 die
511 3689 717 3754 mortificare.
743 3688 887 3771 Regnum
915 3689 1003 3753 enim
1028 3690 1182 3753 coelorum

287 3773 322 3815 ¹²·
434 3787 500 3850 vim
516 3787 644 3869 patitur,
658 3794 690 3849 et
703 3787 835 3851 violenti
851 3786 980 3868 rapiunt
994 3787 1085 3851 illud.
1099 3788 1183 3850 lnsu-

434 3904 492 3967 per
511 3884 663 3948 fortitudo
681 3885 801 3947 donum
822 3884 988 3962 exsistens,
1006 3892 1112 3948 actum
1129 3904 1183 3966 pa·
1427 3852 1672 3918 ARTIGULUS
1695 3852 1788 3915 XIX·

435 3982 553 4045 tientiae
573 3990 718 4064 potenter
739 3991 863 4045 exercet
880 4005 887 4044 ε
904 3982 981 4045 facit
1002 3982 1088 4045 enim
1111 4002 1182 4065 pro
1237 4000 1397 4068 Quomodo
1423 4000 1638 4075 fortitudinis
1663 4001 1786 4059 donum
1812 4000 1848 4059 fn
1869 3999 1985 4075 patria

433 4088 505 4161 pter
517 4088 642 4143 aeternae
656 4078 819 4142 felicitatis
834 4080 985 4143 intuitum
1000 4099 1064 4144 nen
1077 4082 1181 4144 solum
1271 4097 1479 4163 perseveret;
1501 4089 1583 4166 quid
1607 4088 1705 4147 etiam
1731 4089 1822 4147 inter
1845 4088 1985 4147 beatitu-

433 4179 566 4241 adversa
590 4176 737 4255 sufferre,
758 4178 813 4240 sed
838 4177 973 4259 injurias
993 4185 1087 4259 atque
1107 4182 1220 4244 con-D
1275 4178 1369 4237 dines
1390 4184 1421 4235 et
1440 4177 1573 4253 fructus
1592 4178 1624 4234 ei
1641 4178 1905 4252 correspondeat.

434 4276 512 4339 vitia
533 4296 660 4359 cupere,
677 4276 711 4338 in
729 4277 851 4359 asperis
871 4277 1013 4359 gloriari,
1030 4277 1180 4360 nullaque

433 4376 623 4439 adversitate
639 4375 743 4457 frangi
764 4383 818 4437 aut
839 4375 979 4452 concuti,
996 4375 1051 4436 sed
1073 4375 1182 4438 omnia
1297 4371 1484 4435 oltrlrt'oo
1510 4370 1648 4453 denique
1673 4372 1793 4436 donum
1815 4372 1983 4453 exsistens,

433 4476 513 4538 dura
536 4474 624 4537 velut
648 4493 781 4537 munera
804 4472 859 4537 Dei
885 4472 1046 4554 amplecti,
1068 4492 1181 4536 secun·
1310 4477 1417 4532 manet
1439 4469 1472 4530 in
1499 4470 1611 4550 patria,
1629 4470 1711 4531 sicut
1732 4478 1780 4531 est
1804 4488 1903 4548 nunc,
1921 4471 1986 4534 imo

284 4594 387 4655 retr-p».
403 4609 419 4649 t,
434 4574 511 4637 dum
526 4572 605 4636 illud
619 4572 761 4655 Apostoli
779 4595 787 4634 ε
805 4571 902 4634 Vobis
924 4572 1032 4633 datum
1054 4579 1103 4634 est
1124 4590 1181 4653 pro
1235 4576 1266 4633 et
1286 4586 1413 4650 semper
1431 4568 1492 4630 fuit
1511 4567 1546 4630 fn
1565 4567 1688 4630 Christo
1707 4586 1725 4629 a
1750 4586 1815 4631 suae
1834 4578 1986 4631 matemae

284 4662 321 4705 ¹⁰·
433 4671 557 4734 Christo
572 4689 636 4735 non
652 4669 954 4733 solumutcredatis
970 4670 1003 4731 in
1022 4688 1107 4749 eum,
1125 4670 1180 4732 sed
1235 4665 1454 4747 conceptionis
1479 4664 1619 4746 exordio,
1644 4673 1676 4728 et
1697 4666 1780 4729 sicut
1801 4666 1834 4728 in
1860 4667 1985 4748 angelis

434 4769 530 4832 etiam
545 4777 581 4831 ut
593 4767 759 4851 patiamini
778 4786 836 4849 pro
851 4786 899 4830 eo.
917 4768 1076 4829 Postremo
1092 4767 1182 4830 forti·
1236 4763 1353 4827 sanctis
1387 4762 1543 4842 consistit,
1574 4762 1725 4826 videlicet
1759 4772 1916 4845 quantum
1946 4765 1984 4827 ad

433 4867 554 4930 tudinis
573 4868 692 4929 donum
712 4864 981 4947 perseverantiam
1006 4864 1118 4947 implet
1142 4886 1179 4929 ac
1235 4861 1393 4942 hocquod
1409 4860 1504 4923 estin
1520 4860 1662 4942 perfecta
1676 4862 1844 4924 securitate
1859 4862 1985 4925 amalis

433 4973 562 5046 superat
591 4988 598 5025 ε
628 4964 780 5044 quoniam
813 4962 900 5044 regia
932 4961 985 5023 via
1017 4962 1179 5026 hominem
1234 4968 1328 5040 atque
1356 4958 1518 5022 laboribus
1548 4958 1622 5021 frui.
1649 4958 1718 5022 Non
1742 4966 1848 5022 autem
1873 4970 1986 5023 manet

433 5062 512 5126 facit
530 5062 691 5138 incedere,
706 5069 800 5142 atque
814 5060 854 5122 ad
868 5068 1018 5123 aetcmam
1038 5061 1179 5124 letitiam
1234 5060 1267 5122 in
1283 5058 1385 5141 patria
1398 5066 1552 5139 quantum
1567 5060 1606 5121 ad
1621 5058 1705 5121 idem
1721 5058 1898 5140 objectum.
1915 5058 1984 5124 Non

431 5160 594 5225 inoffenso
622 5160 703 5241 pede
737 5178 810 5223 cum
846 5158 968 5241 ingenti
1001 5160 1180 5223 constantia
1234 5157 1320 5221 enim
1335 5165 1510 5238 occupatur
1524 5157 1568 5219 ibi
1584 5156 1669 5219 circa
1684 5176 1795 5238 aspera
1810 5156 1879 5220 sive
1899 5158 1986 5240 peri-

431 5259 609 5346 pervenire.
1236 5256 1318 5321 cula.
1335 5255 1396 5318 Sed
1410 5255 1485 5337 quia
1503 5254 1690 5338 praedictum
1709 5263 1767 5334 est,
1785 5256 1870 5336 quod
1893 5256 1984 5321 forti-
1995 5270 2030 5309 rt
2042 5272 2075 5305 ¹1*-
