4309 6259
490 503 529 548 nn
550 501 639 549 noms
661 504 795 551 seranus
818 502 934 561 sanun,
957 502 1132 551 raacmrns
1153 505 1174 550 ι.
1196 523 1236 533 -
1256 504 1327 551 aar.
1349 504 1425 551 xum
1673 486 1732 549 173

180 677 260 731 sunt
285 669 317 731 in
342 670 507 734 intellectu
534 678 588 734 aut
617 670 649 733 in
678 672 851 736 voluntate.
877 672 932 736 Po
947 672 971 736 Α
989 672 1075 751 raliS,
1102 681 1149 735 est
1173 693 1223 735 res
1248 682 1378 752 creata;
1403 672 1503 735 etita
1529 671 1561 733 in
1586 669 1730 753 reliquis.

181 776 316 847 stremo,
332 771 597 850 quemadmodum
620 770 772 833 fortitudo
794 790 863 852 quar
885 778 932 832 est
1028 772 1088 833 Sed
1117 790 1244 835 morere
1271 771 1453 853 quempiam
1488 770 1571 833 valet
1598 768 1734 849 qualiter

180 865 286 928 virtus
302 868 443 945 moralis,
460 868 523 929 rim
540 868 732 931 irascibilem
749 878 857 931 contra
873 876 933 931 ter·
988 868 1051 930 dici
1068 868 1145 930 illud
1167 877 1273 951 queat,
1290 869 1464 950 prasertim
1486 886 1584 950 quum
1606 866 1732 929 babitus

180 964 292 1026 ribilia
328 965 492 1028 sensibilia
525 966 661 1043 roborat,
696 966 741 1029 sic
781 966 932 1032 lortitudo
988 966 1224 1047 distinguantur
1238 969 1288 1029 vel
1303 968 1415 1029 saltem
1430 965 1583 1047 distingui
1599 984 1734 1028 noscan-

182 1080 256 1142 quaa
284 1070 331 1124 est
360 1064 489 1141 donum,
517 1062 709 1125 voluntalem
739 1064 896 1127 confortat
923 1088 930 1125 ε
988 1073 1038 1127 tur
1060 1084 1193 1146 persua
1216 1065 1352 1145 objecta.
1376 1065 1408 1128 Si
1430 1082 1505 1145 ergo
1527 1070 1601 1125 sunt
1622 1062 1732 1124 eadem

182 1159 290 1241 primo
312 1160 344 1223 in
370 1180 414 1237 se,
436 1169 470 1223 ut
493 1160 603 1223 divina
627 1160 800 1223 fortissime
824 1180 933 1243 aggre-
988 1164 1138 1225 virtutum
1163 1163 1302 1243 itemque
1326 1164 1481 1225 donorum
1507 1161 1644 1241 objecta,
1669 1178 1733 1222 non

182 1258 303 1334 diatur,
332 1266 532 1340 exsequatur,
562 1268 593 1321 et
627 1277 735 1321 eorum
765 1259 932 1323 contrariis
989 1261 1136 1323 ridentur
1156 1261 1238 1322 dona
1260 1280 1278 1323 a
1300 1260 1469 1323 virtutibus
1490 1279 1561 1321 esse
1582 1259 1731 1320 diversa:

184 1354 365 1418 efficaciter
389 1357 579 1435 reluctetur3
600 1358 740 1421 secundo
764 1357 796 1419 in
821 1358 932 1419 ordine
988 1359 1071 1441 quod
1088 1358 1291 1439 praeinductis
1306 1366 1471 1439 repugnat.
1489 1356 1526 1418 Et
1541 1356 1734 1438 responden·
1748 1380 1828 1421 mn.

185 1454 226 1515 ad
261 1454 433 1536 appetitum
470 1455 657 1517 sensitivum
689 1480 695 1517 :
725 1475 783 1537 per
814 1456 932 1519 donum
988 1457 1075 1530 dnm,
1091 1455 1241 1536 quoniam
1256 1457 1295 1518 ad
1317 1455 1554 1519 distinctionem
1569 1454 1733 1516 habituum

184 1552 275 1613 enim
290 1552 486 1615 fortitudinis
508 1552 615 1615 subdit
637 1554 782 1616 voluntas
805 1553 934 1617 inlerio-
988 1574 1186 1637 nequaquam
1203 1555 1339 1635 exigitur
1354 1554 1447 1617 realis
1462 1553 1625 1617 distinctio
1646 1552 1736 1634 obje-

185 1669 256 1711 rem
270 1650 444 1732 appetitum
465 1669 522 1713 suo
537 1650 683 1733 imperio.
701 1650 835 1731 Etenim,
852 1652 934 1713 sicut
989 1662 1123 1729 ctorurn,
1150 1653 1269 1734 alioqui
1295 1652 1427 1715 virtutes
1456 1651 1641 1732 theologicae
1670 1670 1734 1715 non

184 1768 248 1831 per
259 1748 476 1811 fortitudinem
491 1768 561 1829 quae
577 1749 678 1811 virtus
692 1750 796 1824 est,lit
814 1750 934 1813 visina-
988 1760 1095 1814 essent
1118 1751 1244 1813 realiter
1271 1750 1440 1826 distincta,
1465 1769 1563 1831 quum
1588 1750 1670 1811 Deus
1694 1749 1736 1811 sit

184 1845 479 1909 scibilisaratlone
494 1846 632 1909 faciliter
646 1847 785 1927 mobilis,
803 1848 848 1911 sic
865 1848 1097 1930 ipsaltearum
1134 1850 1351 1911 immediatum
1388 1848 1615 1931 propriumque
1647 1846 1737 1927 obje-

183 1944 335 2007 rolnntas
356 1964 413 2026 per
433 1946 550 2007 donum
574 1944 770 2007 fortitudinis
793 1946 934 2007 redditur
989 1956 1096 2025 ctnm3
1117 1948 1172 2009 sed
1194 1946 1317 2009 suflicit
1341 1944 1485 2009 formalis
1510 1946 1577 2007 sire
1600 1944 1735 2007 modalis

182 2062 202 2105 a
233 2042 353 2125 Spiritu
381 2042 496 2105 Sancto
523 2043 761 2125 promptissime
794 2044 931 2107 mobilis.
989 2047 1187 2127 objectorum
1209 2044 1382 2107 distinctio.
1408 2043 1488 2106 llinc
1512 2060 1649 2125 namque
1673 2043 1737 2105 vir·

186 2141 339 2204 l'oluntas
354 2159 429 2222 crgo
444 2140 514 2222 ejus
529 2141 709 2223 subjectum
724 2152 782 2206 est.
991 2154 1071 2207 tutes
1094 2143 1279 2224 theologicae
1300 2140 1466 2219 dilleruut,
1482 2141 1632 2222 quoniam
1654 2141 1736 2203 Deus

990 2242 1166 2305 secundum
1190 2241 1357 2304 distinctas
1382 2239 1600 2323 proprietates
1626 2258 1735 2301 earum

990 2346 1091 2403 exstat
1113 2339 1285 2419 objectum.
1307 2337 1361 2401 Est
1383 2355 1521 2419 namque
1543 2336 1625 2398 Deus
1648 2334 1737 2416 obje-

361 2394 605 2459 ARTICULUS
635 2394 760 2459 XVIII·
991 2448 1075 2501 ctum
1092 2437 1169 2499 lidei
1184 2437 1359 2499 secundum
1373 2436 1458 2516 quod
1481 2434 1583 2517 prima
1597 2433 1734 2512 veritas3

383 2545 430 2603 De
439 2543 559 2619 objecto
569 2546 740 2603 donorum.
991 2537 1069 2619 spei,
1095 2536 1304 2617 inquantum
1332 2542 1449 2597 aterna
1477 2532 1632 2611 lelicita83
1657 2531 1738 2594 cari-

990 2636 1075 2713 tatis,
1090 2641 1182 2716 prout
1196 2651 1320 2695 summa
1334 2641 1383 2695 est
1396 2631 1531 2695 bonitas.
1544 2629 1647 2693 Simili
1661 2646 1737 2711 ergo

252 2732 584 2811 nequamneuam
600 2730 830 2794 inconveniens
845 2733 934 2813 sequi
991 2732 1143 2811 manerio,
1159 2730 1222 2793 alia
1243 2739 1337 2812 atque
1358 2729 1421 2792 alia
1442 2728 1564 2792 ratione
1586 2735 1634 2790 est
1654 2728 1736 2789 Deus

267 2833 401 2909 videtur,
431 2830 457 2893 si
488 2830 571 2893 idem
606 2839 742 2913 ponatur
774 2830 935 2911 objectum
990 2830 1152 2912 objectum
1167 2828 1293 2891 virtutis
1313 2828 1498 2909 theologicae
1513 2835 1544 2889 et
1563 2825 1638 2889 doni
1654 2824 1738 2907 sapi-

187 2932 342 2994 virtutum
364 2938 458 3011 atque
479 2930 645 2993 donorum.
663 2928 828 3010 Obieclnm
849 2950 936 2992 nam·
991 2930 1095 2993 entiae.
1110 2928 1170 2991 lles
1185 2946 1311 3009 quoque
1326 2935 1431 2989 creata
1446 2926 1505 2988 sub
1518 2925 1580 2988 alia
1595 2924 1738 3007 proprie-

185 3048 251 3111 que
274 3030 350 3093 doni
379 3027 543 3111 sapientiae
571 3028 652 3089 Deus
676 3035 735 3105 est,
761 3027 814 3109 qui
840 3028 934 3090 etiam
954 3024 1054 3089 Glale
1072 3026 1234 3107 objectum
1254 3034 1301 3087 est
1320 3024 1486 3086 habituum
1508 3022 1736 3104 acquisitorum

185 3128 318 3211 ponitur
333 3127 582 3209 theologicarum
596 3126 746 3188 virtutum
761 3126 933 3207 objectum.
992 3126 1058 3187 sive
1075 3125 1225 3185 virtutum
1248 3122 1416 3187 moralium
1437 3141 1533 3203 qnam
1555 3123 1710 3185 donorum
1727 3143 1734 3182 :

183 3226 354 3308 Objectum
382 3244 508 3307 quoque
536 3224 677 3287 scientia
709 3242 779 3305 qua
807 3232 855 3285 cst
882 3224 937 3287 ba·
992 3222 1167 3305 prasertim
1191 3241 1290 3302 quum
1314 3222 1399 3285 dona
1426 3221 1512 3283 circa
1541 3220 1625 3283 idem
1650 3216 1738 3299 obje-

185 3326 273 3387 bitus
293 3324 518 3387 intellectualis
541 3321 704 3403 virtusque
723 3322 878 3403 acquisita
900 3342 935 3385 ac
993 3331 1078 3385 utum
1102 3320 1247 3383 altiorem
1272 3320 1409 3383 habeant
1433 3328 1538 3382 actum
1558 3336 1654 3398 quam
1676 3316 1739 3378 vir-

185 3422 353 3501 natnralis,
379 3430 428 3485 est
453 3441 502 3483 res
527 3429 652 3499 creata;
679 3418 826 3482 similiter
850 3421 937 3502 obJ'e
991 3428 1073 3482 tutes
1106 3418 1240 3481 morales
1272 3426 1325 3479 aut
1357 3417 1598 3492 intellectuales,
1628 3433 1739 3496 quem-

186 3530 275 3585 ctum
302 3520 443 3583 scientiae
474 3538 543 3601 quae
573 3520 691 3582 donum
718 3526 766 3581 est
798 3518 937 3580 babitus·
991 3517 1162 3580 admodum
1198 3516 1230 3576 in
1267 3514 1505 3577 introducendis
1540 3512 1679 3595 plenius,
1710 3510 1737 3572 si

187 3638 251 3701 que
278 3617 503 3681 intellectualis
531 3616 657 3678 inlusus
686 3634 722 3679 ac
751 3624 938 3699 supernato·
992 3613 1173 3697 praestiterit
1189 3613 1283 3688 Deus,
1299 3612 1466 3693 pandetur.
