4309 6259
613 477 771 525 arrosrrro
793 478 890 525 urum
915 478 922 523 :
945 476 1094 524 counrron
1114 478 1195 524 anun
1216 477 1347 525 srusnrnr
1716 458 1754 522 ta

206 645 293 718 Quod
315 646 423 710 itidem
446 648 594 728 opinatus
616 656 663 711 est
685 648 882 725 Ptolemaeus,
898 648 951 729 qui
968 649 992 709 Α
1011 668 1092 711 sum.
1109 649 1188 712 lline
1203 650 1237 712 in
1259 648 1363 732 prima
1383 667 1440 711 sua
1454 647 1612 711 Eanonica
1626 657 1753 711 sanctus

206 746 254 822 (ut
276 744 308 805 in
330 745 461 825 Prologo
483 745 580 808 refert
594 746 815 827 Hieronymus)
831 746 864 807 in
886 746 952 808 Pla-

206 842 290 904 tonis
304 842 418 923 dogma
433 844 545 905 cadere
561 844 735 907 videbatur.
744 844 822 918 Ouid
838 844 951 906 horum

207 940 248 1001 sit
272 940 390 1017 verius,
416 940 500 1002 intra
524 942 746 1004 certitudinem
771 962 840 1004 θεεθ
869 962 948 1004 reor.

67 1056 191 1105 Gemuit
206 1038 358 1119 Denique,
380 1047 414 1100 ut
436 1038 468 1100 in
490 1038 601 1102 Genesi
625 1040 784 1120 scribitur,
802 1042 859 1119 sol,
877 1041 952 1102 luna

57 1123 91 1162 ¹⁰·
206 1155 242 1198 ac
258 1136 356 1199 stellas
371 1146 482 1217 quarto
497 1137 549 1199 die
565 1146 636 1200 sunt
654 1138 736 1201 lacta
754 1163 760 1201 :
778 1140 860 1221 quod
876 1158 952 1219 qua-

206 1233 279 1297 liter
307 1254 325 1296 a
356 1235 491 1297 diversis
521 1236 734 1299 diversimode
764 1245 949 1318 exponatur,

205 1340 236 1394 θῖ
252 1332 388 1413 qualiter
401 1332 598 1415 probabilius
614 1334 758 1395 videatur
773 1334 952 1415 intelligen-

71 1430 410 1511 Ct.t.1‚o.dum,super
433 1430 579 1493 Genesim
605 1440 635 1493 et
658 1452 752 1514 super
776 1433 950 1495 secundum

55 1509 120 1615 ,Ἢ
120 1510 190 1622 ’1,Ῐὶόᾶ
205 1528 439 1591 Sententiarum
454 1529 573 1592 dilluse
588 1550 769 1612 expressum
786 1538 843 1593 est.

53 1640 110 1677 0²²·
245 1626 513 1700 Quemadmodum
541 1636 644 1690 autem
674 1628 824 1699 siderum,
852 1628 895 1691 ita
921 1638 951 1691 et

205 1724 347 1787 onmium
364 1725 541 1787 caelestium
562 1746 742 1809 corporum,
760 1728 825 1791 imo
839 1736 870 1790 et
889 1728 952 1790 ele-

1008 746 1051 809 ait
1073 748 1208 810 loannes
1226 772 1233 809 ε
1250 748 1332 810 Deus
1354 747 1408 809 lux
1428 755 1487 824 est,
1508 754 1540 807 θῖ
1561 745 1698 807 tenebrae
1719 746 1752 808 in
1780 759 1900 813 tremi,

1008 863 1045 907 eo
1061 863 1125 906 non
1148 854 1221 907 sunt
1242 846 1334 923 ullae3
1350 853 1382 907 et
1397 845 1481 907 idern
1496 843 1571 906 alibi
1590 866 1596 903 :
1613 843 1687 905 Erat
1700 843 1754 904 lux
1766 825 1898 936 ζώῃ,

1008 962 1094 1017 veru,
1111 962 1181 1023 quan
1196 942 1357 1004 illuminat
1376 961 1504 1005 ornnem
1523 940 1685 1003 bominem
1700 960 1754 1003 ve-

1008 1040 1150 1103 nientem
1175 1040 1207 1101 in
1231 1041 1316 1103 bunc
1342 1039 1508 1101 mundum.
1534 1038 1659 1101 Etenim
1684 1039 1753 1120 ipse

1007 1146 1055 1199 θεῖ
1069 1138 1187 1200 candor
1209 1137 1290 1199 luris
1310 1145 1445 1213 aeternae,
1462 1135 1611 1217 splendor
1631 1134 1752 1217 gloriae,
1768 1156 1899 1214 swnnae

1007 1234 1361 1316 supersplendidissima
1385 1253 1422 1295 ac
1445 1233 1754 1315 superpuleberrima
1769 1220 1894 1271 ΜΨ·

1007 1332 1060 1394 Dei
1086 1331 1185 1393 Patris
1211 1331 1335 1411 imago;
1362 1331 1492 1413 ipsaque
1515 1330 1620 1393 Deitas
1643 1349 1680 1393 ac
1705 1331 1752 1393 di-

1007 1431 1082 1493 vina
1110 1429 1248 1491 essentia
1275 1438 1322 1491 est
1350 1429 1403 1490 lux
1431 1429 1698 1510 superpurissima
1722 1438 1755 1492 et

1008 1527 1174 1590 immensa.
1192 1526 1253 1590 Nec
1269 1529 1371 1591 obstat
1392 1527 1477 1608 quod
1500 1527 1553 1589 lux
1576 1526 1608 1587 in
1623 1526 1754 1591 interio-

1006 1626 1094 1688 ribus
1109 1627 1162 1688 dat
1176 1626 1361 1707 qualitatem
1383 1624 1567 1687 sensibilem
1580 1648 1588 1703 ;
1604 1626 1755 1707 quemad·

1007 1723 1135 1786 modum
1151 1732 1181 1785 ct
1197 1722 1353 1804 sapientia
1364 1723 1418 1784 dat
1428 1722 1564 1785 iormam
1575 1722 1756 1786 accidenta-

205 1832 395 1899 mentorum,
412 1825 555 1886 omnium
572 1826 647 1887 item
664 1826 863 1889 rationalium
885 1827 952 1888 ani·
968 1822 990 1885 B
1006 1820 1191 1897 lem,nibilo
1207 1820 1314 1881 minus
1330 1820 1486 1901 sapientia
1502 1840 1575 1882 vere
1590 1822 1754 1902 magisque

204 1940 339 1999 marum,
366 1922 507 1984 Christus
532 1932 580 1985 est
605 1924 759 1987 eonditor.
786 1924 951 2006 Quunrque

205 2019 237 2080 in
263 2019 364 2082 tribus
389 2021 662 2101 superbenedictis
688 2022 856 2084 adorandis
882 2023 952 2084 Per-

204 2117 290 2179 sonis
312 2118 352 2179 sit
375 2137 437 2179 una
456 2119 605 2195 essentia,
622 2120 685 2182 imo
708 2129 819 2181 natura
840 2120 951 2182 eadem

204 2234 347 2294 numero,
378 2224 410 2277 et
437 2225 550 2278 natura
578 2216 620 2279 sit
647 2218 798 2299 operandi
834 2218 952 2299 princi·

203 2312 313 2394 pium;
339 2320 461 2375 constat
485 2313 569 2393 quod
595 2314 794 2395 operationes
819 2334 951 2377 summan

203 2420 235 2473 θῖ
257 2412 588 2493 incomprehensibilis
613 2412 775 2474 Trinitatis
801 2415 838 2475 ad
865 2422 951 2477 extra

204 2510 268 2571 sint
282 2510 408 2593 penitus
431 2510 586 2572 indivisae.
604 2509 824 2588 Coniormiter‚
842 2512 875 2573 in
898 2513 952 2575 tri-

202 2608 261 2671 bus
277 2608 568 2690 superielicissimis
589 2609 653 2671 illis
673 2610 818 2673 Personis
838 2620 887 2673 est
900 2631 951 2674 ea-

203 2707 276 2769 dem
288 2726 421 2770 numero
435 2707 576 2789 potentia
588 2728 644 2770 seu
655 2717 793 2790 potestas
809 2710 950 2773 absolute

202 2812 334 2887 accepta
352 2806 528 2887 :siquidem
543 2806 698 2888 quidquid
713 2806 869 2886 absolute,
886 2828 949 2872 nou

204 2903 346 2980 relative,
377 2902 527 2965 convenit
555 2903 609 2965 uni
644 2904 759 2966 divinae
795 2905 948 2985 Personae,

1007 1920 1133 2001 proprie
1158 1921 1235 1998 (non
1260 1918 1489 1999 metaphorice)
1513 1918 1664 1982 convenit
1691 1919 1755 1983 Deo

1008 2037 1103 2099 quarn
1118 2017 1284 2094 creaturis,
1302 2016 1334 2077 in
1355 2024 1476 2078 tantum
1492 2025 1526 2078 ut
1543 2016 1583 2077 ad
1597 2018 1754 2080 Romanos

1005 2116 1092 2178 dieat
1114 2115 1284 2197 Apostolus
1310 2138 1317 2176 :
1342 2114 1408 2177 Soli
1432 2115 1567 2196 sapienti
1591 2115 1665 2193 Dee,
1691 2124 1752 2179 etc.
1782 2140 1900 2193 nom.

1005 2214 1158 2288 Quocirca
1184 2212 1299 2275 mirum
1324 2212 1451 2275 videtur
1474 2213 1558 2294 quod
1583 2212 1682 2295 aliqui
1710 2223 1754 2277 ῖθ-
1768 2207 1802 2249 ²⁷·

1006 2321 1083 2375 nent
1096 2312 1291 2394 oppositum,
1307 2312 1362 2392 qui
1383 2320 1488 2373 tamen
1509 2321 1685 2393 sequuntur
1703 2332 1756 2375 ex-

1006 2412 1197 2493 positionem
1222 2410 1390 2491 augustini
1415 2430 1511 2491 super
1533 2410 1692 2489 Genesim,
1715 2412 1755 2473 de

1006 2509 1211 2573 distinetione
1232 2528 1286 2571 sex
1306 2508 1441 2585 dierum,
1465 2516 1614 2590 tanquam
1639 2508 1757 2572 littera-

1007 2610 1090 2685 lem;
1111 2616 1249 2670 attamen
1272 2606 1412 2669 latentur
1433 2614 1531 2669 totam
1553 2606 1641 2669 illam
1662 2626 1757 2689 expo-

1006 2707 1155 2769 sitionem
1178 2725 1248 2767 esse
1273 2705 1473 2768 solummodo
1498 2704 1696 2785 spiritualem
1718 2723 1756 2769 ac

1005 2805 1183 2887 mysticam,
1209 2803 1236 2865 si
1262 2802 1316 2864 lux
1340 2802 1374 2863 in
1400 2801 1621 2883 spiritualibus
1650 2810 1683 2863 et
1709 2802 1756 2863 di·
1854 2829 1857 2833 ⁴

1005 2904 1089 2965 vinis
1120 2921 1184 2964 non
1215 2900 1342 2984 proprie
1375 2900 1430 2962 sed
1462 2900 1680 2982 metaphorice
1708 2900 1756 2964 di-

202 3001 353 3065 convenit
372 3000 445 3063 aliis
470 3001 605 3081 duabus,
625 3010 735 3083 estque
759 3001 859 3065 tribus
878 3005 951 3067 Per·
969 3001 990 3063 C
1005 3009 1105 3064 catur.

202 3099 289 3163 sonis
311 3118 492 3177 commune,
513 3107 606 3180 atque
628 3099 661 3161 in
683 3100 784 3163 tribus
806 3100 870 3163 illis
893 3122 950 3165 nu-

202 3215 289 3260 mero
318 3197 414 3260 idem.
441 3196 572 3275 ideirco,
600 3206 634 3259 ut
660 3206 777 3261 tactum
801 3208 860 3280 est,
888 3210 950 3265 tres

202 3295 263 3359 illae
285 3304 409 3375 eterne
431 3296 573 3359 Persona
594 3304 669 3357 sunt
689 3315 772 3359 unns
791 3298 948 3380 conditor,

202 3412 258 3456 seu
273 3402 396 3457 creator
409 3412 503 3473 unus,
512 3393 733 3457 universorum
745 3395 947 3478 gubernator,

202 3492 363 3574 prinecpS,
380 3492 457 3554 finis
478 3511 514 3555 ac
535 3492 699 3571 Dominus,
715 3513 779 3555 una
799 3494 864 3572 lux,
886 3516 949 3558 una

201 3590 326 3653 bonitas
342 3609 476 3667 summa,
494 3608 557 3652 una
572 3591 689 3653 veritas
704 3593 816 3672 prima.

240 3688 320 3750 Hinc
335 3688 374 3751 de
388 3687 512 3751 Christo
534 3688 709 3750 secundum
732 3689 871 3751 divinam
894 3710 948 3753 na-

200 3794 301 3848 turam
322 3785 527 3867 subjungitur
548 3809 555 3847 :
577 3789 716 3849 AEterna
739 3791 799 3848 lue
818 3792 947 3851 creden-

200 3887 295 3953 tium,
316 3902 380 3947 non
405 3883 489 3965 quod
514 3884 678 3946 credentes
699 3884 739 3945 ab
761 3894 877 3949 eterno
899 3888 948 3949 lu-

200 3982 294 4058 erint,
317 3981 379 4043 nisi
404 3982 579 4043 secundum
601 4000 670 4044 θεεθ
695 3982 796 4045 ideale
817 3982 849 4044 in
871 3985 945 4065 Deo,

201 4080 255 4142 sed
279 4080 364 4161 quod
389 4080 440 4141 lux
463 4079 522 4141 ista
547 4098 620 4142 vere
644 4090 761 4143 veterna
782 4082 833 4143 sit.
857 4082 947 4147 Juxta

1044 3100 1187 3181 Insuper,
1213 3098 1356 3160 Christus
1379 3096 1475 3160 etiam
1500 3097 1676 3159 secundum
1699 3117 1754 3160 ua·

1005 3208 1107 3261 turam
1129 3204 1357 3278 assumptam«
1374 3195 1428 3258 lux
1449 3194 1647 3257 credentium
1663 3217 1681 3254 n
1697 3214 1754 3258 no-

1004 3298 1154 3374 minatur,
1178 3302 1272 3378 prout
1295 3294 1430 3375 ipsemet
1454 3294 1488 3355 in
1509 3292 1682 3375 Evangelio
1704 3302 1753 3357 θεῖ

1004 3396 1129 3460 locutus
1146 3417 1153 3455 :
1170 3393 1235 3475 Ego
1257 3412 1327 3454 sum
1349 3392 1403 3454 lux
1424 3392 1534 3454 mundi
1548 3414 1556 3467 ;
1572 3399 1605 3453 et
1618 3391 1723 3455 denuo
1740 3415 1748 3455 z
1764 3411 1899 3519 spaxano,

1766 3481 1776 3518 t
1794 3508 1799 3519 .

1003 3495 1083 3556 Dum
1105 3493 1209 3555 lucem
1229 3489 1363 3567 habetis,
1385 3489 1504 3551 credite
1524 3488 1558 3551 in
1580 3490 1695 3567 lucem,
1716 3498 1751 3552 ut
1764 3536 1898 3590 „mm

1003 3592 1065 3655 lilii
1089 3590 1170 3653 lucis
1194 3588 1273 3650 sitis.
1300 3587 1379 3650 Nam
1402 3596 1435 3649 et
1457 3586 1615 3668 Apostolis
1638 3587 1717 3650 dixit
1740 3610 1748 3650 z

1004 3690 1064 3752 l'os
1094 3687 1171 3751 estis
1194 3685 1248 3747 lux
1276 3685 1398 3747 mundi.
1422 3684 1578 3767 Amplius,
1604 3684 1673 3767 ipse
1702 3694 1751 3748 est
1777 3706 1899 3759 uesta,

1003 3787 1056 3850 lux
1071 3785 1237 3849 hominum
1251 3784 1484 3860 universorum,
1499 3782 1574 3864 quia
1592 3790 1641 3845 θεῖ
1654 3802 1750 3847 causa
1765 3772 1798 3813 ¹⁴·

1003 3884 1134 3947 luminis
1148 3881 1301 3945 naturalis
1316 3880 1447 3943 humani
1468 3880 1590 3962 ingenii
1608 3903 1614 3941 :
1631 3881 1671 3943 de
1685 3900 1749 3963 quo

1002 3982 1104 4065 accipi
1120 3989 1224 4064 potest
1238 3980 1317 4041 illud
1327 3978 1576 4060 Psalmograpbi,
1584 3978 1747 4061 Signatum
1763 4004 1802 4048 Ρ..
1816 4007 1874 4056 mr.

1003 4088 1051 4144 θεῖ
1072 4096 1243 4162 supernos
1266 4077 1373 4139 lumen
1394 4076 1501 4138 vultus
1520 4076 1578 4154 tui,
1593 4076 1747 4157 Domine3

201 4196 295 4259 quem
311 4196 438 4241 sensum
454 4176 535 4241 Deus
554 4177 671 4241 dieitur
691 4187 826 4241 aternus
842 4181 985 4244 rerumD
1004 4178 1082 4242 illud
1101 4195 1226 4259 qnoque
1245 4175 1387 4253 loannis,
1403 4174 1477 4237 Erat
1498 4174 1551 4237 lux
1572 4193 1658 4253 vera,
1678 4194 1748 4257 quas
1761 4197 1895 4251 romana.

202 4274 346 4339 conditor
373 4296 379 4337 :
406 4292 469 4338 non
494 4276 577 4357 quod
603 4275 641 4339 ab
669 4284 785 4340 aterno
814 4280 946 4360 creavit,

201 4372 255 4435 sed
271 4372 421 4454 quoniam
436 4372 517 4455 ipse,
530 4373 584 4455 qui
601 4382 715 4437 cuncta
731 4376 861 4455 creavit,
873 4398 947 4442 vere

200 4479 336 4534 aeternus
351 4470 490 4535 estldao
504 4490 568 4534 nou
584 4471 711 4553 penitus
726 4473 837 4536 eodem
854 4478 947 4541 modo

200 4578 249 4633 θεῖ
269 4578 404 4632 atomus
425 4578 548 4633 creator
571 4571 655 4633 sicut
672 4579 808 4634 aternus
830 4575 948 4654 prade-

201 4667 333 4731 stinator
356 4690 362 4729 :
386 4686 459 4731 nam
484 4687 557 4731 vere
582 4667 622 4731 ab
646 4676 763 4733 aeterno
787 4671 948 4752 praedesti-

62 4792 100 4847 cs.
115 4790 184 4843 axx,
200 4764 543 4847 navit,praeordinavit,
554 4766 661 4847 elegit,
671 4775 765 4847 prout
779 4769 838 4832 hoc
854 4788 950 4852 snper

46 4853 185 4909 ΜΝ*
200 4864 340 4947 primum
357 4863 590 4927 Sententiarum
606 4866 784 4947 expositum
799 4876 857 4930 est.
870 4868 948 4931 Prae-

201 4972 297 5039 terea,
315 4962 367 5023 lux
387 4962 420 5022 in
441 4962 659 5044 spiritualibus
679 4983 715 5025 ac
736 4964 854 5027 divinis
874 4986 948 5029 vere

49 5074 184 5133 craxxu.
201 5060 365 5142 magisque
386 5060 513 5141 proprie
536 5061 653 5123 dicitur
676 5080 770 5143 quam
795 5064 826 5124 in
849 5066 950 5126 sensi-

46 5138 187 5257 ξῖξᾶᾞ
202 5155 320 5219 bilibus
337 5156 442 5233 rebus,
456 5158 601 5237 quamvis
616 5159 761 5222 nonnulli
777 5160 948 5241 opinentur

47 5266 105 5311 sac
115 5269 165 5311 aa.
202 5254 394 5338 oppositum,
408 5263 443 5317 ut
456 5254 531 5317 alibi
548 5256 768 5339 multipliciter
781 5267 829 5321 est
842 5268 947 5322 osten-

1003 4276 1163 4340 illuminat
1182 4292 1308 4337 omnem
1330 4272 1493 4336 hominem
1512 4271 1693 4336 venientem
1714 4272 1748 4335 in

1002 4376 1089 4439 hunc
1104 4373 1269 4436 mundum.
1286 4372 1416 4454 Propter
1429 4370 1514 4452 quod
1528 4370 1636 4433 anima
1656 4371 1750 4436 ratio-

1003 4473 1097 4551 nalis,
1119 4478 1273 4554 quantum
1295 4470 1334 4531 ad
1357 4469 1441 4532 vires
1463 4488 1536 4532 suas
1557 4469 1748 4551 superiores,

1003 4570 1178 4654 presertim
1203 4576 1356 4649 quantum
1386 4567 1425 4629 ad
1450 4567 1602 4629 verticem
1627 4567 1752 4631 intelle-

1004 4671 1095 4733 ctivae
1113 4677 1145 4731 et
1165 4667 1290 4749 apicem
1312 4665 1482 4745 allectiva,
1497 4674 1629 4729 vocatur
1647 4666 1753 4748 signa-

1004 4769 1111 4831 culum
1139 4764 1270 4828 luminis
1299 4763 1444 4842 increati,
1469 4783 1506 4827 ao
1530 4764 1640 4846 primas
1668 4764 1752 4828 lucis

1004 4867 1120 4947 imago.
1143 4862 1330 4946 Specialiter
1352 4880 1477 4944 quoque
1501 4871 1549 4925 est
1572 4886 1589 4922 u
1609 4864 1663 4925 lux
1684 4882 1754 4927 cre·

1003 4965 1147 5028 dentium
1159 4962 1270 5043 »,quia
1285 4980 1342 5043 per
1355 4960 1455 5023 iidem
1469 4961 1751 5043 evangelicamque

1002 5062 1179 5127 doctrinam
1206 5079 1260 5122 cos
1285 5059 1455 5122 illuminat.
1481 5059 1596 5121 Eorum
1620 5060 1749 5121 demum

1003 5162 1057 5243 qui
1080 5160 1214 5222 credunt
1236 5157 1302 5220 lide
1322 5156 1456 5222 formata
1477 5165 1526 5219 θεῖ
1543 5158 1749 5221 excellentius

1004 5259 1067 5339 lux,
1085 5264 1193 5339 utpote
1216 5275 1311 5318 causa
1332 5254 1413 5317 lucis
1434 5254 1543 5336 gratias
1563 5262 1686 5337 gratum
1701 5256 1749 5321 le·
1829 5268 1853 5274 ““
1888 5265 1894 5275 ’
