4309 6259
489 532 529 579 ott
550 532 640 579 noma
662 532 796 578 seruitus
818 531 939 593 sancit,
960 532 1135 579 amuranus
1156 534 1188 579 tl.
1211 552 1253 563 -
1273 536 1341 581 aar.
1365 534 1397 580 11

1657 516 1716 581 tat

169 701 240 783 guit
262 700 294 763 in
317 700 525 783 superiorem,
541 720 636 783 quam
659 700 814 783 sapientia
829 700 915 763 circa
932 700 957 763 Α
973 700 1112 783 plinatus
1148 703 1231 766 inter
1266 707 1345 767 vost
1379 702 1529 767 Ostendat
1562 724 1600 767 ex
1634 704 1718 769 bona

169 799 278 863 divina
300 798 454 862 exsistens
476 800 641 864 concernit
661 818 698 861 ac
721 797 869 881 perficit;
885 806 916 860 et

170 896 366 975 inferiorem,
383 897 422 960 ad
442 917 536 979 quam
554 897 698 974 scientia,
715 916 785 978 quae
800 905 847 959 est
870 916 917 959 rc-

170 1016 239 1057 rum
255 1004 431 1058 creatarum
452 996 575 1074 notitia,
592 995 738 1078 pertinet.
756 995 916 1077 Sapientia

170 1093 256 1155 enim
271 1094 393 1174 judicat
409 1114 466 1176 per
481 1094 617 1157 rationes
632 1093 769 1171 divinae,
783 1092 916 1155 seientia

41 1218 108 1261 aaa.
126 1218 156 1259 u.
170 1210 228 1273 per
244 1192 382 1253 rationes
403 1192 568 1267 humanas,
586 1200 620 1253 ut
641 1192 754 1253 asserit
768 1190 912 1253 Thomas.

40 1285 156 1387 *ma-2¹}
171 1288 261 1351 Ratio
291 1309 365 1353 vero
400 1289 545 1371 superior
578 1289 712 1351 intendit
741 1289 916 1351 rationibus

170 1389 318 1469 supernis
347 1396 441 1469 atque
471 1388 589 1449 divinis
614 1386 849 1469 conspiciendis
879 1407 914 1449 ac

169 1486 374 1549 consulendis
399 1510 405 1547 :
430 1486 552 1568 judicat
575 1486 661 1548 euim
687 1486 726 1547 de
752 1486 844 1547 rebus
869 1505 916 1547 se-

169 1585 309 1647 eundum
332 1583 602 1647 considerationes
624 1604 661 1646 ac
678 1584 749 1664 jura
769 1584 847 1665 legis
869 1584 917 1646 di-

167 1682 261 1745 vinaa.
279 1682 418 1745 Intendit
431 1701 506 1763 ergo
528 1681 674 1764 superior
689 1681 768 1745 ratio
789 1681 916 1745 rationi-

168 1780 225 1843 bus
251 1781 372 1845 divinis
396 1780 645 1862 conspiciendis,
671 1781 916 1861 contemplando

164 1880 277 1943 divina
293 1879 326 1941 in
341 1898 390 1957 se3
407 1878 609 1941 consulendis
625 1878 802 1959 quoque,iu
818 1898 916 1959 quan·
936 1878 958 1940 B

166 1987 232 2040 tum
249 1976 373 2060 judicat
387 1978 426 2038 de
437 1976 561 2039 actibus
576 1976 725 2038 humanis
740 1976 914 2039 secundum

167 2079 254 2157 leges
270 2073 408 2151 divinas,
424 2074 590 2155 dirigendo
613 2074 848 2155 regulandoque
863 2092 917 2136 eos

168 2194 224 2257 per
241 2173 368 2255 regulas
389 2172 526 2235 divinas.
543 2173 644 2247 Quum
667 2190 742 2253 ergo
762 2171 919 2254 sapientia

167 2270 393 2353 principaliter
415 2270 500 2332 circa
515 2268 623 2331 diviua
644 2276 799 2346 versetur,
815 2268 918 2350 sitque

169 2370 240 2449 ejus
266 2368 444 2451 praecipuus
466 2376 555 2429 actus
575 2366 722 2449 supernis
744 2367 918 2430 rationibus

169 2468 418 2549 contemplative
441 2466 615 2542 intendere,
633 2466 704 2529 ideo
726 2466 793 2547 ipsa
815 2467 918 2548 primo

170 2572 267 2645 atque
284 2562 448 2644 potissime
471 2561 666 2643 speculativa
688 2570 855 2639 censetur,
873 2581 920 2623 se-

170 2660 328 2724 cundario
349 2668 454 2723 autem
477 2659 617 2743 practica
637 2667 695 2735 est,
715 2658 746 2719 in
766 2668 918 2739 quantum

169 2760 282 2840 dirigit
306 2767 394 2821 actus
417 2758 571 2821 humanos
593 2758 630 2819 ad
655 2757 796 2819 debitum
821 2757 919 2820 finem

170 2859 348 2920 secundum
365 2856 480 2917 divina
495 2856 575 2936 legis
590 2864 743 2917 tenorem.

210 2957 284 3018 llaec
300 2962 346 3017 est
364 2954 527 3034 responsio
543 2953 760 3027 ThomnaQum
773 2954 921 3033 quamvis

971 800 1213 863 conversatione
1227 802 1444 883 operationem
1466 822 1555 866 suam
1575 804 1609 865 in
1629 822 1719 865 man-

971 898 1137 961 suetudine
1177 900 1351 981 sapientie.
1389 900 1551 982 Sapientia
1585 900 1715 982 quippe,

971 996 1121 1077 quoniam
1138 1005 1275 1060 mentem
1294 998 1431 1073 ordinat,
1448 998 1717 1079 perturbationem

971 1094 1120 1156 excludit.
1138 1094 1185 1156 lra
1201 1113 1287 1173 vero,
1303 1115 1401 1177 quum
1423 1095 1465 1158 sit
1485 1096 1573 1158 velut
1595 1095 1719 1157 insania

971 1192 1083 1272 animi,
1108 1192 1246 1256 maxima
1270 1202 1435 1257 causaest
1458 1192 1715 1274 perturbationis.

971 1293 1071 1366 Quum
1088 1311 1163 1373 ergo
1179 1293 1388 1355 mansuetudo
1410 1294 1451 1354 sit
1473 1292 1574 1356 virtus
1588 1291 1718 1355 moralis

972 1390 1052 1452 iram
1070 1390 1245 1467 refrenans,
1263 1391 1472 1453 mansuetudo
1488 1390 1651 1472 sapientie
1665 1390 1719 1451 de-

972 1496 1110 1570 putatur,
1134 1489 1209 1570 quia
1230 1509 1268 1551 ex
1289 1508 1327 1551 ea
1348 1497 1505 1552 causatur.
1528 1488 1609 1550 llinc
1631 1488 1717 1550 euim

973 1586 1004 1648 in
1027 1588 1084 1649 lob
1105 1587 1240 1649 habetur
1255 1610 1262 1649 :
1280 1587 1389 1648 l'irum
1411 1586 1541 1649 stultum
1565 1585 1838 1651 interficiebam.

972 1683 1147 1763 iracundia,
1163 1692 1195 1747 et
1209 1684 1376 1765 parvulum
1390 1684 1510 1748 occidit
1524 1684 1656 1747 invidia.

1179 1947 1423 2011 ARTICULUS
1447 1948 1507 2010 XI.

973 2098 1065 2164 Quod
1083 2096 1253 2171 sapientiae
1267 2098 1387 2154 donum
1408 2096 1557 2155 omnibus
1572 2097 1720 2171 qratiam
1799 2085 1802 2091 ¹

1010 2186 1253 2262 prolificantem
1281 2185 1472 2243 habentibus
1499 2185 1595 2252 inest,
1618 2193 1649 2243 et
1673 2186 1721 2243 eia

1013 2275 1199 2333 dumtaxat.

1041 2468 1217 2532 LUCESClT
1247 2478 1397 2551 praeterea
1432 2488 1470 2531 en
1506 2468 1720 2550 praeinductis,
1736 2494 1777 2534 ur.
1791 2503 1853 2540 mv.

1054 2567 1139 2649 quod
1164 2567 1320 2649 sapientia
1344 2568 1553 2647 quandonam
1575 2572 1633 2644 est,
1657 2584 1722 2629 non

976 2666 1017 2727 sit
1047 2664 1192 2727 informis
1220 2664 1401 2727 divinorum
1430 2663 1553 2740 notitia,
1584 2662 1639 2725 sed
1675 2681 1723 2723 sa·

976 2782 1091 2846 porosa
1119 2772 1151 2824 ct
1178 2762 1292 2825 dulcis.
1324 2762 1442 2823 Rursus
1470 2770 1632 2824 ostensum
1661 2768 1719 2838 est,
1735 2787 1862 2832 nattis.

976 2862 1059 2943 quod
1077 2861 1232 2942 sapientia
1253 2860 1313 2922 ista
1326 2859 1449 2940 judicat
1462 2860 1502 2921 de
1523 2858 1642 2921 divinis
1657 2877 1722 2921 non

977 2961 1078 3023 solum
1096 2958 1298 3041 pernitionis
1320 2978 1466 3020 veracem
1487 2956 1649 3034 intuitum,
1667 2957 1721 3019 sed

38 3048 80 3074 ι’
169 3053 373 3136 reprobanda
399 3071 462 3114 ¹¹⁰ss
487 3051 540 3127 Sil,
565 3050 731 3113 efficatius
756 3060 859 3114 lamen
889 3061 918 3113 tf
937 3061 959 3123 (1
977 3079 1034 3141 per
1058 3058 1351 3121 connaturalitatem
1380 3076 1437 3119 sen
1466 3055 1721 3118 conformitatem

171 3152 246 3214 item
279 3150 455 3213 absolutius
484 3150 667 3230 responderi
697 3158 809 3230 potest,
836 3151 919 3231 quod

169 3248 363 3331 simpliciter
385 3248 554 3329 loquendo,
572 3246 728 3329 sapientia
748 3248 789 3310 sit
809 3267 920 3329 specu-

169 3348 270 3411 lativa
289 3370 295 3407 :
314 3347 460 3428 proprius
481 3346 567 3407 enirn
583 3344 664 3425 ejus,
682 3344 868 3427 principalis
883 3366 919 3407 ae

171 3445 337 3527 proximus
360 3444 448 3523 finis,
466 3452 513 3505 est
536 3443 604 3525 ipsa
627 3444 852 3525 contemplatio
874 3444 920 3505 di-

170 3542 403 3607 vinorumllec
418 3542 552 3605 directio
566 3550 692 3604 actuum
709 3542 918 3605 bumanorum

170 3651 218 3707 est
235 3641 385 3725 proprius
400 3650 455 3703 aut
475 3640 673 3721 principalis,
691 3640 755 3703 imo
776 3659 833 3701 neo
850 3658 921 3721 pro-

170 3744 278 3804 ximus
294 3740 363 3822 ejus
385 3740 474 3817 finis,
491 3738 637 3820 quamvis
660 3738 815 3820 sapientia
837 3738 920 3800 siout

170 3850 201 3903 et
227 3840 312 3901 fides
337 3858 371 3899 se
396 3838 541 3901 extendat
566 3838 727 3917 usquead
752 3845 841 3898 actos
864 3837 920 3898 bu-

172 3956 286 4000 manos
308 3960 315 3998 :
339 3937 525 4017 inquorum
549 3944 655 3997 lernen
676 3935 851 3997 directione
873 3955 921 3997 sa—

171 4036 296 4118 pientia
317 4054 380 4098 non
402 4034 538 4115 quiescit
560 4042 708 4115 tanquam
732 4034 764 4095 in
788 4034 854 4095 line
875 4033 921 4094 in-

170 4143 272 4212 tento,
290 4134 344 4196 sed
368 4132 463 4195 refert
485 4150 538 4195 eos
560 4134 597 4194 ad
618 4132 918 4214 contemplationem

977 3158 1077 3240 ipsius
1099 3158 1139 3218 ad
1159 3155 1280 3228 divina,
1303 3156 1335 3216 in
1361 3163 1514 3235 quantum
1541 3154 1722 3216 divinorum

976 3256 1140 3317 veritatem
1154 3254 1313 3335 experitur
1328 3252 1561 3332 quodammodo
1576 3260 1606 3313 et
1618 3260 1721 3333 gustat

976 3373 1011 3415 ac
1048 3352 1183 3432 percipit
1220 3370 1276 3431 per
1312 3348 1552 3430 inspirationem
1587 3348 1722 3430 Spiritus

976 3448 1096 3525 Sancti,
1118 3448 1207 3529 juxta
1228 3446 1305 3507 illud
1329 3446 1410 3508 beati
1434 3445 1575 3527 Apostoli
1601 3468 1607 3504 :
1632 3444 1722 3506 Dedit
1750 3458 1766 3502 u
1782 3460 1833 3503 car.
1853 3474 1868 3513 t,

977 3546 1067 3609 nouis
1093 3546 1208 3626 pignus
1233 3544 1391 3625 spirtius,
1417 3552 1448 3603 a
1472 3543 1586 3604 iterum
1611 3565 1617 3602 :
1639 3525 1869 3634 arsagfffi,

975 3645 1056 3706 Deus
1082 3643 1232 3724 Spiritum
1257 3642 1327 3702 Filii
1352 3641 1399 3702 sui
1425 3640 1457 3702 in
1482 3640 1577 3702 corda
1601 3647 1719 3716 nostra,

977 3742 1177 3818 clamantem,
1196 3739 1301 3814 idest,
1319 3738 1456 3800 clamare
1477 3757 1535 3799 nos
1551 3736 1720 3799 facientem

975 3859 1013 3902 ex
1037 3840 1167 3901 caritate
1190 3838 1300 3899 divina
1323 3860 1330 3899 ε
1355 3836 1442 3898 Abba
1466 3835 1592 3914 (Pater).
1615 3834 1722 3895 Decla-

977 3946 1078 4000 ratum
1101 3943 1149 3998 est
1170 3954 1295 4016 quoquo
1317 3934 1510 4014 frequenter,
1533 3933 1616 4015 quod
1638 3932 1722 3994 dona
1748 3952 1811 3993 iaaac
1846 3950 1864 4000 ι,

976 4036 1112 4118 Spiritus
1136 4032 1241 4095 Sancti
1270 4032 1391 4094 faciunt
1415 4039 1552 4093 mentem
1583 4037 1720 4093 creatam
1735 4017 1777 4056 ²¹³·
1805 4026 1867 4063 “⁴¹¹

978 4141 1122 4216 prompte
1144 4131 1294 4194 mobilem
1316 4130 1469 4213 aSpiritu
1491 4132 1615 4192 Sancto,
1633 4090 1867 4203 Qu0t1'¹¹··¹¹·=v·

168 4234 326 4296 divinam.
343 4231 465 4294 ldcireo
480 4230 564 4293 enim
581 4231 813 4313 contemplatur
832 4240 919 4293 aolus
935 4230 960 4293 ll
977 4232 1044 4294 sine
1061 4231 1191 4294 caritate
1206 4238 1237 4291 et
1258 4228 1359 4311 gratia
1373 4228 1462 4291 effici
1482 4229 1602 4309 nequit.
1619 4228 1720 4301 Quum

169 4333 341 4408 burnanos,
367 4338 400 4391 ul
424 4347 478 4391 eos
504 4328 670 4409 dirigendo
695 4330 841 4411 disponat
865 4329 921 4393 ho-

168 4430 292 4492 minem
318 4436 411 4508 atque
435 4426 578 4489 habilitat
601 4428 756 4489 advitam
780 4430 922 4508 specula-

169 4528 282 4590 tivam.
300 4526 323 4587 Α
340 4526 407 4587 fine
421 4532 526 4586 autem
547 4524 715 4606 principali
740 4544 776 4586 ac
794 4526 921 4607 proprio

170 4625 316 4687 finaliter
330 4642 367 4685 ac
390 4622 509 4684 directe
534 4622 667 4699 intento,
684 4642 801 4685 nomen
824 4624 924 4705 impo-

169 4724 271 4785 nitur.
294 4720 382 4784 Unde
408 4728 438 4781 et
462 4720 615 4783 ilenricus
640 4721 679 4782 de
704 4720 852 4785 Gandavo
876 4743 924 4785 sa-

172 4819 331 4903 pientiam
353 4816 581 4899 speculativam
607 4818 750 4880 absolute
774 4820 922 4902 appellat.

172 4919 361 5001 Negandum
378 4926 483 4979 tanren
507 4936 569 4978 non
586 4936 657 4980 reor
676 4918 753 4998 quin
770 4920 926 5000 sapientia

174 5018 284 5099 aliquo
308 5016 403 5079 modo
428 5015 591 5077 ordinetur
615 5016 653 5077 ad
679 5036 758 5098 opus
780 5038 818 5079 cx
841 5024 926 5098 parto

176 5114 278 5179 nostri
312 5138 319 5175 :
346 5134 419 5176 nam
448 5120 479 5175 et
508 5112 686 5176 intellectus
714 5115 927 5197 speculativos

46 5243 115 5289 ami,
131 5261 162 5297 m,
177 5212 365 5276 extensione
390 5210 437 5273 sui
466 5210 503 5271 fit
527 5212 695 5293 practicus.
717 5214 776 5274 Sed
801 5220 832 5275 et
855 5232 929 5294 apo-

36 5308 63 5349 ¹³=
181 5312 283 5376 stolus
298 5310 434 5374 lacobus
455 5310 497 5371 ait
515 5309 614 5385 :Quis
636 5310 764 5394 sapiens
785 5319 815 5373 et
837 5311 930 5373 disci-

976 4350 1051 4412 ergo
1067 4330 1217 4412 praedicta
1232 4328 1310 4389 nulli
1328 4336 1506 4409 competere
1523 4327 1644 4407 possint
1659 4325 1720 4387 nisi

977 4432 1140 4493 caritatem
1157 4428 1297 4497 habenti,
1310 4435 1429 4489 ‹eonstat
1447 4426 1530 4505 quod
1547 4425 1652 4486 nullus
1667 4426 1722 4485 do-

978 4548 1053 4590 num
1079 4525 1243 4607 sapientia.
1267 4522 1392 4599 habeat,
1419 4521 1480 4582 nisi
1505 4522 1558 4601 qui
1588 4522 1721 4601 gratiam

979 4634 1072 4706 atque
1088 4624 1251 4687 caritatem
1266 4620 1395 4683 sortitus
1411 4626 1468 4681 est.

1019 4726 1057 4785 ‚tv
1079 4742 1166 4800 vero,
1183 4720 1356 4800 unicuique
1377 4718 1416 4779 ad
1439 4716 1573 4779 salutem
1595 4734 1725 4777 necesse

981 4830 1028 4885 est
1052 4830 1084 4882 ut
1110 4822 1149 4882 de
1174 4820 1252 4901 ipsis
1275 4816 1394 4879 divinis
1418 4834 1488 4895 quaa
1514 4815 1552 4876 ad
1577 4814 1726 4875 articulos

982 4918 1058 4981 fidoi
1076 4917 1375 4998 pertinent,reetum
1390 4914 1545 4993 judicium
1561 4912 1728 4987 habeat,ut

983 5016 1094 5077 sallem
1106 5014 1265 5075 discornat
1280 5013 1326 5072 ris
1343 5011 1479 5071 fir-irritor
1493 5010 1726 5086 atharudam,

984 5133 1042 5174 ricc
1063 5112 1234 5192 quidquam
1252 5130 1348 5171 saman
1368 5108 1445 5169 fidoi
1465 5107 1658 5170 eontrarium
1681 5128 1728 5169 re-

985 5209 1179 5291 cipiendum.
1213 5209 1286 5269 Tale
1317 5216 1422 5268 aulem
1450 5206 1606 5287 judicium
1638 5214 1728 5267 actus

985 5317 1032 5373 ost
1052 5308 1126 5371 doni
1147 5306 1320 5389 sapientia.
1336 5305 1408 5367 ldeo
1431 5303 1593 5387 sapientiae
1608 5304 1728 5367 donum
