4309 6259
428 447 432 456 *
471 476 511 524 DB
531 476 622 523 DONlS
643 475 777 522 sefutws
799 472 917 531 surturi,
939 472 1113 521 mactatos
1135 472 1166 519 ll.
1190 492 1230 503 -··
1251 473 1320 519 Ali'l'.
1344 472 1396 520 1v1
1653 454 1711 519 l89

175 650 248 712 tium
265 669 299 711 ac
324 647 536 730 perfectorum
555 649 639 728 (qua)
659 644 824 709 distinctio
846 662 909 707 non
925 645 949 706 A
967 643 1028 705 filii
1057 642 1236 721 carissimi3
1266 652 1297 707 et
1326 664 1434 707 rursus
1463 667 1471 706 t
1502 642 1710 705 Renovamini
1725 660 1810 717 epau.
1829 677 1858 717 tv,

175 743 911 825 estiudiversasspeciesseddiversosgradus
965 742 1036 820 (ait)
1070 740 1185 823 spiritu
1214 742 1329 805 mentis
1364 750 1485 805 vestrae.
1521 741 1713 821 Frequenter
1726 727 1759 767 ²³·

175 844 316 923 caritatis,
340 843 429 924 juxta
458 842 536 903 illud
564 841 732 922 Augustini
759 864 766 901 :
793 840 911 902 Caritas
966 858 1103 921 namque
1119 838 1589 921 Scripturadivinaaddirinae
1611 839 1713 920 perfe-

175 961 264 1022 quum
288 941 386 1003 fuerit
410 948 495 1017 nata,
515 940 676 1017 nutritur,
696 960 795 1021 quum
816 938 911 1000 fuerit
967 938 1083 1000 ctionis
1107 938 1316 1001 imitationem
1339 958 1396 1001 nos
1415 939 1541 1015 excitat,
1558 946 1713 1020 quatenus

176 1040 296 1117 nutrita,
313 1039 499 1112 roboratur3
515 1056 614 1117 quum
637 1037 734 1099 fuerit
755 1038 910 1109 roborata,
968 1036 1079 1113 simne,
1097 1044 1130 1098 ut
1151 1036 1195 1098 ait
1214 1036 1484 1119 Archiapostolus,
1501 1036 1618 1097 divinae
1640 1054 1714 1099 con·
1729 1054 1858 1107 timum.

156 1150 159 1157 ·
177 1136 351 1218 perficitur,
366 1154 464 1215 quum
479 1136 518 1196 ad
534 1135 761 1216 perfectionem
778 1133 911 1209 venerit,
968 1140 1068 1195 sortes
1083 1133 1301 1196 naturae.Hiuc
1317 1133 1404 1195 euim
1420 1152 1477 1213 per
1490 1134 1617 1215 Moysen
1632 1134 1714 1197 Deus

94 1254 115 1295 u
141 1265 166 1297 .ι,
177 1234 248 1296 dicit
264 1233 384 1315 :Cupio
397 1233 528 1296 dissolvi
544 1242 575 1295 et
589 1252 658 1295 esse
674 1252 746 1294 cum
761 1232 911 1309 Cbristo);
968 1231 1047 1293 dicit
1063 1254 1070 1292 z
1089 1231 1193 1293 Sancti
1210 1240 1321 1309 estote,
1338 1230 1488 1313 quoniam
1505 1249 1564 1311 ego
1586 1240 1714 1295 sanetus
1730 1250 1856 1301 cerame.

56 1325 79 1360 ³·
176 1332 316 1394 similiter
330 1331 445 1412 triplex
458 1339 507 1394 est
521 1331 594 1393 doni
609 1330 772 1411 sapientias
783 1329 909 1411 gradus.
968 1348 1050 1405 sum,
1077 1328 1229 1391 Dominus
1252 1330 1334 1391 Deus
1363 1336 1487 1406 vester3
1513 1337 1544 1391 et
1569 1348 1677 1392 rursus
1705 1356 1711 1393 :

174 1430 304 1503 Quorum
329 1430 450 1509 primus
476 1429 703 1510 incipientibus
727 1428 877 1491 convenit
902 1451 910 1488 z
968 1425 1128 1489 Perfectus
1152 1427 1282 1507 (inquit)
1306 1435 1337 1489 et
1359 1426 1478 1507 absque
1503 1427 1627 1490 macula
1651 1428 1860 1500 crismate-u,

172 1546 275 1590 omues
291 1528 378 1589 euim
394 1526 558 1589 caritatem
579 1534 611 1589 et
632 1526 765 1608 gratiam
787 1534 910 1607 gratum
968 1544 1040 1587 cum
1064 1524 1198 1588 Domino
1218 1526 1280 1588 [teo
1300 1532 1363 1588 tuo.
1382 1525 1466 1588 Unde
1490 1525 1521 1586 in
1542 1526 1714 1609 Evangelio
1730 1514 1762 1552 '³‘

173 1626 337 1687 facientem
351 1626 516 1703 babentes,
532 1625 651 1687 donum
674 1624 837 1705 sapientire
852 1622 913 1685 sal·
968 1623 1049 1685 Deus
1073 1623 1151 1705 ipse,
1173 1624 1227 1685 Dei
1253 1623 1350 1685 Patris
1374 1622 1509 1686 dilectus
1533 1644 1569 1687 ac
1599 1626 1714 1689 unicus

171 1733 229 1785 tem
243 1724 419 1785 secuudum
435 1723 520 1785 huuc
536 1723 675 1803 primum
690 1722 760 1803 ejus
778 1722 911 1803 gradum
968 1720 1078 1799 Filius,
1096 1722 1171 1783 dicit
1185 1744 1192 1782 :
1205 1720 1339 1784 Perfecti
1355 1730 1465 1795 estote,
1483 1722 1564 1785 sicut
1579 1732 1610 1785 et
1625 1724 1716 1787 Pater
1736 1756 1822 1803 mg,
1839 1772 1860 1811 ,‚

171 1821 292 1883 babent.
323 1821 380 1883 llic
408 1828 513 1883 autem
542 1820 706 1902 sapientiae
733 1821 849 1900 gradus
879 1819 911 1880 iu
927 1819 950 1881 lt
969 1828 1074 1881 cester
1096 1818 1234 1881 coefestis
1256 1818 1416 1900 perfectus
1437 1826 1495 1881 est.
1727 1822 1762 1863 ⁴⁸·

171 1918 288 1981 duobus
308 1918 464 1981 consistit.
481 1918 597 1996 Primo,
619 1918 652 1979 in
673 1918 733 1982 boc
753 1918 837 1999 quod
857 1936 913 1999 per
1008 1916 1103 1980 Porro
1119 1917 1229 1978 tertius
1245 1916 1407 1998 sapientire
1422 1918 1545 1998 ¹gradus
1565 1918 1715 2000 perfectis

171 2017 270 2098 ipsum
298 2017 422 2097 judicat
450 2016 631 2079 intellectus
658 2015 778 2077 divinis
807 2016 912 2097 potius
968 2017 1187 2080 tantummodo
1212 2017 1378 2097 congruit3
1396 2025 1427 2079 et
1446 2017 1479 2078 in
1500 2036 1537 2081 eo
1557 2020 1713 2098 consistit,

171 2115 385 2177 inhaerendum
400 2134 494 2195 quam
510 2114 604 2177 rebus
619 2114 735 2176 creatis
749 2121 843 2193 atque
862 2134 913 2175 ea·
970 2124 1005 2177 ut
1027 2114 1201 2177 intellectui
1227 2114 1346 2177 nullius
1370 2116 1414 2177 rei
1440 2124 1551 2178 creatae
1576 2117 1716 2198 cognitio

79 2212 267 2290 2.t1n.dueis,
294 2212 406 2275 dicens
436 2212 513 2273 illud
543 2211 777 2293 Psalmograpbi
805 2234 812 2271 ε
838 2210 912 2272 Mihi
970 2213 1084 2294 sapiat,
1100 2214 1237 2276 delectet
1260 2213 1308 2275 vel
1331 2213 1463 2295 placeat,
1481 2214 1544 2275 nisi
1565 2215 1597 2275 iu
1617 2234 1717 2295 quan-

53 2301 78 2339 ἰ·
170 2320 268 2373 autem
285 2310 446 2373 adherere
468 2309 737 2373 Deobonumest.
755 2309 912 2387 Secundo,
971 2309 1288 2373 tumaddivinorum
1305 2310 1717 2395 notitiamconfert,sicque

170 2409 249 2488 quod
262 2428 324 2490 per
338 2408 443 2489 ipsum
457 2407 658 2489 operationes
673 2426 746 2469 suas
759 2407 913 2469 humanas
971 2428 1061 2471 mens
1077 2409 1146 2489 ipsa
1161 2408 1342 2472 divinorum
1358 2409 1617 2491 contemplationi
1641 2420 1719 2474 tota-

169 2516 257 2588 atque
282 2515 430 2569 externas
457 2514 543 2568 recte
566 2506 708 2586 disponit
732 2525 769 2568 ac
794 2506 915 2587 regulet
971 2508 1044 2569 liter
1074 2506 1239 2588 infigatur,
1265 2514 1299 2567 ut
1328 2526 1365 2569 ea
1394 2516 1550 2589 pmmpte,
1580 2509 1716 2589 sincere,

170 2606 343 2667 secuudum
359 2604 445 2685 leges
460 2604 597 2681 divinas,
614 2605 789 2667 secundum
805 2604 915 2666 diviua
971 2605 1130 2667 subtiliter
1144 2604 1342 2685 dulciterque
1359 2604 1461 2667 valeat
1480 2606 1635 2685 contueri,
1648 2627 1719 2690 pas-

123 2746 156 2773 „⁸
170 2712 325 2786 praecepta
347 2702 416 2764 sire
440 2702 584 2766 consilia.
602 2702 727 2765 Dictum
752 2711 799 2764 est
826 2702 915 2783 equi·
971 2703 1114 2766 sionibus
1127 2702 1193 2785 jam
1214 2703 1341 2779 sedatis,
1359 2702 1568 2785 exteriorique
1587 2705 1717 2769 bomine

169 2803 348 2883 dem,quod
363 2801 508 2883 superior
523 2802 613 2879 ratio,
625 2802 664 2863 ad
679 2820 774 2881 quam
790 2800 915 2882 sapien·
971 2802 1098 2883 penitus
1128 2800 1309 2879 reformato,
1339 2800 1485 2864 ordinato
1518 2821 1555 2864 ae
1586 2804 1716 2867 rationis

170 2899 210 2960 tia
239 2899 391 2981 pertinet,
426 2898 563 2960 intendit
590 2897 766 2961 rationibus
795 2898 915 2960 divinis
971 2918 1112 2962 censurae
1128 2898 1166 2961 ad
1183 2906 1294 2961 nutum
1311 2899 1626 2981 subjecto,quantum
1642 2922 1718 2984 prae-

169 2997 416 3079 conspiciendis,
445 3005 599 3077 quantum
632 2996 671 3059 ad
707 2996 776 3078 ipsa
805 2995 1070 3060 diviuaCseutis
1095 2997 1167 3059 vitre
1191 2996 1348 3079 fragilitas
1379 2998 1464 3079 capit
1490 2998 1540 3061 vel
1570 3000 1714 3065 sustinet.

169 3095 423 3177 contemplanda,
443 3102 476 3157 ct
500 3093 717 3170 consulendis,
739 3095 915 3157 secundum
971 3097 1041 3159 llaec
1058 3094 1215 3178 sapientia
1230 3096 1382 3177 competit
1396 3096 1447 3159 his
1467 3097 1522 3178 qui
1543 3117 1616 3160 cum
1637 3099 1718 3161 divi-

168 3196 248 3274 quod
272 3212 334 3275 per
355 3212 409 3255 eas
432 3193 558 3256 ordinat
582 3192 724 3255 actiones
746 3193 913 3256 humanas.
971 3214 1013 3256 uo
1036 3195 1187 3275 Apostolo
1211 3194 1317 3256 dicere
1343 3204 1474 3277 possunt
1498 3219 1505 3256 ε
1527 3196 1588 3259 Nos
1613 3206 1717 3261 autem
1743 3226 1864 3278 uem,

169 3293 251 3354 l'nde
266 3293 309 3354 de
324 3291 384 3353 hoc
405 3290 568 3373 sapientiae
588 3292 699 3372 gradu,
717 3291 765 3353 rel
787 3291 826 3353 de
847 3292 915 3372 ipsa
972 3294 1109 3355 revelata
1138 3292 1220 3355 facie
1244 3292 1378 3374 gloriam
1403 3291 1528 3355 Domini
1554 3296 1719 3377 speculan·
1734 3292 1767 3333 ¹⁸·

168 3388 326 3472 sapientia
343 3396 498 3469 quantum
514 3390 553 3451 ad
568 3388 654 3451 bunc
673 3388 744 3470 ejus
766 3388 915 3451 infimum
972 3400 1030 3470 tes,
1049 3390 1081 3453 iu
1104 3392 1248 3453 eamdem
1275 3391 1446 3472 imaginem
1472 3392 1681 3457 reformamur
1701 3417 1719 3460 a

168 3489 313 3569 gradum,
330 3486 463 3568 loquens
477 3487 645 3568 Apostolus
666 3488 791 3549 cunctis
812 3487 916 3550 fideli·
972 3490 1114 3551 claritate
1136 3490 1167 3551 in
1188 3488 1375 3565 claritatem,
1394 3498 1543 3571 tanquam
1558 3512 1576 3553 a
1591 3492 1717 3555 Domini

65 3618 75 3645 ο
116 3620 154 3655 u.
168 3584 475 3666 buszlnsapientia
490 3582 620 3665 (inquit)
635 3583 794 3646 ambulate
808 3584 847 3645 ad
862 3603 916 3647 eos
973 3586 1109 3669 Spiritu,
1126 3594 1157 3647 et
1172 3586 1417 3648 denuo:(lertus
1432 3606 1502 3649 sum
1516 3590 1601 3669 quod
1616 3610 1718 3671 neque
1746 3608 1809 3653 nom.
1822 3622 1866 3660 uu.

54 3696 60 3707 ·
168 3684 220 3764 qui
244 3683 326 3746 foris
348 3690 433 3743 sunt.
973 3702 1069 3761 mors,
1093 3703 1196 3764 neque
1221 3684 1297 3760 vito,
1319 3702 1421 3764 neque
1446 3694 1589 3748 creatura
1612 3687 1718 3769 aliqua
1733 3674 1809 3722 ”¹³⁹⁶

205 3781 372 3844 Secundus
392 3779 555 3861 sapientiae
578 3780 695 3862 gradus
719 3778 917 3862 proficienti·
973 3782 1089 3865 poterit
1104 3800 1161 3845 nos
1178 3800 1323 3863 separare
1339 3802 1357 3843 a
1371 3783 1501 3845 caritate
1516 3783 1582 3847 bei.

167 3880 225 3941 bus
239 3878 406 3959 competit,
416 3877 596 3940 consistens
610 3877 644 3939 in
658 3878 774 3955 hoc,ut
789 3886 917 3959 propter
1012 3880 1120 3961 ltaque
1145 3879 1265 3961 primus
1286 3878 1449 3960 sapientie
1468 3883 1584 3962 gradus
1604 3892 1719 3948 sutum

166 3976 367 4059 spiritualem
395 3984 489 4056 atque
520 3974 724 4056 purissimam
753 3975 917 4058 sapientiae
973 3980 1143 4046 animalem
1166 3997 1202 4040 ac
1228 3978 1312 4039 viam
1337 3978 1536 4061 purgativam
1562 4001 1617 4044 seu
1642 3983 1722 4048 inei.

166 4075 357 4137 suaritatem
382 4094 439 4136 seu
467 4072 710 4136 delectationem
739 4073 917 4155 percipieu-
974 4082 1097 4163 pientes
1114 4076 1276 4140 concomit
1293 4084 1323 4138 et
1339 4076 1475 4158 perlicit.
1490 4077 1557 4141 Non
1573 4081 1658 4143 enim
1674 4091 1721 4145 est
1749 4106 1818 4151 icor.
1831 4120 1866 4159 xv,

165 4175 237 4235 dam
267 4194 307 4236 ac
340 4172 577 4255 experiendam,
607 4180 736 4254 spernat
763 4190 800 4233 ac
829 4172 918 4235 dese·
934 4180 958 4242 l)
974 4178 1062 4260 prius
1086 4175 1169 4257 quod
1191 4174 1366 4255 spirituale,
1391 4175 1445 4237 sed
1466 4178 1548 4257 quod
1569 4180 1717 4243 animale.
1735 4172 1768 4212 ⁴⁶·

166 4280 212 4333 rat
237 4272 337 4335 bomo
361 4271 527 4333 universas
551 4270 658 4332 carnis
683 4269 851 4332 illecebras
879 4290 917 4332 ac
974 4276 1138 4338 Secundus
1167 4291 1243 4334 vero
1268 4273 1306 4333 ad
1331 4280 1447 4335 statum
1472 4274 1659 4339 rationalem
1689 4288 1719 4341 et

165 4371 278 4433 mundi
294 4369 440 4446 delicias,
452 4377 546 4449 atque
561 4368 594 4428 in
609 4368 792 4431 divinorum
807 4388 919 4450 specu-
973 4374 1057 4436 riam
1074 4370 1319 4434 illuminativam
1336 4370 1604 4454 proficientesque
1625 4378 1722 4456 perti-

166 4470 286 4533 latione
315 4467 402 4529 clara
425 4486 462 4528 ac
487 4466 597 4547 sapida
622 4466 819 4528 intellectum
845 4466 918 4529 totis
973 4480 1038 4533 net.
1056 4469 1179 4533 Tertius
1195 4486 1269 4530 vero
1285 4476 1400 4529 statum
1416 4468 1720 4551 spiritualem,viam

167 4568 293 4629 viribus
308 4564 451 4627 stabilire
466 4572 609 4641 conetur,
622 4565 661 4625 ad
677 4564 829 4645 angelice
844 4584 919 4628 con·
973 4588 1100 4652 quoque
1122 4566 1340 4648 perfectivam,
1358 4585 1414 4627 seu
1439 4566 1525 4648 ipsos
1549 4570 1718 4653 perfectos,

167 4663 359 4728 versationis
375 4662 597 4745 limpiditatem
614 4662 827 4725 conscendere
842 4670 919 4725 sata·
974 4669 1102 4730 decorat
1126 4684 1162 4728 ac
1184 4664 1324 4745 respicit,
1340 4664 1456 4744 quibus
1475 4668 1627 4748 competit
1648 4688 1720 4735 cum

165 4784 258 4845 gens,
287 4762 353 4825 imo
377 4763 415 4824 ad
440 4760 728 4842 superbeatissimae
757 4761 919 4823 Trinitatis
975 4764 1124 4848 Apostolo
1138 4762 1244 4825 dicere
1262 4762 1389 4842 :ltaque
1405 4781 1463 4824 nos
1479 4766 1639 4829 nemiuem
1654 4770 1720 4850 jam
1749 4788 1830 4833 ucor.
1846 4803 1868 4841 v.

166 4862 406 4926 reformandam
422 4859 593 4940 imaginem
610 4858 813 4921 vehementer
834 4859 921 4923 labo-
975 4863 1150 4925 secundum
1167 4880 1294 4923 carnem
1310 4860 1473 4938 novimus3
1486 4869 1517 4924 et
1531 4862 1608 4927 item
1621 4889 1627 4928 :
1641 4867 1720 4933 l'ivo
1736 4854 1804 4957 ἔξω,
1814 4928 1827 4957 ¹,
1837 4917 1863 4958 2,

168 4970 396 5036 rans,utcum
411 4957 562 5040 Apostolo
584 4976 658 5019 rere
679 4966 773 5038 queat
794 4957 917 5023 fateri:
975 4969 1093 5037 autem,
1123 4960 1188 5040 jam
1222 4978 1285 5021 nou
1316 4978 1384 5039 ego.
1416 4959 1566 5041 Denique,
1599 4965 1720 5045 primus
1806 4946 1835 4966 ‘¹
1865 4944 1873 4959 ⁹

39 5060 283 5144 permutabuntur
308 5056 508 5121 conversatio
538 5056 570 5117 in
600 5055 690 5119 coelis
718 5064 785 5134 est;
810 5057 919 5139 sicque
976 5058 1139 5140 sapientiae
1158 5058 1273 5138 gradus
1294 5058 1332 5118 ad
1357 5056 1470 5119 fideles
1497 5061 1635 5140 pertinet
1658 5084 1722 5127 ser-

39 5152 63 5191 ω·
167 5156 352 5238 adimplens
375 5154 625 5217 admonitionem
652 5154 752 5216 sancti
778 5156 919 5237 Apostoli
976 5176 1043 5235 ros,
1061 5155 1219 5219 secundus
1242 5156 1280 5217 ad
1303 5163 1440 5218 secretos
1462 5157 1593 5237 amicos,
1609 5162 1721 5225 tertius

39 5270 152 5330 apocal.
168 5254 369 5319 exhortantis
395 5276 403 5314 ι
428 5252 534 5315 Estote
558 5251 733 5315 imitatores
756 5252 812 5315 Dei
838 5254 921 5317 sicut
976 5256 1016 5319 ad
1036 5253 1123 5317 filios
1144 5253 1198 5316 bei
1219 5252 1400 5316 carissimos
1423 5276 1429 5315 :
1451 5272 1587 5334 quorum
1609 5258 1722 5322 distin-
