<?xml version="1.0" encoding="UTF-8"?>
<!DOCTYPE html PUBLIC "-//W3C//DTD XHTML 1.0 Transitional//EN"
    "http://www.w3.org/TR/xhtml1/DTD/xhtml1-transitional.dtd">
<html xmlns="http://www.w3.org/1999/xhtml" xml:lang="en" lang="en">
 <head>
  <title>
</title>
<meta http-equiv="Content-Type" content="text/html;charset=utf-8" />
  <meta name='ocr-system' content='tesseract 3.04.00' />
  <meta name='ocr-capabilities' content='ocr_page ocr_carea ocr_par ocr_line ocrx_word'/>
</head>
<body>
  <div class='ocr_page' id='page_1' title='image "./doctorisecstati02unkngoog_0076.png"; bbox 0 0 4309 6259; ppageno 0'>
   <div class='ocr_carea' id='block_1_1' title="bbox 415 420 1494 486">
    <p class='ocr_par' dir='ltr' id='par_1_1' title="bbox 415 420 1494 486">
     <span class='ocr_line' id='line_1_1' title="bbox 415 420 1494 486; baseline -0.012 0"><span class='ocrx_word' id='word_1_1' title='bbox 415 420 455 486; x_wconf 85' lang='grc'>68</span> <span class='ocrx_word' id='word_1_2' title='bbox 880 430 1037 479; x_wconf 80' lang='lat' dir='ltr'>uxrosrrro</span> <span class='ocrx_word' id='word_1_3' title='bbox 1058 428 1157 475; x_wconf 82' lang='lat' dir='ltr'>urum</span> <span class='ocrx_word' id='word_1_4' title='bbox 1180 434 1186 473; x_wconf 95' lang='lat'><strong>:</strong></span> <span class='ocrx_word' id='word_1_5' title='bbox 1211 426 1316 475; x_wconf 65' lang='lat' dir='ltr'>seems</span> <span class='ocrx_word' id='word_1_6' title='bbox 1337 427 1494 474; x_wconf 82' lang='lat' dir='ltr'>sotmuus</span> 
     </span>
    </p>
   </div>
   <div class='ocr_carea' id='block_1_2' title="bbox 268 595 2116 4893">
    <p class='ocr_par' dir='ltr' id='par_1_2' title="bbox 413 595 2116 2347">
     <span class='ocr_line' id='line_1_2' title="bbox 413 595 1968 691; baseline -0.009 -20"><span class='ocrx_word' id='word_1_7' title='bbox 413 607 626 691; x_wconf 90' lang='lat' dir='ltr'>prehensione</span> <span class='ocrx_word' id='word_1_8' title='bbox 646 606 801 670; x_wconf 91' lang='lat' dir='ltr'>bonorum</span> <span class='ocrx_word' id='word_1_9' title='bbox 827 605 1031 668; x_wconf 90' lang='lat' dir='ltr'>vehementer</span> <span class='ocrx_word' id='word_1_10' title='bbox 1049 620 1162 665; x_wconf 82' lang='lat' dir='ltr'>accen·</span> <span class='ocrx_word' id='word_1_11' title='bbox 1176 600 1201 663; x_wconf 84' lang='grc' dir='ltr'><strong>Α</strong></span> <span class='ocrx_word' id='word_1_12' title='bbox 1217 619 1303 662; x_wconf 83' lang='lat' dir='ltr'>arma</span> <span class='ocrx_word' id='word_1_13' title='bbox 1316 598 1494 682; x_wconf 88' lang='lat' dir='ltr'>iniquitatis</span> <span class='ocrx_word' id='word_1_14' title='bbox 1508 604 1649 681; x_wconf 90' lang='lat' dir='ltr'>peccato,</span> <span class='ocrx_word' id='word_1_15' title='bbox 1666 597 1713 662; x_wconf 92' lang='lat' dir='ltr'>sic</span> <span class='ocrx_word' id='word_1_16' title='bbox 1727 617 1815 661; x_wconf 89' lang='lat' dir='ltr'>nunc</span> <span class='ocrx_word' id='word_1_17' title='bbox 1830 616 1866 660; x_wconf 91' lang='lat' dir='ltr'>ae</span> <span class='ocrx_word' id='word_1_18' title='bbox 1880 595 1968 679; x_wconf 83' lang='lat' dir='ltr'>jugi·</span> 
     </span>
     <span class='ocr_line' id='line_1_3' title="bbox 414 694 1964 785; baseline -0.007 -18"><span class='ocrx_word' id='word_1_19' title='bbox 414 705 459 781; x_wconf 93' lang='lat' dir='ltr'>di,</span> <span class='ocrx_word' id='word_1_20' title='bbox 483 704 692 767; x_wconf 78' lang='lat' dir='ltr'>exuberanter</span> <span class='ocrx_word' id='word_1_21' title='bbox 716 703 825 783; x_wconf 87' lang='lat' dir='ltr'>letari,</span> <span class='ocrx_word' id='word_1_22' title='bbox 847 702 1037 785; x_wconf 80' lang='lat' dir='ltr'>penitusque</span> <span class='ocrx_word' id='word_1_23' title='bbox 1062 707 1163 761; x_wconf 91' lang='lat' dir='ltr'>trans·</span> <span class='ocrx_word' id='word_1_24' title='bbox 1217 706 1264 761; x_wconf 87' lang='lat' dir='ltr'>ter</span> <span class='ocrx_word' id='word_1_25' title='bbox 1284 698 1489 761; x_wconf 82' lang='lat' dir='ltr'>exhibeamus</span> <span class='ocrx_word' id='word_1_26' title='bbox 1507 717 1544 759; x_wconf 92' lang='lat' dir='ltr'>ea</span> <span class='ocrx_word' id='word_1_27' title='bbox 1563 716 1651 759; x_wconf 82' lang='lat' dir='ltr'>arma</span> <span class='ocrx_word' id='word_1_28' title='bbox 1667 697 1800 779; x_wconf 81' lang='lat' dir='ltr'>justitie</span> <span class='ocrx_word' id='word_1_29' title='bbox 1818 696 1893 759; x_wconf 87' lang='lat' dir='ltr'>Deo.</span> <span class='ocrx_word' id='word_1_30' title='bbox 1910 694 1964 756; x_wconf 91' lang='lat' dir='ltr'>Sic</span> 
     </span>
     <span class='ocr_line' id='line_1_4' title="bbox 416 792 1967 882; baseline -0.006 -18"><span class='ocrx_word' id='word_1_31' title='bbox 416 802 546 865; x_wconf 92' lang='lat' dir='ltr'>lormari</span> <span class='ocrx_word' id='word_1_32' title='bbox 564 802 596 864; x_wconf 97' lang='lat' dir='ltr'>in</span> <span class='ocrx_word' id='word_1_33' title='bbox 611 802 774 879; x_wconf 89' lang='lat' dir='ltr'>dilectum,</span> <span class='ocrx_word' id='word_1_34' title='bbox 792 802 825 863; x_wconf 90' lang='lat' dir='ltr'>in</span> <span class='ocrx_word' id='word_1_35' title='bbox 845 798 1161 882; x_wconf 90' lang='lat' dir='ltr'>superduloissimum</span> <span class='ocrx_word' id='word_1_36' title='bbox 1216 795 1334 877; x_wconf 85' lang='lat' dir='ltr'>quippe</span> <span class='ocrx_word' id='word_1_37' title='bbox 1354 796 1386 857; x_wconf 96' lang='lat' dir='ltr'>in</span> <span class='ocrx_word' id='word_1_38' title='bbox 1410 795 1502 858; x_wconf 93' lang='lat' dir='ltr'>nobis</span> <span class='ocrx_word' id='word_1_39' title='bbox 1522 793 1707 875; x_wconf 82' lang='lat' dir='ltr'>implebitur</span> <span class='ocrx_word' id='word_1_40' title='bbox 1725 794 1810 876; x_wconf 93' lang='lat' dir='ltr'>quod</span> <span class='ocrx_word' id='word_1_41' title='bbox 1829 793 1863 854; x_wconf 94' lang='lat' dir='ltr'>in</span> <span class='ocrx_word' id='word_1_42' title='bbox 1883 792 1967 873; x_wconf 79' lang='lat' dir='ltr'>Apo</span> 
     </span>
     <span class='ocr_line' id='line_1_5' title="bbox 416 890 2116 980; baseline -0.005 -18"><span class='ocrx_word' id='word_1_43' title='bbox 416 900 622 977; x_wconf 87' lang='lat' dir='ltr'>Salvatorem,</span> <span class='ocrx_word' id='word_1_44' title='bbox 633 899 726 963; x_wconf 95' lang='lat' dir='ltr'>nobis</span> <span class='ocrx_word' id='word_1_45' title='bbox 741 908 804 961; x_wconf 86' lang='lat' dir='ltr'>tam</span> <span class='ocrx_word' id='word_1_46' title='bbox 819 896 1111 980; x_wconf 82' lang='lat' dir='ltr'>incomparabiliter</span> <span class='ocrx_word' id='word_1_47' title='bbox 1125 912 1161 956; x_wconf 87' lang='lat' dir='ltr'>ae</span> <span class='ocrx_word' id='word_1_48' title='bbox 1217 893 1336 974; x_wconf 81' lang='lat' dir='ltr'>eclypsi</span> <span class='ocrx_word' id='word_1_49' title='bbox 1351 892 1452 955; x_wconf 90' lang='lat' dir='ltr'>lertur</span> <span class='ocrx_word' id='word_1_50' title='bbox 1465 892 1582 955; x_wconf 85' lang='lat' dir='ltr'>dixisse</span> <span class='ocrx_word' id='word_1_51' title='bbox 1601 892 1656 974; x_wconf 93' lang='lat' dir='ltr'>qui</span> <span class='ocrx_word' id='word_1_52' title='bbox 1676 892 1805 954; x_wconf 86' lang='lat' dir='ltr'>sedebat</span> <span class='ocrx_word' id='word_1_53' title='bbox 1824 890 1857 952; x_wconf 97' lang='lat' dir='ltr'>in</span> <span class='ocrx_word' id='word_1_54' title='bbox 1879 891 1965 952; x_wconf 90' lang='lat' dir='ltr'>thro-</span> <span class='ocrx_word' id='word_1_55' title='bbox 1988 914 2116 968; x_wconf 61' lang='lat' dir='ltr'>mm.</span> 
     </span>
     <span class='ocr_line' id='line_1_6' title="bbox 417 980 2000 1080; baseline -0.009 -19"><span class='ocrx_word' id='word_1_56' title='bbox 417 998 647 1080; x_wconf 82' lang='lat' dir='ltr'>specialissime</span> <span class='ocrx_word' id='word_1_57' title='bbox 667 998 838 1060; x_wconf 81' lang='lat' dir='ltr'>amandum</span> <span class='ocrx_word' id='word_1_58' title='bbox 858 1004 889 1060; x_wconf 93' lang='lat' dir='ltr'>et</span> <span class='ocrx_word' id='word_1_59' title='bbox 912 995 1159 1078; x_wconf 85' lang='lat' dir='ltr'>preamendum,</span> <span class='ocrx_word' id='word_1_60' title='bbox 1217 1010 1259 1053; x_wconf 92' lang='lat' dir='ltr'>no</span> <span class='ocrx_word' id='word_1_61' title='bbox 1276 1013 1283 1051; x_wconf 90' lang='lat'>:</span> <span class='ocrx_word' id='word_1_62' title='bbox 1299 990 1380 1053; x_wconf 86' lang='lat' dir='ltr'>Ecce</span> <span class='ocrx_word' id='word_1_63' title='bbox 1402 1008 1484 1053; x_wconf 82' lang='lat' dir='ltr'>nova</span> <span class='ocrx_word' id='word_1_64' title='bbox 1503 988 1587 1051; x_wconf 89' lang='lat' dir='ltr'>lecio</span> <span class='ocrx_word' id='word_1_65' title='bbox 1608 989 1726 1051; x_wconf 85' lang='lat' dir='ltr'>ornnia.</span> <span class='ocrx_word' id='word_1_66' title='bbox 1979 980 2000 1018; x_wconf 85' lang='lat'>⁵·</span> 
     </span>
     <span class='ocr_line' id='line_1_7' title="bbox 415 1086 2074 1178; baseline -0.008 -20"><span class='ocrx_word' id='word_1_67' title='bbox 415 1096 470 1178; x_wconf 91' lang='lat' dir='ltr'>qui</span> <span class='ocrx_word' id='word_1_68' title='bbox 492 1096 591 1159; x_wconf 87' lang='lat' dir='ltr'>instar</span> <span class='ocrx_word' id='word_1_69' title='bbox 609 1095 862 1159; x_wconf 83' lang='lat' dir='ltr'>estuantissime</span> <span class='ocrx_word' id='word_1_70' title='bbox 881 1094 1019 1157; x_wconf 87' lang='lat' dir='ltr'>lornacis</span> <span class='ocrx_word' id='word_1_71' title='bbox 1035 1091 1162 1156; x_wconf 82' lang='lat' dir='ltr'>calidis-</span> <span class='ocrx_word' id='word_1_72' title='bbox 1257 1091 1371 1150; x_wconf 86' lang='lat' dir='ltr'>Noctis</span> <span class='ocrx_word' id='word_1_73' title='bbox 1401 1090 1558 1148; x_wconf 82' lang='lat' dir='ltr'>recolitur</span> <span class='ocrx_word' id='word_1_74' title='bbox 1585 1108 1674 1147; x_wconf 82' lang='lat' dir='ltr'>coena</span> <span class='ocrx_word' id='word_1_75' title='bbox 1705 1089 1895 1156; x_wconf 78' lang='lat' dir='ltr'>novissima,</span> <span class='ocrx_word' id='word_1_76' title='bbox 1925 1086 1964 1147; x_wconf 94' lang='lat' dir='ltr'>de</span> <span class='ocrx_word' id='word_1_77' title='bbox 2054 1093 2074 1145; x_wconf 80' lang='lat'>2</span> 
     </span>
     <span class='ocr_line' id='line_1_8' title="bbox 415 1183 2116 1275; baseline -0.006 -19"><span class='ocrx_word' id='word_1_78' title='bbox 415 1194 512 1256; x_wconf 87' lang='lat' dir='ltr'>simas</span> <span class='ocrx_word' id='word_1_79' title='bbox 534 1192 682 1255; x_wconf 82' lang='lat' dir='ltr'>llammas</span> <span class='ocrx_word' id='word_1_80' title='bbox 703 1192 903 1275; x_wconf 84' lang='lat' dir='ltr'>evaporeutis</span> <span class='ocrx_word' id='word_1_81' title='bbox 924 1198 956 1254; x_wconf 94' lang='grc' dir='ltr'>θῖ</span> <span class='ocrx_word' id='word_1_82' title='bbox 974 1188 1159 1265; x_wconf 89' lang='lat' dir='ltr'>emittentis,</span> <span class='ocrx_word' id='word_1_83' title='bbox 1218 1205 1280 1267; x_wconf 88' lang='lat' dir='ltr'>que</span> <span class='ocrx_word' id='word_1_84' title='bbox 1294 1185 1398 1248; x_wconf 90' lang='lat' dir='ltr'>lassus</span> <span class='ocrx_word' id='word_1_85' title='bbox 1411 1194 1460 1247; x_wconf 89' lang='lat' dir='ltr'>est</span> <span class='ocrx_word' id='word_1_86' title='bbox 1473 1193 1588 1248; x_wconf 89' lang='lat' dir='ltr'>nostre</span> <span class='ocrx_word' id='word_1_87' title='bbox 1602 1192 1712 1247; x_wconf 90' lang='lat' dir='ltr'>auctor</span> <span class='ocrx_word' id='word_1_88' title='bbox 1726 1184 1837 1246; x_wconf 87' lang='lat' dir='ltr'>salutis</span> <span class='ocrx_word' id='word_1_89' title='bbox 1854 1208 1862 1245; x_wconf 90' lang='lat'>:</span> <span class='ocrx_word' id='word_1_90' title='bbox 1878 1183 1967 1246; x_wconf 90' lang='lat' dir='ltr'>Desi-</span> <span class='ocrx_word' id='word_1_91' title='bbox 1990 1207 2046 1250; x_wconf 69' lang='lat' dir='ltr'>mc.</span> <span class='ocrx_word' id='word_1_92' title='bbox 2065 1220 2116 1255; x_wconf 71' lang='lat' dir='ltr'>nu,</span> 
     </span>
     <span class='ocr_line' id='line_1_9' title="bbox 415 1274 2013 1365; baseline -0.006 -12"><span class='ocrx_word' id='word_1_93' title='bbox 415 1292 449 1353; x_wconf 90' lang='lat' dir='ltr'>in</span> <span class='ocrx_word' id='word_1_94' title='bbox 469 1310 559 1355; x_wconf 86' lang='lat' dir='ltr'>coena</span> <span class='ocrx_word' id='word_1_95' title='bbox 579 1290 634 1353; x_wconf 92' lang='lat' dir='ltr'>illa</span> <span class='ocrx_word' id='word_1_96' title='bbox 653 1290 827 1353; x_wconf 86' lang='lat' dir='ltr'>novissima</span> <span class='ocrx_word' id='word_1_97' title='bbox 845 1288 1077 1352; x_wconf 88' lang='lat' dir='ltr'>inestimabilis</span> <span class='ocrx_word' id='word_1_98' title='bbox 1098 1305 1162 1348; x_wconf 89' lang='lat' dir='ltr'>sue</span> <span class='ocrx_word' id='word_1_99' title='bbox 1218 1284 1306 1346; x_wconf 91' lang='lat' dir='ltr'>derio</span> <span class='ocrx_word' id='word_1_100' title='bbox 1334 1283 1511 1346; x_wconf 88' lang='lat' dir='ltr'>desideravi</span> <span class='ocrx_word' id='word_1_101' title='bbox 1539 1283 1599 1346; x_wconf 93' lang='lat' dir='ltr'>hoe</span> <span class='ocrx_word' id='word_1_102' title='bbox 1628 1283 1747 1365; x_wconf 90' lang='lat' dir='ltr'>pascha</span> <span class='ocrx_word' id='word_1_103' title='bbox 1770 1283 1964 1344; x_wconf 87' lang='lat' dir='ltr'>manducare</span> <span class='ocrx_word' id='word_1_104' title='bbox 1981 1274 2013 1313; x_wconf 84' lang='lat'>¹⁵·</span> 
     </span>
     <span class='ocr_line' id='line_1_10' title="bbox 415 1380 1964 1467; baseline -0.006 -16"><span class='ocrx_word' id='word_1_105' title='bbox 415 1388 607 1466; x_wconf 85' lang='lat' dir='ltr'>dilectionis,</span> <span class='ocrx_word' id='word_1_106' title='bbox 638 1388 850 1451; x_wconf 89' lang='lat' dir='ltr'>miserationis</span> <span class='ocrx_word' id='word_1_107' title='bbox 884 1395 917 1449; x_wconf 93' lang='lat' dir='ltr'>et</span> <span class='ocrx_word' id='word_1_108' title='bbox 947 1384 1162 1467; x_wconf 82' lang='lat' dir='ltr'>largifluitatis</span> <span class='ocrx_word' id='word_1_109' title='bbox 1218 1382 1395 1461; x_wconf 86' lang='lat' dir='ltr'>vobiscum,</span> <span class='ocrx_word' id='word_1_110' title='bbox 1412 1389 1581 1462; x_wconf 84' lang='lat' dir='ltr'>antequem</span> <span class='ocrx_word' id='word_1_111' title='bbox 1596 1382 1804 1463; x_wconf 83' lang='lat' dir='ltr'>petier3quo,</span> <span class='ocrx_word' id='word_1_112' title='bbox 1820 1381 1853 1443; x_wconf 94' lang='lat' dir='ltr'>id</span> <span class='ocrx_word' id='word_1_113' title='bbox 1867 1389 1917 1442; x_wconf 89' lang='lat' dir='ltr'>est</span> <span class='ocrx_word' id='word_1_114' title='bbox 1930 1380 1964 1442; x_wconf 95' lang='lat' dir='ltr'>in</span> 
     </span>
     <span class='ocr_line' id='line_1_11' title="bbox 416 1481 1966 1564; baseline -0.007 -14"><span class='ocrx_word' id='word_1_115' title='bbox 416 1486 535 1550; x_wconf 82' lang='lat' dir='ltr'>indicia</span> <span class='ocrx_word' id='word_1_116' title='bbox 561 1494 595 1549; x_wconf 92' lang='lat' dir='ltr'>et</span> <span class='ocrx_word' id='word_1_117' title='bbox 626 1485 773 1563; x_wconf 87' lang='lat' dir='ltr'>ellectus,</span> <span class='ocrx_word' id='word_1_118' title='bbox 809 1483 968 1548; x_wconf 82' lang='lat' dir='ltr'>benelicia</span> <span class='ocrx_word' id='word_1_119' title='bbox 1001 1503 1038 1546; x_wconf 87' lang='lat' dir='ltr'>ac</span> <span class='ocrx_word' id='word_1_120' title='bbox 1066 1501 1162 1564; x_wconf 87' lang='lat' dir='ltr'>opera</span> <span class='ocrx_word' id='word_1_121' title='bbox 1219 1498 1281 1561; x_wconf 90' lang='lat' dir='ltr'>qua</span> <span class='ocrx_word' id='word_1_122' title='bbox 1304 1498 1394 1543; x_wconf 82' lang='lat' dir='ltr'>coena</span> <span class='ocrx_word' id='word_1_123' title='bbox 1422 1498 1478 1542; x_wconf 89' lang='lat' dir='ltr'>seu</span> <span class='ocrx_word' id='word_1_124' title='bbox 1506 1488 1609 1560; x_wconf 91' lang='lat' dir='ltr'>nocte,</span> <span class='ocrx_word' id='word_1_125' title='bbox 1636 1482 1786 1541; x_wconf 79' lang='lat' dir='ltr'>Christus</span> <span class='ocrx_word' id='word_1_126' title='bbox 1814 1481 1966 1539; x_wconf 83' lang='lat' dir='ltr'>creditur</span> 
     </span>
     <span class='ocr_line' id='line_1_12' title="bbox 416 1577 1965 1665; baseline -0.008 -16"><span class='ocrx_word' id='word_1_127' title='bbox 416 1584 565 1649; x_wconf 93' lang='lat' dir='ltr'>omnibus</span> <span class='ocrx_word' id='word_1_128' title='bbox 580 1583 671 1647; x_wconf 89' lang='lat' dir='ltr'>nobis</span> <span class='ocrx_word' id='word_1_129' title='bbox 686 1582 847 1665; x_wconf 82' lang='lat' dir='ltr'>pateleoit,</span> <span class='ocrx_word' id='word_1_130' title='bbox 858 1582 1006 1659; x_wconf 89' lang='lat' dir='ltr'>ostendit,</span> <span class='ocrx_word' id='word_1_131' title='bbox 1019 1580 1160 1644; x_wconf 82' lang='lat' dir='ltr'>donavit.</span> <span class='ocrx_word' id='word_1_132' title='bbox 1218 1598 1339 1655; x_wconf 67' lang='lat' dir='ltr'>aenum</span> <span class='ocrx_word' id='word_1_133' title='bbox 1354 1578 1535 1660; x_wconf 83' lang='lat' dir='ltr'>paschalem</span> <span class='ocrx_word' id='word_1_134' title='bbox 1550 1588 1580 1638; x_wconf 87' lang='lat' dir='ltr'>et</span> <span class='ocrx_word' id='word_1_135' title='bbox 1594 1577 1763 1656; x_wconf 79' lang='lat' dir='ltr'>azymc,id</span> <span class='ocrx_word' id='word_1_136' title='bbox 1778 1584 1826 1640; x_wconf 92' lang='lat' dir='ltr'>est</span> <span class='ocrx_word' id='word_1_137' title='bbox 1839 1595 1965 1658; x_wconf 83' lang='lat' dir='ltr'>azymos</span> 
     </span>
     <span class='ocr_line' id='line_1_13' title="bbox 416 1674 1965 1763; baseline -0.003 -20"><span class='ocrx_word' id='word_1_138' title='bbox 416 1679 535 1763; x_wconf 90' lang='lat' dir='ltr'>Nempe</span> <span class='ocrx_word' id='word_1_139' title='bbox 558 1700 655 1762; x_wconf 94' lang='lat' dir='ltr'>quum</span> <span class='ocrx_word' id='word_1_140' title='bbox 681 1680 795 1742; x_wconf 81' lang='lat' dir='ltr'>caritas</span> <span class='ocrx_word' id='word_1_141' title='bbox 821 1680 862 1741; x_wconf 93' lang='lat' dir='ltr'>sit</span> <span class='ocrx_word' id='word_1_142' title='bbox 886 1678 1009 1741; x_wconf 82' lang='lat' dir='ltr'>unitiva</span> <span class='ocrx_word' id='word_1_143' title='bbox 1027 1684 1059 1739; x_wconf 92' lang='lat' dir='ltr'>et</span> <span class='ocrx_word' id='word_1_144' title='bbox 1077 1696 1165 1739; x_wconf 93' lang='lat' dir='ltr'>com·</span> <span class='ocrx_word' id='word_1_145' title='bbox 1220 1695 1328 1758; x_wconf 88' lang='lat' dir='ltr'>panes,</span> <span class='ocrx_word' id='word_1_146' title='bbox 1344 1678 1469 1736; x_wconf 83' lang='lat' dir='ltr'>dedisse</span> <span class='ocrx_word' id='word_1_147' title='bbox 1482 1678 1660 1753; x_wconf 81' lang='lat' dir='ltr'>fratribus,</span> <span class='ocrx_word' id='word_1_148' title='bbox 1675 1675 1707 1737; x_wconf 95' lang='lat' dir='ltr'>id</span> <span class='ocrx_word' id='word_1_149' title='bbox 1722 1682 1770 1737; x_wconf 97' lang='grc' dir='ltr'>θεῖ</span> <span class='ocrx_word' id='word_1_150' title='bbox 1784 1674 1965 1739; x_wconf 81' lang='lat' dir='ltr'>exhibuisse</span> 
     </span>
     <span class='ocr_line' id='line_1_14' title="bbox 416 1771 2081 1860; baseline -0.005 -20"><span class='ocrx_word' id='word_1_151' title='bbox 416 1778 620 1858; x_wconf 74' lang='lat' dir='ltr'>munientiva,</span> <span class='ocrx_word' id='word_1_152' title='bbox 642 1797 704 1860; x_wconf 95' lang='lat' dir='ltr'>quo</span> <span class='ocrx_word' id='word_1_153' title='bbox 725 1787 799 1840; x_wconf 91' lang='lat' dir='ltr'>tuno</span> <span class='ocrx_word' id='word_1_154' title='bbox 825 1776 963 1840; x_wconf 90' lang='lat' dir='ltr'>vicinius</span> <span class='ocrx_word' id='word_1_155' title='bbox 988 1796 1021 1839; x_wconf 93' lang='lat' dir='ltr'>se</span> <span class='ocrx_word' id='word_1_156' title='bbox 1047 1774 1161 1853; x_wconf 81' lang='lat' dir='ltr'>univit,</span> <span class='ocrx_word' id='word_1_157' title='bbox 1181 1771 1389 1855; x_wconf 84' lang='lat' dir='ltr'>Bhpostolis,</span> <span class='ocrx_word' id='word_1_158' title='bbox 1406 1791 1540 1854; x_wconf 90' lang='lat' dir='ltr'>quorum</span> <span class='ocrx_word' id='word_1_159' title='bbox 1555 1772 1679 1835; x_wconf 91' lang='lat' dir='ltr'>duobus</span> <span class='ocrx_word' id='word_1_160' title='bbox 1697 1773 1860 1854; x_wconf 79' lang='lat' dir='ltr'>precepit,</span> <span class='ocrx_word' id='word_1_161' title='bbox 1881 1772 1967 1835; x_wconf 92' lang='lat' dir='ltr'>Eun·</span> <span class='ocrx_word' id='word_1_162' title='bbox 1981 1790 2043 1834; x_wconf 77' lang='lat' dir='ltr'>rasa.</span> <span class='ocrx_word' id='word_1_163' title='bbox 2060 1792 2081 1831; x_wconf 87' lang='lat' dir='ltr'>a.</span> 
     </span>
     <span class='ocr_line' id='line_1_15' title="bbox 416 1869 1966 1958; baseline -0.005 -20"><span class='ocrx_word' id='word_1_164' title='bbox 416 1875 576 1958; x_wconf 91' lang='lat' dir='ltr'>copiosius</span> <span class='ocrx_word' id='word_1_165' title='bbox 587 1874 845 1953; x_wconf 83' lang='lat' dir='ltr'>communicavit,</span> <span class='ocrx_word' id='word_1_166' title='bbox 853 1874 1038 1955; x_wconf 82' lang='lat' dir='ltr'>integralius</span> <span class='ocrx_word' id='word_1_167' title='bbox 1053 1872 1165 1935; x_wconf 90' lang='lat' dir='ltr'>tribuit</span> <span class='ocrx_word' id='word_1_168' title='bbox 1221 1879 1278 1949; x_wconf 89' lang='lat' dir='ltr'>tes,</span> <span class='ocrx_word' id='word_1_169' title='bbox 1294 1878 1401 1952; x_wconf 84' lang='lat' dir='ltr'>parete</span> <span class='ocrx_word' id='word_1_170' title='bbox 1424 1869 1517 1933; x_wconf 92' lang='lat' dir='ltr'>uobis</span> <span class='ocrx_word' id='word_1_171' title='bbox 1541 1870 1670 1952; x_wconf 89' lang='lat' dir='ltr'>pasche,</span> <span class='ocrx_word' id='word_1_172' title='bbox 1678 1873 1785 1948; x_wconf 71' lang='lat' dir='ltr'>jecta</span> <span class='ocrx_word' id='word_1_173' title='bbox 1805 1872 1966 1947; x_wconf 76' lang='lat' dir='ltr'>tepitima,</span> 
     </span>
     <span class='ocr_line' id='line_1_16' title="bbox 415 1967 1966 2053; baseline -0.005 -18"><span class='ocrx_word' id='word_1_174' title='bbox 415 1972 519 2053; x_wconf 90' lang='lat' dir='ltr'>nobis,</span> <span class='ocrx_word' id='word_1_175' title='bbox 535 1991 573 2036; x_wconf 92' lang='lat' dir='ltr'>eo</span> <span class='ocrx_word' id='word_1_176' title='bbox 589 1973 857 2036; x_wconf 89' lang='lat' dir='ltr'>vehementiorem</span> <span class='ocrx_word' id='word_1_177' title='bbox 876 1971 1025 2034; x_wconf 83' lang='lat' dir='ltr'>habuisse</span> <span class='ocrx_word' id='word_1_178' title='bbox 1044 1970 1083 2031; x_wconf 82' lang='lat' dir='ltr'>ad</span> <span class='ocrx_word' id='word_1_179' title='bbox 1105 1988 1163 2032; x_wconf 93' lang='lat' dir='ltr'>nos</span> <span class='ocrx_word' id='word_1_180' title='bbox 1220 1967 1252 2029; x_wconf 93' lang='lat' dir='ltr'>id</span> <span class='ocrx_word' id='word_1_181' title='bbox 1286 1976 1334 2030; x_wconf 93' lang='lat' dir='ltr'>est</span> <span class='ocrx_word' id='word_1_182' title='bbox 1361 1968 1537 2029; x_wconf 90' lang='lat' dir='ltr'>seeundum</span> <span class='ocrx_word' id='word_1_183' title='bbox 1565 1975 1708 2030; x_wconf 91' lang='lat' dir='ltr'>tenorem</span> <span class='ocrx_word' id='word_1_184' title='bbox 1736 1976 1966 2049; x_wconf 74' lang='lat' dir='ltr'>preceptorum</span> 
     </span>
     <span class='ocr_line' id='line_1_17' title="bbox 416 2062 1969 2146; baseline -0.005 -13"><span class='ocrx_word' id='word_1_185' title='bbox 416 2070 618 2134; x_wconf 91' lang='lat' dir='ltr'>dilectionem</span> <span class='ocrx_word' id='word_1_186' title='bbox 635 2070 810 2134; x_wconf 86' lang='lat' dir='ltr'>clarissime</span> <span class='ocrx_word' id='word_1_187' title='bbox 831 2071 1075 2132; x_wconf 82' lang='lat' dir='ltr'>demonstratur.</span> <span class='ocrx_word' id='word_1_188' title='bbox 1091 2067 1163 2129; x_wconf 93' lang='lat' dir='ltr'>ldeo</span> <span class='ocrx_word' id='word_1_189' title='bbox 1219 2064 1381 2146; x_wconf 80' lang='lat' dir='ltr'>legalium,</span> <span class='ocrx_word' id='word_1_190' title='bbox 1393 2066 1514 2140; x_wconf 79' lang='lat' dir='ltr'>priscis</span> <span class='ocrx_word' id='word_1_191' title='bbox 1533 2065 1665 2123; x_wconf 81' lang='lat' dir='ltr'>indulta</span> <span class='ocrx_word' id='word_1_192' title='bbox 1681 2066 1846 2139; x_wconf 84' lang='lat' dir='ltr'>patribus,</span> <span class='ocrx_word' id='word_1_193' title='bbox 1867 2062 1900 2125; x_wconf 98' lang='lat' dir='ltr'>id</span> <span class='ocrx_word' id='word_1_194' title='bbox 1920 2071 1969 2125; x_wconf 89' lang='lat' dir='ltr'>est</span> 
     </span>
     <span class='ocr_line' id='line_1_18' title="bbox 416 2160 1967 2251; baseline -0.006 -20"><span class='ocrx_word' id='word_1_195' title='bbox 416 2188 511 2251; x_wconf 91' lang='lat' dir='ltr'>super</span> <span class='ocrx_word' id='word_1_196' title='bbox 529 2168 580 2231; x_wconf 92' lang='lat' dir='ltr'>his</span> <span class='ocrx_word' id='word_1_197' title='bbox 603 2177 636 2231; x_wconf 92' lang='lat' dir='ltr'>et</span> <span class='ocrx_word' id='word_1_198' title='bbox 654 2168 688 2230; x_wconf 93' lang='lat' dir='ltr'>in</span> <span class='ocrx_word' id='word_1_199' title='bbox 706 2168 757 2231; x_wconf 91' lang='lat' dir='ltr'>his</span> <span class='ocrx_word' id='word_1_200' title='bbox 776 2190 793 2228; x_wconf 80' lang='lat' dir='ltr'>u</span> <span class='ocrx_word' id='word_1_201' title='bbox 812 2167 925 2248; x_wconf 82' lang='lat' dir='ltr'>juncta</span> <span class='ocrx_word' id='word_1_202' title='bbox 944 2165 1007 2227; x_wconf 92' lang='lat' dir='ltr'>sint</span> <span class='ocrx_word' id='word_1_203' title='bbox 1025 2164 1124 2227; x_wconf 89' lang='lat' dir='ltr'>saeris</span> <span class='ocrx_word' id='word_1_204' title='bbox 1146 2186 1163 2223; x_wconf 89' lang='lat'>»</span> <span class='ocrx_word' id='word_1_205' title='bbox 1219 2180 1442 2225; x_wconf 88' lang='lat' dir='ltr'>concessorum</span> <span class='ocrx_word' id='word_1_206' title='bbox 1458 2160 1600 2243; x_wconf 87' lang='lat' dir='ltr'>patribus</span> <span class='ocrx_word' id='word_1_207' title='bbox 1615 2160 1756 2224; x_wconf 89' lang='lat' dir='ltr'>llosaice</span> <span class='ocrx_word' id='word_1_208' title='bbox 1775 2161 1866 2243; x_wconf 82' lang='lat' dir='ltr'>legis,</span> <span class='ocrx_word' id='word_1_209' title='bbox 1883 2161 1967 2224; x_wconf 89' lang='lat' dir='ltr'>utin</span> 
     </span>
     <span class='ocr_line' id='line_1_19' title="bbox 416 2259 2073 2347; baseline -0.002 -20"><span class='ocrx_word' id='word_1_210' title='bbox 416 2266 485 2328; x_wconf 89' lang='lat' dir='ltr'>istis</span> <span class='ocrx_word' id='word_1_211' title='bbox 508 2288 524 2325; x_wconf 84' lang='lat' dir='ltr'>u</span> <span class='ocrx_word' id='word_1_212' title='bbox 545 2266 698 2329; x_wconf 91' lang='lat' dir='ltr'>solenniis</span> <span class='ocrx_word' id='word_1_213' title='bbox 717 2264 833 2347; x_wconf 80' lang='lat' dir='ltr'>gaudia</span> <span class='ocrx_word' id='word_1_214' title='bbox 853 2286 881 2341; x_wconf 75' lang='lat' dir='ltr'>a,</span> <span class='ocrx_word' id='word_1_215' title='bbox 899 2272 934 2325; x_wconf 93' lang='lat' dir='ltr'>ut</span> <span class='ocrx_word' id='word_1_216' title='bbox 951 2282 989 2325; x_wconf 89' lang='lat' dir='ltr'>ex</span> <span class='ocrx_word' id='word_1_217' title='bbox 1008 2261 1164 2324; x_wconf 82' lang='lat' dir='ltr'>sententia</span> <span class='ocrx_word' id='word_1_218' title='bbox 1219 2261 1415 2343; x_wconf 87' lang='lat' dir='ltr'>expositione</span> <span class='ocrx_word' id='word_1_219' title='bbox 1439 2259 1548 2341; x_wconf 84' lang='lat' dir='ltr'>hymni</span> <span class='ocrx_word' id='word_1_220' title='bbox 1576 2260 1679 2341; x_wconf 83' lang='lat' dir='ltr'>patuit</span> <span class='ocrx_word' id='word_1_221' title='bbox 1702 2260 1911 2341; x_wconf 76' lang='lat' dir='ltr'>precedentis</span> <span class='ocrx_word' id='word_1_222' title='bbox 1935 2268 1968 2323; x_wconf 92' lang='grc' dir='ltr'>θῖ</span> <span class='ocrx_word' id='word_1_223' title='bbox 1981 2280 2073 2335; x_wconf 56' lang='lat' dir='ltr'>aex.</span> 
     </span>
    </p>

    <p class='ocr_par' dir='ltr' id='par_1_3' title="bbox 268 2357 2109 3227">
     <span class='ocr_line' id='line_1_20' title="bbox 268 2357 2109 2445; baseline -0.004 -19"><span class='ocrx_word' id='word_1_224' title='bbox 268 2378 309 2421; x_wconf 77' lang='lat'>1¹·-</span> <span class='ocrx_word' id='word_1_225' title='bbox 317 2378 401 2425; x_wconf 64' lang='grc' dir='ltr'>ωε.</span> <span class='ocrx_word' id='word_1_226' title='bbox 415 2363 538 2427; x_wconf 88' lang='lat' dir='ltr'>Christo</span> <span class='ocrx_word' id='word_1_227' title='bbox 559 2364 732 2445; x_wconf 84' lang='lat' dir='ltr'>psallemus</span> <span class='ocrx_word' id='word_1_228' title='bbox 750 2386 756 2423; x_wconf 95' lang='lat'><strong>:</strong></span> <span class='ocrx_word' id='word_1_229' title='bbox 773 2362 982 2425; x_wconf 88' lang='lat' dir='ltr'>Exsultabunt</span> <span class='ocrx_word' id='word_1_230' title='bbox 995 2359 1079 2422; x_wconf 84' lang='lat' dir='ltr'>labie</span> <span class='ocrx_word' id='word_1_231' title='bbox 1093 2377 1165 2421; x_wconf 89' lang='lat' dir='ltr'>mea</span> <span class='ocrx_word' id='word_1_232' title='bbox 1220 2360 1253 2420; x_wconf 94' lang='lat' dir='ltr'>in</span> <span class='ocrx_word' id='word_1_233' title='bbox 1274 2360 1381 2422; x_wconf 84' lang='lat' dir='ltr'>Exodo</span> <span class='ocrx_word' id='word_1_234' title='bbox 1402 2357 1522 2420; x_wconf 90' lang='lat' dir='ltr'>dilluse</span> <span class='ocrx_word' id='word_1_235' title='bbox 1542 2358 1744 2420; x_wconf 85' lang='lat' dir='ltr'>describitur.</span> <span class='ocrx_word' id='word_1_236' title='bbox 1980 2381 2060 2426; x_wconf 57' lang='lat' dir='ltr'>rme,</span> <span class='ocrx_word' id='word_1_237' title='bbox 2071 2396 2109 2424; x_wconf 63' lang='lat' dir='ltr'>m</span> 
     </span>
     <span class='ocr_line' id='line_1_21' title="bbox 416 2456 2056 2543; baseline -0.002 -20"><span class='ocrx_word' id='word_1_238' title='bbox 416 2480 514 2543; x_wconf 92' lang='lat' dir='ltr'>quum</span> <span class='ocrx_word' id='word_1_239' title='bbox 529 2464 699 2524; x_wconf 80' lang='lat' dir='ltr'>cantavero</span> <span class='ocrx_word' id='word_1_240' title='bbox 716 2460 786 2539; x_wconf 95' lang='lat' dir='ltr'>tibi,</span> <span class='ocrx_word' id='word_1_241' title='bbox 802 2467 835 2522; x_wconf 92' lang='lat' dir='ltr'>et</span> <span class='ocrx_word' id='word_1_242' title='bbox 849 2459 955 2521; x_wconf 82' lang='lat' dir='ltr'>anima</span> <span class='ocrx_word' id='word_1_243' title='bbox 970 2477 1051 2537; x_wconf 81' lang='lat' dir='ltr'>mea,</span> <span class='ocrx_word' id='word_1_244' title='bbox 1067 2476 1164 2539; x_wconf 87' lang='lat' dir='ltr'>quam</span> <span class='ocrx_word' id='word_1_245' title='bbox 1259 2461 1338 2519; x_wconf 84' lang='lat' dir='ltr'>Post</span> <span class='ocrx_word' id='word_1_246' title='bbox 1353 2477 1475 2534; x_wconf 65' lang='lat' dir='ltr'>aenum</span> <span class='ocrx_word' id='word_1_247' title='bbox 1495 2459 1652 2534; x_wconf 81' lang='lat' dir='ltr'>typicum,</span> <span class='ocrx_word' id='word_1_248' title='bbox 1668 2456 1699 2518; x_wconf 94' lang='lat' dir='ltr'>id</span> <span class='ocrx_word' id='word_1_249' title='bbox 1719 2464 1768 2519; x_wconf 93' lang='lat' dir='ltr'>est</span> <span class='ocrx_word' id='word_1_250' title='bbox 1785 2464 1858 2539; x_wconf 91' lang='lat' dir='ltr'>post</span> <span class='ocrx_word' id='word_1_251' title='bbox 1875 2476 1965 2520; x_wconf 91' lang='lat' dir='ltr'>esum</span> <span class='ocrx_word' id='word_1_252' title='bbox 2038 2466 2056 2520; x_wconf 85' lang='grc'>3</span> 
     </span>
     <span class='ocr_line' id='line_1_22' title="bbox 416 2553 1966 2638; baseline -0.003 -17"><span class='ocrx_word' id='word_1_253' title='bbox 416 2558 742 2638; x_wconf 88' lang='lat' dir='ltr'>redemisti,Domine.</span> <span class='ocrx_word' id='word_1_254' title='bbox 757 2556 834 2619; x_wconf 89' lang='lat' dir='ltr'>Nam</span> <span class='ocrx_word' id='word_1_255' title='bbox 850 2565 881 2619; x_wconf 91' lang='lat' dir='ltr'>et</span> <span class='ocrx_word' id='word_1_256' title='bbox 896 2556 1023 2637; x_wconf 83' lang='lat' dir='ltr'>signum</span> <span class='ocrx_word' id='word_1_257' title='bbox 1038 2554 1165 2617; x_wconf 92' lang='lat' dir='ltr'>virtutis</span> <span class='ocrx_word' id='word_1_258' title='bbox 1220 2554 1294 2635; x_wconf 80' lang='lat' dir='ltr'>egui</span> <span class='ocrx_word' id='word_1_259' title='bbox 1313 2553 1483 2636; x_wconf 82' lang='lat' dir='ltr'>paschalis,</span> <span class='ocrx_word' id='word_1_260' title='bbox 1499 2553 1553 2635; x_wconf 95' lang='lat' dir='ltr'>qui</span> <span class='ocrx_word' id='word_1_261' title='bbox 1578 2553 1639 2616; x_wconf 93' lang='lat' dir='ltr'>luit</span> <span class='ocrx_word' id='word_1_262' title='bbox 1662 2553 1767 2635; x_wconf 79' lang='lat' dir='ltr'>ligure</span> <span class='ocrx_word' id='word_1_263' title='bbox 1791 2574 1848 2616; x_wconf 92' lang='lat' dir='ltr'>seu</span> <span class='ocrx_word' id='word_1_264' title='bbox 1872 2563 1966 2637; x_wconf 85' lang='lat' dir='ltr'>typus</span> 
     </span>
     <span class='ocr_line' id='line_1_23' title="bbox 415 2651 1969 2739; baseline -0.003 -20"><span class='ocrx_word' id='word_1_265' title='bbox 415 2655 564 2739; x_wconf 82' lang='lat' dir='ltr'>perfecte</span> <span class='ocrx_word' id='word_1_266' title='bbox 583 2664 631 2719; x_wconf 91' lang='lat' dir='ltr'>est</span> <span class='ocrx_word' id='word_1_267' title='bbox 650 2654 817 2719; x_wconf 89' lang='lat' dir='ltr'>delectatio</span> <span class='ocrx_word' id='word_1_268' title='bbox 841 2654 925 2717; x_wconf 89' lang='lat' dir='ltr'>liens</span> <span class='ocrx_word' id='word_1_269' title='bbox 949 2654 983 2715; x_wconf 94' lang='lat' dir='ltr'>in</span> <span class='ocrx_word' id='word_1_270' title='bbox 1007 2671 1114 2735; x_wconf 88' lang='lat' dir='ltr'>opere,</span> <span class='ocrx_word' id='word_1_271' title='bbox 1131 2660 1166 2714; x_wconf 88' lang='lat' dir='ltr'>ut</span> <span class='ocrx_word' id='word_1_272' title='bbox 1220 2652 1346 2715; x_wconf 88' lang='lat' dir='ltr'>Domini</span> <span class='ocrx_word' id='word_1_273' title='bbox 1371 2651 1553 2730; x_wconf 86' lang='lat' dir='ltr'>Salvatoris,</span> <span class='ocrx_word' id='word_1_274' title='bbox 1572 2655 1710 2729; x_wconf 70' lang='lat' dir='ltr'>expietis</span> <span class='ocrx_word' id='word_1_275' title='bbox 1734 2654 1851 2729; x_wconf 84' lang='lat' dir='ltr'>epulis,</span> <span class='ocrx_word' id='word_1_276' title='bbox 1867 2652 1900 2716; x_wconf 92' lang='lat' dir='ltr'>id</span> <span class='ocrx_word' id='word_1_277' title='bbox 1920 2661 1969 2715; x_wconf 90' lang='grc' dir='ltr'>θεῖ</span> 
     </span>
     <span class='ocr_line' id='line_1_24' title="bbox 415 2748 1970 2835; baseline -0.003 -20"><span class='ocrx_word' id='word_1_278' title='bbox 415 2754 450 2815; x_wconf 92' lang='lat' dir='ltr'>in</span> <span class='ocrx_word' id='word_1_279' title='bbox 469 2753 592 2816; x_wconf 89' lang='lat' dir='ltr'>Ethicis</span> <span class='ocrx_word' id='word_1_280' title='bbox 613 2753 693 2816; x_wconf 94' lang='lat' dir='ltr'>dixit</span> <span class='ocrx_word' id='word_1_281' title='bbox 712 2752 932 2835; x_wconf 88' lang='lat' dir='ltr'>Philosophus.</span> <span class='ocrx_word' id='word_1_282' title='bbox 957 2755 1000 2813; x_wconf 80' lang='lat' dir='ltr'>Et</span> <span class='ocrx_word' id='word_1_283' title='bbox 1020 2772 1060 2810; x_wconf 74' lang='lat' dir='ltr'>ece</span> <span class='ocrx_word' id='word_1_284' title='bbox 1078 2771 1164 2827; x_wconf 79' lang='lat' dir='ltr'>proe-</span> <span class='ocrx_word' id='word_1_285' title='bbox 1220 2749 1355 2831; x_wconf 91' lang='lat' dir='ltr'>sumptis</span> <span class='ocrx_word' id='word_1_286' title='bbox 1374 2748 1504 2811; x_wconf 84' lang='lat' dir='ltr'>ferculis</span> <span class='ocrx_word' id='word_1_287' title='bbox 1525 2749 1558 2810; x_wconf 95' lang='lat' dir='ltr'>in</span> <span class='ocrx_word' id='word_1_288' title='bbox 1577 2750 1647 2831; x_wconf 80' lang='lat' dir='ltr'>lege</span> <span class='ocrx_word' id='word_1_289' title='bbox 1666 2750 1835 2829; x_wconf 91' lang='lat' dir='ltr'>mandatis,</span> <span class='ocrx_word' id='word_1_290' title='bbox 1851 2770 1970 2829; x_wconf 80' lang='lat' dir='ltr'>corpus</span> 
     </span>
     <span class='ocr_line' id='line_1_25' title="bbox 413 2849 1970 2924; baseline 0.001 -13"><span class='ocrx_word' id='word_1_291' title='bbox 413 2854 549 2921; x_wconf 88' lang='lat' dir='ltr'>cordiis,</span> <span class='ocrx_word' id='word_1_292' title='bbox 562 2851 594 2912; x_wconf 95' lang='lat' dir='ltr'>id</span> <span class='ocrx_word' id='word_1_293' title='bbox 614 2858 662 2913; x_wconf 90' lang='lat' dir='ltr'>est</span> <span class='ocrx_word' id='word_1_294' title='bbox 680 2850 801 2912; x_wconf 93' lang='lat' dir='ltr'>intimis</span> <span class='ocrx_word' id='word_1_295' title='bbox 820 2849 965 2913; x_wconf 89' lang='lat' dir='ltr'>cordium</span> <span class='ocrx_word' id='word_1_296' title='bbox 984 2856 1164 2912; x_wconf 91' lang='lat' dir='ltr'>nostrorum</span> <span class='ocrx_word' id='word_1_297' title='bbox 1220 2850 1418 2908; x_wconf 82' lang='lat' dir='ltr'>dominicum</span> <span class='ocrx_word' id='word_1_298' title='bbox 1434 2851 1548 2909; x_wconf 82' lang='lat' dir='ltr'>datum</span> <span class='ocrx_word' id='word_1_299' title='bbox 1563 2851 1747 2924; x_wconf 79' lang='lat' dir='ltr'>discipulis,</span> <span class='ocrx_word' id='word_1_300' title='bbox 1762 2849 1823 2912; x_wconf 89' lang='lat' dir='ltr'>hoc</span> <span class='ocrx_word' id='word_1_301' title='bbox 1842 2859 1891 2912; x_wconf 90' lang='lat' dir='ltr'>est</span> <span class='ocrx_word' id='word_1_302' title='bbox 1910 2849 1970 2912; x_wconf 90' lang='lat' dir='ltr'>sub</span> 
     </span>
     <span class='ocr_line' id='line_1_26' title="bbox 415 2945 1972 3030; baseline 0.001 -20"><span class='ocrx_word' id='word_1_303' title='bbox 415 2948 597 3029; x_wconf 81' lang='lat' dir='ltr'>aflectibus,</span> <span class='ocrx_word' id='word_1_304' title='bbox 613 2958 726 3009; x_wconf 79' lang='lat' dir='ltr'>sonent</span> <span class='ocrx_word' id='word_1_305' title='bbox 745 2947 778 3010; x_wconf 97' lang='lat' dir='ltr'>in</span> <span class='ocrx_word' id='word_1_306' title='bbox 799 2966 853 3011; x_wconf 91' lang='lat' dir='ltr'>ore</span> <span class='ocrx_word' id='word_1_307' title='bbox 875 2956 907 3011; x_wconf 89' lang='lat' dir='ltr'>et</span> <span class='ocrx_word' id='word_1_308' title='bbox 930 2948 1027 3011; x_wconf 90' lang='lat' dir='ltr'>choro</span> <span class='ocrx_word' id='word_1_309' title='bbox 1045 2966 1165 3024; x_wconf 79' lang='lat' dir='ltr'>praeeo·</span> <span class='ocrx_word' id='word_1_310' title='bbox 1184 2945 1205 3009; x_wconf 81' lang='lat' dir='ltr'>(l</span> <span class='ocrx_word' id='word_1_311' title='bbox 1221 2945 1327 3027; x_wconf 91' lang='lat' dir='ltr'>specie</span> <span class='ocrx_word' id='word_1_312' title='bbox 1351 2945 1443 3028; x_wconf 90' lang='lat' dir='ltr'>panis</span> <span class='ocrx_word' id='word_1_313' title='bbox 1470 2946 1647 3009; x_wconf 81' lang='lat' dir='ltr'>consecrati</span> <span class='ocrx_word' id='word_1_314' title='bbox 1672 2966 1691 3008; x_wconf 83' lang='lat' dir='ltr'><strong>a</strong></span> <span class='ocrx_word' id='word_1_315' title='bbox 1714 2946 1838 3011; x_wconf 86' lang='lat' dir='ltr'>Christo</span> <span class='ocrx_word' id='word_1_316' title='bbox 1861 2966 1972 3030; x_wconf 88' lang='lat' dir='ltr'>porre-</span> 
     </span>
     <span class='ocr_line' id='line_1_27' title="bbox 414 3044 1970 3128; baseline -0.001 -20"><span class='ocrx_word' id='word_1_317' title='bbox 414 3050 485 3118; x_wconf 76' lang='lat' dir='ltr'>nia,</span> <span class='ocrx_word' id='word_1_318' title='bbox 500 3047 533 3110; x_wconf 93' lang='lat' dir='ltr'>id</span> <span class='ocrx_word' id='word_1_319' title='bbox 553 3056 602 3110; x_wconf 90' lang='lat' dir='ltr'>est</span> <span class='ocrx_word' id='word_1_320' title='bbox 621 3047 731 3110; x_wconf 84' lang='lat' dir='ltr'>leudes</span> <span class='ocrx_word' id='word_1_321' title='bbox 750 3046 915 3125; x_wconf 85' lang='lat' dir='ltr'>Altissimi,</span> <span class='ocrx_word' id='word_1_322' title='bbox 931 3045 1115 3128; x_wconf 79' lang='lat' dir='ltr'>psalmodiae</span> <span class='ocrx_word' id='word_1_323' title='bbox 1133 3054 1166 3107; x_wconf 94' lang='lat' dir='ltr'>et</span> <span class='ocrx_word' id='word_1_324' title='bbox 1221 3052 1308 3106; x_wconf 88' lang='lat' dir='ltr'>ctum</span> <span class='ocrx_word' id='word_1_325' title='bbox 1322 3051 1354 3106; x_wconf 89' lang='lat' dir='ltr'>et</span> <span class='ocrx_word' id='word_1_326' title='bbox 1368 3045 1477 3107; x_wconf 93' lang='lat' dir='ltr'>datum</span> <span class='ocrx_word' id='word_1_327' title='bbox 1491 3044 1661 3126; x_wconf 85' lang='lat' dir='ltr'>Apostolis,</span> <span class='ocrx_word' id='word_1_328' title='bbox 1677 3048 1724 3105; x_wconf 88' lang='lat' dir='ltr'>sic</span> <span class='ocrx_word' id='word_1_329' title='bbox 1742 3055 1843 3107; x_wconf 85' lang='lat' dir='ltr'>totum</span> <span class='ocrx_word' id='word_1_330' title='bbox 1864 3048 1970 3107; x_wconf 83' lang='lat' dir='ltr'>omni·</span> 
     </span>
     <span class='ocr_line' id='line_1_28' title="bbox 414 3144 1972 3227; baseline 0 -21"><span class='ocrx_word' id='word_1_331' title='bbox 414 3145 525 3227; x_wconf 84' lang='lat' dir='ltr'>hymni</span> <span class='ocrx_word' id='word_1_332' title='bbox 545 3165 582 3208; x_wconf 81' lang='lat' dir='ltr'>ac</span> <span class='ocrx_word' id='word_1_333' title='bbox 601 3146 725 3209; x_wconf 82' lang='lat' dir='ltr'>cantica</span> <span class='ocrx_word' id='word_1_334' title='bbox 743 3145 844 3207; x_wconf 90' lang='lat' dir='ltr'>divini</span> <span class='ocrx_word' id='word_1_335' title='bbox 864 3144 983 3208; x_wconf 88' lang='lat' dir='ltr'>Ollicii.</span> <span class='ocrx_word' id='word_1_336' title='bbox 1222 3146 1280 3203; x_wconf 82' lang='lat' dir='ltr'>bus</span> <span class='ocrx_word' id='word_1_337' title='bbox 1304 3146 1391 3222; x_wconf 84' lang='lat' dir='ltr'>quod</span> <span class='ocrx_word' id='word_1_338' title='bbox 1415 3152 1517 3203; x_wconf 82' lang='lat' dir='ltr'>totum</span> <span class='ocrx_word' id='word_1_339' title='bbox 1545 3145 1698 3220; x_wconf 70' lang='lat' dir='ltr'>siliquiis,</span> <span class='ocrx_word' id='word_1_340' title='bbox 1722 3146 1795 3221; x_wconf 82' lang='lat' dir='ltr'>ejus</span> <span class='ocrx_word' id='word_1_341' title='bbox 1821 3147 1972 3221; x_wconf 79' lang='lat' dir='ltr'>fatemur</span> 
     </span>
    </p>

    <p class='ocr_par' dir='ltr' id='par_1_4' title="bbox 447 3239 1970 3325">
     <span class='ocr_line' id='line_1_29' title="bbox 447 3239 1970 3325; baseline 0 -20"><span class='ocrx_word' id='word_1_342' title='bbox 447 3242 616 3305; x_wconf 82' lang='lat' dir='ltr'>’Recedant</span> <span class='ocrx_word' id='word_1_343' title='bbox 627 3243 785 3313; x_wconf 84' lang='lat' dir='ltr'>vetera,id</span> <span class='ocrx_word' id='word_1_344' title='bbox 800 3250 848 3305; x_wconf 92' lang='lat' dir='ltr'>est</span> <span class='ocrx_word' id='word_1_345' title='bbox 862 3243 976 3324; x_wconf 77' lang='lat' dir='ltr'>legalia</span> <span class='ocrx_word' id='word_1_346' title='bbox 991 3261 1167 3305; x_wconf 81' lang='lat' dir='ltr'>sacramen·</span> <span class='ocrx_word' id='word_1_347' title='bbox 1220 3243 1372 3301; x_wconf 82' lang='lat' dir='ltr'>manibus</span> <span class='ocrx_word' id='word_1_348' title='bbox 1387 3262 1399 3300; x_wconf 90' lang='lat'>.·</span> <span class='ocrx_word' id='word_1_349' title='bbox 1414 3240 1446 3303; x_wconf 96' lang='lat' dir='ltr'>id</span> <span class='ocrx_word' id='word_1_350' title='bbox 1470 3249 1528 3319; x_wconf 91' lang='lat' dir='ltr'>est,</span> <span class='ocrx_word' id='word_1_351' title='bbox 1550 3239 1743 3303; x_wconf 81' lang='lat' dir='ltr'>confitemur</span> <span class='ocrx_word' id='word_1_352' title='bbox 1767 3242 1827 3306; x_wconf 92' lang='lat' dir='ltr'>hoe</span> <span class='ocrx_word' id='word_1_353' title='bbox 1852 3262 1970 3325; x_wconf 89' lang='lat' dir='ltr'>corpus</span> 
     </span>
    </p>

    <p class='ocr_par' dir='ltr' id='par_1_5' title="bbox 415 3337 1973 4403">
     <span class='ocr_line' id='line_1_30' title="bbox 415 3337 1969 3423; baseline 0 -19"><span class='ocrx_word' id='word_1_354' title='bbox 415 3349 458 3422; x_wconf 85' lang='lat' dir='ltr'>ta,</span> <span class='ocrx_word' id='word_1_355' title='bbox 475 3341 649 3423; x_wconf 77' lang='lat' dir='ltr'>presertim</span> <span class='ocrx_word' id='word_1_356' title='bbox 664 3341 741 3403; x_wconf 86' lang='lat' dir='ltr'>vitia</span> <span class='ocrx_word' id='word_1_357' title='bbox 756 3350 919 3420; x_wconf 89' lang='lat' dir='ltr'>consueta,</span> <span class='ocrx_word' id='word_1_358' title='bbox 938 3350 973 3403; x_wconf 88' lang='lat' dir='ltr'>ut</span> <span class='ocrx_word' id='word_1_359' title='bbox 992 3340 1119 3404; x_wconf 90' lang='lat' dir='ltr'>contriti</span> <span class='ocrx_word' id='word_1_360' title='bbox 1135 3348 1167 3403; x_wconf 90' lang='lat' dir='ltr'>et</span> <span class='ocrx_word' id='word_1_361' title='bbox 1221 3339 1328 3400; x_wconf 90' lang='lat' dir='ltr'>datum</span> <span class='ocrx_word' id='word_1_362' title='bbox 1348 3361 1366 3398; x_wconf 82' lang='lat' dir='ltr'>u</span> <span class='ocrx_word' id='word_1_363' title='bbox 1386 3337 1532 3400; x_wconf 90' lang='lat' dir='ltr'>manibus</span> <span class='ocrx_word' id='word_1_364' title='bbox 1551 3338 1667 3419; x_wconf 85' lang='lat' dir='ltr'>ejus»,</span> <span class='ocrx_word' id='word_1_365' title='bbox 1683 3338 1715 3400; x_wconf 93' lang='lat' dir='ltr'>id</span> <span class='ocrx_word' id='word_1_366' title='bbox 1739 3347 1788 3402; x_wconf 94' lang='lat' dir='ltr'>est</span> <span class='ocrx_word' id='word_1_367' title='bbox 1810 3341 1969 3423; x_wconf 83' lang='lat' dir='ltr'>corporali</span> 
     </span>
     <span class='ocr_line' id='line_1_31' title="bbox 416 3435 1971 3521; baseline 0.001 -19"><span class='ocrx_word' id='word_1_368' title='bbox 416 3438 572 3518; x_wconf 79' lang='lat' dir='ltr'>confessi,</span> <span class='ocrx_word' id='word_1_369' title='bbox 583 3438 767 3502; x_wconf 88' lang='lat' dir='ltr'>intersimus</span> <span class='ocrx_word' id='word_1_370' title='bbox 781 3439 832 3501; x_wconf 91' lang='lat' dir='ltr'>his</span> <span class='ocrx_word' id='word_1_371' title='bbox 847 3438 937 3501; x_wconf 84' lang='lat' dir='ltr'>sestis</span> <span class='ocrx_word' id='word_1_372' title='bbox 958 3437 1167 3520; x_wconf 84' lang='lat' dir='ltr'>spiritualiter</span> <span class='ocrx_word' id='word_1_373' title='bbox 1221 3436 1348 3498; x_wconf 88' lang='lat' dir='ltr'>dextera</span> <span class='ocrx_word' id='word_1_374' title='bbox 1371 3435 1484 3498; x_wconf 81' lang='lat' dir='ltr'>Christi</span> <span class='ocrx_word' id='word_1_375' title='bbox 1504 3444 1536 3499; x_wconf 93' lang='lat' dir='ltr'>et</span> <span class='ocrx_word' id='word_1_376' title='bbox 1555 3436 1713 3518; x_wconf 91' lang='lat' dir='ltr'>spirituali</span> <span class='ocrx_word' id='word_1_377' title='bbox 1733 3457 1841 3519; x_wconf 90' lang='lat' dir='ltr'>manu,</span> <span class='ocrx_word' id='word_1_378' title='bbox 1858 3447 1971 3521; x_wconf 89' lang='lat' dir='ltr'>utputa</span> 
     </span>
     <span class='ocr_line' id='line_1_32' title="bbox 416 3534 1969 3617; baseline 0.001 -18"><span class='ocrx_word' id='word_1_379' title='bbox 416 3536 569 3600; x_wconf 83' lang='lat' dir='ltr'>renovati.</span> <span class='ocrx_word' id='word_1_380' title='bbox 595 3537 682 3599; x_wconf 94' lang='lat' dir='ltr'>Unde</span> <span class='ocrx_word' id='word_1_381' title='bbox 712 3535 917 3617; x_wconf 81' lang='lat' dir='ltr'>subjungitur</span> <span class='ocrx_word' id='word_1_382' title='bbox 943 3558 949 3597; x_wconf 93' lang='lat'><strong>:</strong></span> <span class='ocrx_word' id='word_1_383' title='bbox 976 3538 1069 3599; x_wconf 85' lang='lat' dir='ltr'>Nova</span> <span class='ocrx_word' id='word_1_384' title='bbox 1098 3539 1166 3597; x_wconf 86' lang='lat' dir='ltr'>sint</span> <span class='ocrx_word' id='word_1_385' title='bbox 1221 3541 1374 3615; x_wconf 89' lang='lat' dir='ltr'>potestate</span> <span class='ocrx_word' id='word_1_386' title='bbox 1389 3534 1500 3617; x_wconf 92' lang='lat' dir='ltr'>ipsius,</span> <span class='ocrx_word' id='word_1_387' title='bbox 1509 3534 1575 3596; x_wconf 93' lang='lat' dir='ltr'>suis</span> <span class='ocrx_word' id='word_1_388' title='bbox 1589 3536 1790 3617; x_wconf 84' lang='lat' dir='ltr'>Apostolis,«</span> <span class='ocrx_word' id='word_1_389' title='bbox 1805 3537 1852 3600; x_wconf 89' lang='lat' dir='ltr'>sio</span> <span class='ocrx_word' id='word_1_390' title='bbox 1866 3546 1969 3601; x_wconf 89' lang='lat' dir='ltr'>totum</span> 
     </span>
     <span class='ocr_line' id='line_1_33' title="bbox 415 3632 1969 3717; baseline 0.003 -23"><span class='ocrx_word' id='word_1_391' title='bbox 415 3636 537 3705; x_wconf 79' lang='lat' dir='ltr'>omnia,</span> <span class='ocrx_word' id='word_1_392' title='bbox 558 3634 591 3696; x_wconf 93' lang='lat' dir='ltr'>id</span> <span class='ocrx_word' id='word_1_393' title='bbox 616 3643 665 3697; x_wconf 91' lang='lat' dir='ltr'>est</span> <span class='ocrx_word' id='word_1_394' title='bbox 687 3634 809 3697; x_wconf 90' lang='lat' dir='ltr'>recenti</span> <span class='ocrx_word' id='word_1_395' title='bbox 834 3632 1003 3696; x_wconf 89' lang='lat' dir='ltr'>devotione</span> <span class='ocrx_word' id='word_1_396' title='bbox 1025 3632 1165 3715; x_wconf 90' lang='lat' dir='ltr'>perlusa,</span> <span class='ocrx_word' id='word_1_397' title='bbox 1222 3632 1371 3695; x_wconf 93' lang='lat' dir='ltr'>omnibus</span> <span class='ocrx_word' id='word_1_398' title='bbox 1406 3654 1434 3712; x_wconf 89' lang='lat'>»,</span> <span class='ocrx_word' id='word_1_399' title='bbox 1464 3632 1496 3694; x_wconf 95' lang='lat' dir='ltr'>id</span> <span class='ocrx_word' id='word_1_400' title='bbox 1530 3640 1579 3695; x_wconf 91' lang='lat' dir='ltr'>est</span> <span class='ocrx_word' id='word_1_401' title='bbox 1611 3633 1771 3714; x_wconf 81' lang='lat' dir='ltr'>integmm</span> <span class='ocrx_word' id='word_1_402' title='bbox 1798 3634 1969 3717; x_wconf 84' lang='lat' dir='ltr'>universis,</span> 
     </span>
     <span class='ocr_line' id='line_1_34' title="bbox 416 3730 1971 3815; baseline 0.001 -21"><span class='ocrx_word' id='word_1_403' title='bbox 416 3732 509 3795; x_wconf 90' lang='lat' dir='ltr'>donis</span> <span class='ocrx_word' id='word_1_404' title='bbox 529 3752 586 3795; x_wconf 92' lang='lat' dir='ltr'>seu</span> <span class='ocrx_word' id='word_1_405' title='bbox 605 3731 802 3815; x_wconf 81' lang='lat' dir='ltr'>profectibus</span> <span class='ocrx_word' id='word_1_406' title='bbox 824 3731 932 3813; x_wconf 81' lang='lat' dir='ltr'>gratie</span> <span class='ocrx_word' id='word_1_407' title='bbox 951 3749 988 3793; x_wconf 84' lang='lat' dir='ltr'>ec</span> <span class='ocrx_word' id='word_1_408' title='bbox 1013 3730 1167 3793; x_wconf 89' lang='lat' dir='ltr'>virtutum</span> <span class='ocrx_word' id='word_1_409' title='bbox 1223 3753 1241 3790; x_wconf 78' lang='lat' dir='ltr'>a</span> <span class='ocrx_word' id='word_1_410' title='bbox 1257 3730 1340 3811; x_wconf 95' lang='lat' dir='ltr'>quod</span> <span class='ocrx_word' id='word_1_411' title='bbox 1355 3738 1455 3793; x_wconf 88' lang='lat' dir='ltr'>totum</span> <span class='ocrx_word' id='word_1_412' title='bbox 1470 3730 1606 3811; x_wconf 78' lang='lat' dir='ltr'>singulis</span> <span class='ocrx_word' id='word_1_413' title='bbox 1622 3753 1651 3811; x_wconf 81' lang='lat' dir='ltr'>a,</span> <span class='ocrx_word' id='word_1_414' title='bbox 1668 3732 1700 3793; x_wconf 94' lang='lat' dir='ltr'>id</span> <span class='ocrx_word' id='word_1_415' title='bbox 1715 3739 1774 3811; x_wconf 91' lang='lat' dir='ltr'>est,</span> <span class='ocrx_word' id='word_1_416' title='bbox 1785 3734 1868 3814; x_wconf 95' lang='lat' dir='ltr'>quod</span> <span class='ocrx_word' id='word_1_417' title='bbox 1884 3734 1971 3796; x_wconf 88' lang='lat' dir='ltr'>idem</span> 
     </span>
     <span class='ocr_line' id='line_1_35' title="bbox 418 3828 1972 3912; baseline 0.001 -18"><span class='ocrx_word' id='word_1_418' title='bbox 418 3839 529 3894; x_wconf 83' lang='lat' dir='ltr'>ornate</span> <span class='ocrx_word' id='word_1_419' title='bbox 551 3854 557 3892; x_wconf 95' lang='lat'><strong>:</strong></span> <span class='ocrx_word' id='word_1_420' title='bbox 579 3830 700 3909; x_wconf 82' lang='lat' dir='ltr'>omnia,</span> <span class='ocrx_word' id='word_1_421' title='bbox 721 3829 863 3911; x_wconf 83' lang='lat' dir='ltr'>inquam,</span> <span class='ocrx_word' id='word_1_422' title='bbox 891 3829 930 3891; x_wconf 93' lang='lat' dir='ltr'>de</span> <span class='ocrx_word' id='word_1_423' title='bbox 956 3829 1071 3910; x_wconf 89' lang='lat' dir='ltr'>quibus</span> <span class='ocrx_word' id='word_1_424' title='bbox 1096 3848 1170 3893; x_wconf 89' lang='lat' dir='ltr'>mox</span> <span class='ocrx_word' id='word_1_425' title='bbox 1223 3847 1357 3892; x_wconf 89' lang='lat' dir='ltr'>numero</span> <span class='ocrx_word' id='word_1_426' title='bbox 1376 3847 1491 3910; x_wconf 90' lang='lat' dir='ltr'>corpus</span> <span class='ocrx_word' id='word_1_427' title='bbox 1510 3830 1618 3890; x_wconf 83' lang='lat' dir='ltr'>datum</span> <span class='ocrx_word' id='word_1_428' title='bbox 1639 3828 1699 3892; x_wconf 89' lang='lat' dir='ltr'>luit</span> <span class='ocrx_word' id='word_1_429' title='bbox 1724 3829 1896 3912; x_wconf 92' lang='lat' dir='ltr'>unicuique</span> <span class='ocrx_word' id='word_1_430' title='bbox 1917 3851 1972 3895; x_wconf 93' lang='lat' dir='ltr'>eo-</span> 
     </span>
     <span class='ocr_line' id='line_1_36' title="bbox 420 3926 1972 4009; baseline 0.002 -20"><span class='ocrx_word' id='word_1_431' title='bbox 420 3928 577 4008; x_wconf 91' lang='lat' dir='ltr'>subditur,</span> <span class='ocrx_word' id='word_1_432' title='bbox 592 3932 705 3998; x_wconf 84' lang='lat' dir='ltr'>corda,</span> <span class='ocrx_word' id='word_1_433' title='bbox 726 3948 826 3999; x_wconf 84' lang='lat' dir='ltr'>voees,</span> <span class='ocrx_word' id='word_1_434' title='bbox 848 3937 878 3987; x_wconf 88' lang='lat' dir='ltr'>et</span> <span class='ocrx_word' id='word_1_435' title='bbox 901 3946 1011 4003; x_wconf 83' lang='lat' dir='ltr'>opera,</span> <span class='ocrx_word' id='word_1_436' title='bbox 1026 3928 1087 3991; x_wconf 92' lang='lat' dir='ltr'>hoc</span> <span class='ocrx_word' id='word_1_437' title='bbox 1109 3937 1167 4008; x_wconf 90' lang='grc' dir='ltr'>θεῖ,</span> <span class='ocrx_word' id='word_1_438' title='bbox 1225 3926 1369 3987; x_wconf 80' lang='lat' dir='ltr'>cumdem</span> <span class='ocrx_word' id='word_1_439' title='bbox 1393 3933 1494 3989; x_wconf 90' lang='lat' dir='ltr'>totum</span> <span class='ocrx_word' id='word_1_440' title='bbox 1519 3934 1550 3988; x_wconf 91' lang='lat' dir='ltr'>et</span> <span class='ocrx_word' id='word_1_441' title='bbox 1573 3926 1744 4007; x_wconf 80' lang='lat' dir='ltr'>integrum,</span> <span class='ocrx_word' id='word_1_442' title='bbox 1765 3930 1972 4009; x_wconf 83' lang='lat' dir='ltr'>quemadmo-</span> 
     </span>
     <span class='ocr_line' id='line_1_37' title="bbox 418 4023 1973 4107; baseline 0.001 -19"><span class='ocrx_word' id='word_1_443' title='bbox 418 4026 499 4089; x_wconf 89' lang='lat' dir='ltr'>ratio</span> <span class='ocrx_word' id='word_1_444' title='bbox 523 4034 555 4088; x_wconf 89' lang='lat' dir='ltr'>et</span> <span class='ocrx_word' id='word_1_445' title='bbox 579 4025 738 4103; x_wconf 83' lang='lat' dir='ltr'>voluntas,</span> <span class='ocrx_word' id='word_1_446' title='bbox 760 4024 858 4086; x_wconf 91' lang='lat' dir='ltr'>verba</span> <span class='ocrx_word' id='word_1_447' title='bbox 882 4032 913 4086; x_wconf 94' lang='lat' dir='ltr'>et</span> <span class='ocrx_word' id='word_1_448' title='bbox 934 4025 1068 4105; x_wconf 83' lang='lat' dir='ltr'>cantica,</span> <span class='ocrx_word' id='word_1_449' title='bbox 1087 4036 1171 4089; x_wconf 89' lang='lat' dir='ltr'>exte·</span> <span class='ocrx_word' id='word_1_450' title='bbox 1225 4025 1301 4086; x_wconf 92' lang='lat' dir='ltr'>dum</span> <span class='ocrx_word' id='word_1_451' title='bbox 1316 4032 1347 4086; x_wconf 93' lang='lat' dir='ltr'>et</span> <span class='ocrx_word' id='word_1_452' title='bbox 1361 4023 1394 4085; x_wconf 95' lang='lat' dir='ltr'>in</span> <span class='ocrx_word' id='word_1_453' title='bbox 1408 4043 1491 4105; x_wconf 89' lang='lat' dir='ltr'>pane</span> <span class='ocrx_word' id='word_1_454' title='bbox 1506 4023 1561 4086; x_wconf 94' lang='lat' dir='ltr'>illo</span> <span class='ocrx_word' id='word_1_455' title='bbox 1576 4042 1639 4087; x_wconf 89' lang='lat' dir='ltr'>uno</span> <span class='ocrx_word' id='word_1_456' title='bbox 1658 4043 1696 4086; x_wconf 82' lang='lat' dir='ltr'>ac</span> <span class='ocrx_word' id='word_1_457' title='bbox 1715 4025 1839 4107; x_wconf 81' lang='lat' dir='ltr'>integm</span> <span class='ocrx_word' id='word_1_458' title='bbox 1859 4046 1973 4091; x_wconf 89' lang='lat' dir='ltr'>conse-</span> 
     </span>
     <span class='ocr_line' id='line_1_38' title="bbox 420 4121 1970 4206; baseline 0.002 -22"><span class='ocrx_word' id='word_1_459' title='bbox 420 4122 584 4203; x_wconf 88' lang='lat' dir='ltr'>rioresque</span> <span class='ocrx_word' id='word_1_460' title='bbox 604 4128 704 4200; x_wconf 82' lang='lat' dir='ltr'>actus,</span> <span class='ocrx_word' id='word_1_461' title='bbox 726 4140 766 4183; x_wconf 92' lang='lat' dir='ltr'>ne</span> <span class='ocrx_word' id='word_1_462' title='bbox 785 4121 976 4183; x_wconf 89' lang='lat' dir='ltr'>meditemur</span> <span class='ocrx_word' id='word_1_463' title='bbox 995 4121 1112 4201; x_wconf 83' lang='lat' dir='ltr'>inania,</span> <span class='ocrx_word' id='word_1_464' title='bbox 1128 4141 1169 4185; x_wconf 91' lang='lat' dir='ltr'>nc</span> <span class='ocrx_word' id='word_1_465' title='bbox 1185 4128 1210 4189; x_wconf 87' lang='lat' dir='ltr'>D</span> <span class='ocrx_word' id='word_1_466' title='bbox 1224 4131 1311 4185; x_wconf 88' lang='lat' dir='ltr'>creto</span> <span class='ocrx_word' id='word_1_467' title='bbox 1335 4142 1354 4184; x_wconf 83' lang='lat' dir='ltr'><strong>a</strong></span> <span class='ocrx_word' id='word_1_468' title='bbox 1376 4121 1499 4185; x_wconf 81' lang='lat' dir='ltr'>Christo</span> <span class='ocrx_word' id='word_1_469' title='bbox 1523 4140 1640 4204; x_wconf 88' lang='lat' dir='ltr'>corpus</span> <span class='ocrx_word' id='word_1_470' title='bbox 1667 4122 1783 4185; x_wconf 83' lang='lat' dir='ltr'>Christi</span> <span class='ocrx_word' id='word_1_471' title='bbox 1809 4124 1970 4206; x_wconf 77' lang='lat' dir='ltr'>integrum</span> 
     </span>
     <span class='ocr_line' id='line_1_39' title="bbox 420 4218 1970 4303; baseline 0.001 -20"><span class='ocrx_word' id='word_1_472' title='bbox 420 4220 588 4302; x_wconf 86' lang='lat' dir='ltr'>cupiamus</span> <span class='ocrx_word' id='word_1_473' title='bbox 603 4218 728 4299; x_wconf 91' lang='lat' dir='ltr'>illicita,</span> <span class='ocrx_word' id='word_1_474' title='bbox 740 4238 780 4281; x_wconf 92' lang='lat' dir='ltr'>ne</span> <span class='ocrx_word' id='word_1_475' title='bbox 795 4219 945 4301; x_wconf 91' lang='lat' dir='ltr'>deinceps</span> <span class='ocrx_word' id='word_1_476' title='bbox 960 4220 1124 4283; x_wconf 84' lang='lat' dir='ltr'>secularia</span> <span class='ocrx_word' id='word_1_477' title='bbox 1137 4229 1169 4283; x_wconf 91' lang='lat' dir='ltr'>et</span> <span class='ocrx_word' id='word_1_478' title='bbox 1224 4219 1285 4282; x_wconf 93' lang='lat' dir='ltr'>luit</span> <span class='ocrx_word' id='word_1_479' title='bbox 1304 4228 1335 4282; x_wconf 92' lang='lat' dir='ltr'>et</span> <span class='ocrx_word' id='word_1_480' title='bbox 1352 4227 1465 4299; x_wconf 91' lang='lat' dir='ltr'>totum,</span> <span class='ocrx_word' id='word_1_481' title='bbox 1481 4227 1575 4301; x_wconf 87' lang='lat' dir='ltr'>atque</span> <span class='ocrx_word' id='word_1_482' title='bbox 1600 4220 1746 4283; x_wconf 89' lang='lat' dir='ltr'>similiter</span> <span class='ocrx_word' id='word_1_483' title='bbox 1769 4222 1803 4283; x_wconf 92' lang='lat' dir='ltr'>in</span> <span class='ocrx_word' id='word_1_484' title='bbox 1827 4224 1970 4303; x_wconf 89' lang='lat' dir='ltr'>qualibet</span> 
     </span>
     <span class='ocr_line' id='line_1_40' title="bbox 420 4317 1972 4403; baseline 0.001 -22"><span class='ocrx_word' id='word_1_485' title='bbox 420 4317 575 4381; x_wconf 86' lang='lat' dir='ltr'>amatorie</span> <span class='ocrx_word' id='word_1_486' title='bbox 604 4336 661 4379; x_wconf 92' lang='lat' dir='ltr'>seu</span> <span class='ocrx_word' id='word_1_487' title='bbox 686 4317 806 4379; x_wconf 90' lang='lat' dir='ltr'>lasciva</span> <span class='ocrx_word' id='word_1_488' title='bbox 833 4318 974 4380; x_wconf 87' lang='lat' dir='ltr'>carmina</span> <span class='ocrx_word' id='word_1_489' title='bbox 998 4337 1169 4401; x_wconf 85' lang='lat' dir='ltr'>concrepe-</span> <span class='ocrx_word' id='word_1_490' title='bbox 1223 4317 1315 4400; x_wconf 91' lang='lat' dir='ltr'>pauis</span> <span class='ocrx_word' id='word_1_491' title='bbox 1334 4318 1420 4379; x_wconf 95' lang='lat' dir='ltr'>illius</span> <span class='ocrx_word' id='word_1_492' title='bbox 1444 4318 1608 4399; x_wconf 83' lang='lat' dir='ltr'>particula.</span> <span class='ocrx_word' id='word_1_493' title='bbox 1625 4317 1745 4401; x_wconf 92' lang='lat' dir='ltr'>Nempe</span> <span class='ocrx_word' id='word_1_494' title='bbox 1768 4319 1837 4383; x_wconf 86' lang='lat' dir='ltr'>hec</span> <span class='ocrx_word' id='word_1_495' title='bbox 1860 4340 1972 4403; x_wconf 91' lang='lat' dir='ltr'>super-</span> 
     </span>
    </p>

    <p class='ocr_par' dir='ltr' id='par_1_6' title="bbox 280 4415 1973 4501">
     <span class='ocr_line' id='line_1_41' title="bbox 280 4415 1973 4501; baseline 0.001 -20"><span class='ocrx_word' id='word_1_496' title='bbox 280 4436 367 4493; x_wconf 69' lang='lat' dir='ltr'>mae.</span> <span class='ocrx_word' id='word_1_497' title='bbox 377 4447 406 4485; x_wconf 72' lang='lat' dir='ltr'>w,</span> <span class='ocrx_word' id='word_1_498' title='bbox 421 4436 505 4495; x_wconf 89' lang='lat' dir='ltr'>mus,</span> <span class='ocrx_word' id='word_1_499' title='bbox 522 4435 581 4478; x_wconf 90' lang='lat' dir='ltr'>nce</span> <span class='ocrx_word' id='word_1_500' title='bbox 597 4415 681 4478; x_wconf 93' lang='lat' dir='ltr'>ullus</span> <span class='ocrx_word' id='word_1_501' title='bbox 695 4433 799 4478; x_wconf 92' lang='lat' dir='ltr'>sermo</span> <span class='ocrx_word' id='word_1_502' title='bbox 813 4416 916 4477; x_wconf 82' lang='lat' dir='ltr'>malus</span> <span class='ocrx_word' id='word_1_503' title='bbox 935 4435 973 4478; x_wconf 86' lang='lat' dir='ltr'>ex</span> <span class='ocrx_word' id='word_1_504' title='bbox 991 4434 1045 4479; x_wconf 90' lang='lat' dir='ltr'>ore</span> <span class='ocrx_word' id='word_1_505' title='bbox 1060 4425 1168 4480; x_wconf 90' lang='lat' dir='ltr'>nostro</span> <span class='ocrx_word' id='word_1_506' title='bbox 1224 4416 1376 4479; x_wconf 83' lang='lat' dir='ltr'>naturalis</span> <span class='ocrx_word' id='word_1_507' title='bbox 1391 4417 1699 4481; x_wconf 87' lang='lat' dir='ltr'>transsubstantiatio</span> <span class='ocrx_word' id='word_1_508' title='bbox 1714 4418 1846 4501; x_wconf 88' lang='lat' dir='ltr'>respicit</span> <span class='ocrx_word' id='word_1_509' title='bbox 1859 4419 1973 4483; x_wconf 89' lang='lat' dir='ltr'>imme-</span> 
     </span>
    </p>

    <p class='ocr_par' dir='ltr' id='par_1_7' title="bbox 277 4504 1972 4599">
     <span class='ocr_line' id='line_1_42' title="bbox 277 4504 1972 4599; baseline 0.001 -21"><span class='ocrx_word' id='word_1_510' title='bbox 277 4504 311 4543; x_wconf 73' lang='lat'>²⁹·</span> <span class='ocrx_word' id='word_1_511' title='bbox 421 4515 584 4598; x_wconf 90' lang='lat' dir='ltr'>procedat,</span> <span class='ocrx_word' id='word_1_512' title='bbox 601 4515 656 4576; x_wconf 92' lang='lat' dir='ltr'>sed</span> <span class='ocrx_word' id='word_1_513' title='bbox 676 4514 729 4595; x_wconf 95' lang='lat' dir='ltr'>qui</span> <span class='ocrx_word' id='word_1_514' title='bbox 754 4514 841 4576; x_wconf 92' lang='lat' dir='ltr'>utilis</span> <span class='ocrx_word' id='word_1_515' title='bbox 861 4522 909 4576; x_wconf 91' lang='lat' dir='ltr'>est</span> <span class='ocrx_word' id='word_1_516' title='bbox 928 4515 965 4577; x_wconf 86' lang='lat' dir='ltr'>ed</span> <span class='ocrx_word' id='word_1_517' title='bbox 985 4514 1170 4579; x_wconf 63' lang='lat' dir='ltr'>edificatis</span> <span class='ocrx_word' id='word_1_518' title='bbox 1224 4515 1308 4577; x_wconf 85' lang='lat' dir='ltr'>dieto</span> <span class='ocrx_word' id='word_1_519' title='bbox 1329 4513 1537 4577; x_wconf 85' lang='lat' dir='ltr'>substantiam</span> <span class='ocrx_word' id='word_1_520' title='bbox 1556 4514 1648 4596; x_wconf 86' lang='lat' dir='ltr'>penis</span> <span class='ocrx_word' id='word_1_521' title='bbox 1671 4524 1703 4577; x_wconf 93' lang='lat' dir='ltr'>et</span> <span class='ocrx_word' id='word_1_522' title='bbox 1727 4515 1794 4578; x_wconf 91' lang='lat' dir='ltr'>vini</span> <span class='ocrx_word' id='word_1_523' title='bbox 1819 4524 1972 4599; x_wconf 91' lang='lat' dir='ltr'>tanquam</span> 
     </span>
    </p>

    <p class='ocr_par' dir='ltr' id='par_1_8' title="bbox 288 4611 1972 4697">
     <span class='ocr_line' id='line_1_43' title="bbox 288 4611 1972 4697; baseline 0.005 -26"><span class='ocrx_word' id='word_1_524' title='bbox 288 4629 366 4673; x_wconf 63' lang='lat' dir='ltr'>treis.</span> <span class='ocrx_word' id='word_1_525' title='bbox 377 4641 407 4679; x_wconf 73' lang='lat' dir='ltr'>w.</span> <span class='ocrx_word' id='word_1_526' title='bbox 421 4632 509 4691; x_wconf 89' lang='lat' dir='ltr'>nem,</span> <span class='ocrx_word' id='word_1_527' title='bbox 526 4620 560 4673; x_wconf 91' lang='lat' dir='ltr'>ut</span> <span class='ocrx_word' id='word_1_528' title='bbox 578 4612 632 4674; x_wconf 90' lang='lat' dir='ltr'>det</span> <span class='ocrx_word' id='word_1_529' title='bbox 651 4611 785 4693; x_wconf 81' lang='lat' dir='ltr'>gretiam</span> <span class='ocrx_word' id='word_1_530' title='bbox 810 4612 950 4676; x_wconf 83' lang='lat' dir='ltr'>audienti</span> <span class='ocrx_word' id='word_1_531' title='bbox 965 4637 972 4691; x_wconf 88' lang='lat'>;</span> <span class='ocrx_word' id='word_1_532' title='bbox 989 4622 1022 4675; x_wconf 89' lang='lat' dir='ltr'>et</span> <span class='ocrx_word' id='word_1_533' title='bbox 1045 4614 1071 4675; x_wconf 94' lang='lat' dir='ltr'>si</span> <span class='ocrx_word' id='word_1_534' title='bbox 1097 4614 1169 4694; x_wconf 91' lang='lat' dir='ltr'>quis</span> <span class='ocrx_word' id='word_1_535' title='bbox 1223 4614 1351 4676; x_wconf 87' lang='lat' dir='ltr'>termini</span> <span class='ocrx_word' id='word_1_536' title='bbox 1366 4633 1385 4675; x_wconf 83' lang='lat' dir='ltr'><strong>a</strong></span> <span class='ocrx_word' id='word_1_537' title='bbox 1406 4630 1480 4694; x_wconf 93' lang='lat' dir='ltr'>quo,</span> <span class='ocrx_word' id='word_1_538' title='bbox 1495 4621 1590 4694; x_wconf 92' lang='lat' dir='ltr'>atque</span> <span class='ocrx_word' id='word_1_539' title='bbox 1605 4614 1812 4677; x_wconf 84' lang='lat' dir='ltr'>substantiam</span> <span class='ocrx_word' id='word_1_540' title='bbox 1828 4616 1972 4697; x_wconf 89' lang='lat' dir='ltr'>corporis</span> 
     </span>
    </p>

    <p class='ocr_par' dir='ltr' id='par_1_9' title="bbox 276 4696 1972 4893">
     <span class='ocr_line' id='line_1_44' title="bbox 276 4696 1972 4793; baseline 0.002 -21"><span class='ocrx_word' id='word_1_541' title='bbox 276 4696 308 4735; x_wconf 85' lang='lat'>¹¹·</span> <span class='ocrx_word' id='word_1_542' title='bbox 422 4710 575 4791; x_wconf 91' lang='lat' dir='ltr'>loquitur,</span> <span class='ocrx_word' id='word_1_543' title='bbox 592 4708 681 4791; x_wconf 89' lang='lat' dir='ltr'>quasi</span> <span class='ocrx_word' id='word_1_544' title='bbox 701 4728 862 4773; x_wconf 89' lang='lat' dir='ltr'>sermones</span> <span class='ocrx_word' id='word_1_545' title='bbox 881 4710 958 4788; x_wconf 72' lang='lat' dir='ltr'>Dei,</span> <span class='ocrx_word' id='word_1_546' title='bbox 975 4730 1034 4774; x_wconf 91' lang='lat' dir='ltr'>nec</span> <span class='ocrx_word' id='word_1_547' title='bbox 1054 4710 1170 4775; x_wconf 78' lang='lat' dir='ltr'>sitne</span> <span class='ocrx_word' id='word_1_548' title='bbox 1225 4731 1261 4774; x_wconf 91' lang='lat' dir='ltr'>ac</span> <span class='ocrx_word' id='word_1_549' title='bbox 1281 4711 1445 4792; x_wconf 79' lang='lat' dir='ltr'>sanguinis</span> <span class='ocrx_word' id='word_1_550' title='bbox 1468 4711 1582 4773; x_wconf 81' lang='lat' dir='ltr'>Christi</span> <span class='ocrx_word' id='word_1_551' title='bbox 1607 4720 1757 4793; x_wconf 83' lang='lat' dir='ltr'>tanquam</span> <span class='ocrx_word' id='word_1_552' title='bbox 1781 4714 1910 4775; x_wconf 89' lang='lat' dir='ltr'>termini</span> <span class='ocrx_word' id='word_1_553' title='bbox 1930 4716 1972 4777; x_wconf 90' lang='lat' dir='ltr'>ad</span> 
     </span>
     <span class='ocr_line' id='line_1_45' title="bbox 423 4807 1972 4893; baseline 0.003 -22"><span class='ocrx_word' id='word_1_554' title='bbox 423 4816 523 4871; x_wconf 87' lang='lat' dir='ltr'>strum</span> <span class='ocrx_word' id='word_1_555' title='bbox 549 4807 744 4889; x_wconf 89' lang='lat' dir='ltr'>colloquium</span> <span class='ocrx_word' id='word_1_556' title='bbox 764 4808 996 4891; x_wconf 80' lang='lat' dir='ltr'>maliloquium,</span> <span class='ocrx_word' id='word_1_557' title='bbox 1013 4818 1119 4890; x_wconf 84' lang='lat' dir='ltr'>etque,</span> <span class='ocrx_word' id='word_1_558' title='bbox 1135 4818 1170 4871; x_wconf 96' lang='lat' dir='ltr'>ut</span> <span class='ocrx_word' id='word_1_559' title='bbox 1224 4829 1330 4890; x_wconf 89' lang='lat' dir='ltr'>quem.</span> <span class='ocrx_word' id='word_1_560' title='bbox 1356 4809 1441 4888; x_wconf 87' lang='lat' dir='ltr'>ldeo,</span> <span class='ocrx_word' id='word_1_561' title='bbox 1462 4808 1545 4871; x_wconf 93' lang='lat' dir='ltr'>sicut</span> <span class='ocrx_word' id='word_1_562' title='bbox 1563 4810 1740 4872; x_wconf 84' lang='lat' dir='ltr'>substantie</span> <span class='ocrx_word' id='word_1_563' title='bbox 1758 4811 1862 4893; x_wconf 91' lang='lat' dir='ltr'>panis,</span> <span class='ocrx_word' id='word_1_564' title='bbox 1882 4812 1916 4874; x_wconf 91' lang='lat' dir='ltr'>in</span> <span class='ocrx_word' id='word_1_565' title='bbox 1936 4832 1972 4876; x_wconf 91' lang='lat' dir='ltr'>se</span> 
     </span>
    </p>
   </div>
   <div class='ocr_carea' id='block_1_3' title="bbox 272 4904 1974 5284">
    <p class='ocr_par' dir='ltr' id='par_1_10' title="bbox 272 4904 1974 5284">
     <span class='ocr_line' id='line_1_46' title="bbox 422 4904 1973 4991; baseline 0.004 -24"><span class='ocrx_word' id='word_1_566' title='bbox 422 4905 552 4988; x_wconf 90' lang='lat' dir='ltr'>quidam</span> <span class='ocrx_word' id='word_1_567' title='bbox 580 4906 613 4967; x_wconf 94' lang='lat' dir='ltr'>in</span> <span class='ocrx_word' id='word_1_568' title='bbox 643 4924 699 4968; x_wconf 83' lang='lat' dir='ltr'>sue</span> <span class='ocrx_word' id='word_1_569' title='bbox 727 4904 931 4987; x_wconf 89' lang='lat' dir='ltr'>simplicitate</span> <span class='ocrx_word' id='word_1_570' title='bbox 959 4907 1167 4989; x_wconf 90' lang='lat' dir='ltr'>depmmpsit,</span> <span class='ocrx_word' id='word_1_571' title='bbox 1225 4906 1430 4969; x_wconf 85' lang='lat' dir='ltr'>indivisibilis</span> <span class='ocrx_word' id='word_1_572' title='bbox 1454 4916 1486 4969; x_wconf 89' lang='lat' dir='ltr'>et</span> <span class='ocrx_word' id='word_1_573' title='bbox 1512 4907 1703 4971; x_wconf 85' lang='lat' dir='ltr'>divisionem</span> <span class='ocrx_word' id='word_1_574' title='bbox 1731 4928 1769 4971; x_wconf 88' lang='lat' dir='ltr'>ex</span> <span class='ocrx_word' id='word_1_575' title='bbox 1795 4910 1973 4991; x_wconf 83' lang='lat' dir='ltr'>quantitate</span> 
     </span>
     <span class='ocr_line' id='line_1_47' title="bbox 421 5004 1972 5089; baseline 0.003 -22"><span class='ocrx_word' id='word_1_576' title='bbox 421 5004 648 5087; x_wconf 87' lang='lat' dir='ltr'>coetloquium.</span> <span class='ocrx_word' id='word_1_577' title='bbox 662 5004 793 5087; x_wconf 89' lang='lat' dir='ltr'>insuper</span> <span class='ocrx_word' id='word_1_578' title='bbox 807 5023 871 5067; x_wconf 91' lang='lat' dir='ltr'>non</span> <span class='ocrx_word' id='word_1_579' title='bbox 886 5005 1069 5068; x_wconf 87' lang='lat' dir='ltr'>omittamus</span> <span class='ocrx_word' id='word_1_580' title='bbox 1084 5025 1170 5068; x_wconf 89' lang='lat' dir='ltr'>eom·</span> <span class='ocrx_word' id='word_1_581' title='bbox 1224 5004 1382 5085; x_wconf 88' lang='lat' dir='ltr'>habentis,</span> <span class='ocrx_word' id='word_1_582' title='bbox 1398 5004 1459 5066; x_wconf 90' lang='lat' dir='ltr'>luit</span> <span class='ocrx_word' id='word_1_583' title='bbox 1473 5004 1506 5065; x_wconf 91' lang='lat' dir='ltr'>in</span> <span class='ocrx_word' id='word_1_584' title='bbox 1521 5004 1662 5086; x_wconf 83' lang='lat' dir='ltr'>qualibet</span> <span class='ocrx_word' id='word_1_585' title='bbox 1675 5016 1764 5087; x_wconf 91' lang='lat' dir='ltr'>parte</span> <span class='ocrx_word' id='word_1_586' title='bbox 1783 5008 1876 5089; x_wconf 91' lang='lat' dir='ltr'>panis</span> <span class='ocrx_word' id='word_1_587' title='bbox 1897 5016 1972 5072; x_wconf 90' lang='lat' dir='ltr'>ante</span> 
     </span>
     <span class='ocr_line' id='line_1_48' title="bbox 421 5102 1971 5184; baseline 0.001 -17"><span class='ocrx_word' id='word_1_588' title='bbox 421 5104 587 5184; x_wconf 88' lang='lat' dir='ltr'>mittenda,</span> <span class='ocrx_word' id='word_1_589' title='bbox 613 5122 673 5166; x_wconf 89' lang='lat' dir='ltr'>uec</span> <span class='ocrx_word' id='word_1_590' title='bbox 698 5102 933 5166; x_wconf 90' lang='lat' dir='ltr'>committamus</span> <span class='ocrx_word' id='word_1_591' title='bbox 962 5103 1166 5167; x_wconf 83' lang='lat' dir='ltr'>omittenda:</span> <span class='ocrx_word' id='word_1_592' title='bbox 1224 5102 1507 5181; x_wconf 87' lang='lat' dir='ltr'>eonsecmtiouem‚</span> <span class='ocrx_word' id='word_1_593' title='bbox 1534 5103 1577 5164; x_wconf 87' lang='lat' dir='ltr'>ita</span> <span class='ocrx_word' id='word_1_594' title='bbox 1601 5112 1673 5183; x_wconf 88' lang='lat' dir='ltr'>post</span> <span class='ocrx_word' id='word_1_595' title='bbox 1697 5106 1971 5168; x_wconf 89' lang='lat' dir='ltr'>consecrationem</span> 
     </span>
     <span class='ocr_line' id='line_1_49' title="bbox 272 5200 1974 5284; baseline -0.001 -15"><span class='ocrx_word' id='word_1_596' title='bbox 272 5224 406 5277; x_wconf 64' lang='lat' dir='ltr'>noemia.</span> <span class='ocrx_word' id='word_1_597' title='bbox 421 5202 587 5284; x_wconf 91' lang='lat' dir='ltr'>imo,sicut</span> <span class='ocrx_word' id='word_1_598' title='bbox 600 5210 673 5269; x_wconf 84' lang='lat' dir='ltr'>aute</span> <span class='ocrx_word' id='word_1_599' title='bbox 688 5200 889 5264; x_wconf 89' lang='lat' dir='ltr'>exhibuimus</span> <span class='ocrx_word' id='word_1_600' title='bbox 903 5202 1046 5265; x_wconf 87' lang='lat' dir='ltr'>membra</span> <span class='ocrx_word' id='word_1_601' title='bbox 1060 5211 1169 5266; x_wconf 89' lang='lat' dir='ltr'>nostra</span> <span class='ocrx_word' id='word_1_602' title='bbox 1224 5201 1399 5265; x_wconf 82' lang='lat' dir='ltr'>substantia</span> <span class='ocrx_word' id='word_1_603' title='bbox 1417 5200 1558 5282; x_wconf 92' lang='lat' dir='ltr'>corporis</span> <span class='ocrx_word' id='word_1_604' title='bbox 1576 5200 1691 5263; x_wconf 83' lang='lat' dir='ltr'>(lhristi</span> <span class='ocrx_word' id='word_1_605' title='bbox 1710 5211 1759 5265; x_wconf 91' lang='lat' dir='ltr'>est</span> <span class='ocrx_word' id='word_1_606' title='bbox 1776 5201 1810 5263; x_wconf 92' lang='lat' dir='ltr'>in</span> <span class='ocrx_word' id='word_1_607' title='bbox 1829 5203 1974 5284; x_wconf 88' lang='lat' dir='ltr'>qualibet</span> 
     </span>
    </p>
   </div>
   <div class='ocr_carea' id='block_1_4' title="bbox 0 0 2169 6259">
    <p class='ocr_par' dir='ltr' id='par_1_11' title="bbox 0 0 2169 6259">
     <span class='ocr_line' id='line_1_50' title="bbox 0 0 2169 6259; baseline 0 0"><span class='ocrx_word' id='word_1_608' title='bbox 0 0 2169 6259; x_wconf 95' lang='lat' dir='ltr'> </span> 
     </span>
    </p>
   </div>
  </div>
 </body>
</html>
