4309 6259
472 463 533 527 no

771 479 811 525 DE
832 478 921 525 bools
942 476 1076 525 serenos
1099 476 1216 533 SANCTI,
1238 475 1412 523 mortuos
1434 477 1477 523 III.
1501 496 1541 507 -
1561 477 1630 523 ΛΒΤ.
1653 478 1731 524 xxm

473 646 616 712 scientie
630 656 770 712 nostram
786 646 947 710 sinistram
962 666 1018 711 seu
1033 645 1220 709 rationalem
1236 646 1261 707 Α
1276 664 1313 709 ec
1338 665 1395 727 per
1415 645 1475 709 hoc
1497 643 1629 708 interius
1649 642 1845 709 illustremur
1863 654 1893 709 et
1909 666 2001 711 acccu-

473 747 654 809 iorinsecus
672 746 791 809 exitum
817 745 955 827 perlicit,
971 765 1028 828 per
1051 746 1111 807 boc
1136 745 1220 825 quod

473 864 533 908 nos
558 844 696 907 exterius
725 842 846 925 dirigit,
876 843 1101 925 propriamque
1131 850 1222 904 uatu-

474 963 542 1005 ram
575 943 786 1021 considerare,
822 950 853 1003 et
885 960 1012 1004 omnem
1046 942 1219 1003 maceriem

474 1059 608 1121 opernm
628 1040 842 1103 virtuosorum
867 1058 940 1102 cum
964 1038 1155 1101 discretione
1180 1046 1222 1101 at-

473 1140 603 1202 tendere
619 1139 707 1201 iacit.
724 1138 775 1200 Sic
789 1156 916 1219 quoque
930 1138 1096 1199 veritatem
1111 1155 1221 1217 quam-

473 1239 546 1300 dam
568 1245 716 1319 operatur
735 1237 767 1297 in
787 1236 890 1314 nobis,
908 1255 978 1317 quae
997 1254 1055 1298 nos
1075 1235 1160 1297 intus
1180 1235 1218 1296 ad

472 1336 571 1398 Deum
596 1335 763 1415 convertit,
783 1342 815 1397 et
839 1332 916 1397 loris
940 1351 1112 1415 supernos
1132 1332 1218 1415 ipsos

470 1452 530 1497 nos
554 1433 673 1514 dirigit.
697 1433 769 1495 ldeo
794 1432 827 1493 in
854 1431 1085 1513 supernaturali
1110 1438 1218 1493 nostro

470 1531 510 1591 ad
531 1530 630 1592 Deum
652 1548 782 1592 accessu
803 1548 876 1591 cum
897 1526 1090 1608 intelligibili
1112 1527 1218 1608 specie

471 1628 539 1691 sive
560 1627 712 1710 imagine,
734 1627 914 1710 appelletur
932 1627 1039 1688 lumen
1060 1626 1144 1687 istud
1165 1626 1220 1688 do-

470 1745 548 1787 num
572 1725 764 1805 intellectus,
782 1724 933 1805 quoniam
957 1723 1051 1805 erigit
1070 1742 1140 1801 uos,
1163 1742 1219 1787 no·

1275 743 1408 823 damur3
1434 753 1573 825 tuncque
1602 742 1680 806 ioris
1708 752 1868 807 vertemus
1894 764 1947 808 uos
1970 748 1999 809 ad

1276 842 1424 905 universa
1453 861 1548 925 opera
1583 841 1677 921 bona,
1709 842 1869 906 rediemus
1895 862 1999 925 quoque

1276 938 1408 1001 interius
1424 959 1497 1003 cum
1512 938 1722 1002 delectatione
1744 940 1782 1001 ad
1806 940 1902 1002 Deum
1924 941 2000 1003 iuter-

1275 1056 1316 1099 na
1341 1057 1377 1100 ac
1403 1038 1524 1100 intima.
1541 1037 1683 1118 Denique
1712 1037 1794 1099 iuter
1816 1038 1897 1100 hanc
1921 1038 1999 1103 intro

1276 1136 1454 1198 versionem
1489 1142 1521 1197 et
1549 1135 1819 1198 extroversiouem
1848 1137 1999 1199 morabitur

1275 1233 1355 1298 ratio
1369 1242 1488 1313 nostra,
1504 1235 1626 1315 eritque
1647 1233 1815 1316 utrobique
1830 1233 1997 1313 suilieiens3

1276 1341 1351 1394 tuuc
1367 1331 1497 1413 insuper
1512 1332 1716 1395 renovabitur
1730 1350 1858 1413 semper
1875 1332 1904 1393 in
1925 1334 2000 1395 clari-

1275 1437 1337 1491 tate
1362 1430 1495 1493 interius
1519 1438 1613 1510 atque
1637 1430 1785 1492 exterius.
1803 1430 1957 1511 Quumque
1972 1431 1998 1492 iu

1276 1527 1344 1589 istis
1366 1527 1497 1608 perlecti
1523 1525 1690 1607 fuerimus,
1707 1535 1784 1590 tuuc
1811 1529 1888 1591 ratio
1911 1538 1999 1591 nostra

1274 1633 1378 1687 erecta
1410 1633 1469 1704 est,
1506 1632 1616 1705 estque
1651 1624 1876 1689 discretionem
1908 1626 1999 1688 sortita

1274 1720 1556 1801 compendiosioris
1573 1721 1658 1784 modi
1676 1722 1866 1803 proficiendi
1889 1722 1920 1783 in
1937 1742 2000 1785 cuu-

470 1832 630 1905 stramque
646 1824 801 1886 rationem
815 1830 908 1887 ornat
923 1830 955 1884 et
968 1822 1072 1885 elevat
1087 1822 1170 1884 ultra
1184 1842 1217 1885 se
1232 1824 1255 1885 B
1273 1818 1332 1880 ctis
1358 1818 1539 1882 virtutibus.
1566 1819 1637 1881 llaec
1663 1818 1770 1901 itaque
1795 1820 1939 1884 discretio
1955 1822 2000 1883 do

469 1921 583 2003 ipsam.
599 1922 679 1984 Dum
695 1939 769 1983 vero
785 1920 1016 1984 rationabiliter
1030 1939 1104 1983 cum
1119 1920 1219 1982 sensi·

469 2018 526 2081 bili
541 2019 649 2101 specie
671 2019 709 2081 ad
730 2037 851 2081 sacram
873 2018 1067 2099 Scripturam
1088 2019 1218 2081 Sancto-

469 2135 602 2197 rumque
623 2116 722 2178 vitam
745 2115 937 2197 egredimur,
953 2123 985 2177 et
1005 2115 1044 2176 ad
1066 2116 1215 2178 universa

468 2222 584 2293 create,
601 2214 802 2295 speculantes
817 2213 884 2275 benc
898 2213 1006 2276 omnia
1026 2232 1099 2276 cnm
1119 2214 1215 2276 inter-

467 2331 510 2373 ua
532 2310 731 2391 plenitudiue
754 2312 995 2392 supernaturali,
1012 2320 1215 2394 nuncupatur

467 2409 576 2471 lumen
590 2408 744 2471 divinitus
755 2409 956 2491 inspiratum,
972 2409 1091 2473 donum
1112 2410 1215 2473 scien·

466 2503 689 2586 tiae,quoniam
705 2506 833 2569 iustruit
848 2525 906 2570 nos
921 2507 1057 2588 qualiter
1071 2506 1214 2569 laudabi-

466 2600 540 2665 liter
563 2605 743 2667 conversari
768 2605 940 2668 debeamus
965 2606 1004 2667 ad
1028 2613 1126 2686 extra,
1143 2604 1213 2686 ipsa

464 2718 591 2783 quoque
613 2702 778 2764 sensibilia
797 2702 883 2765 entia
903 2702 1134 2766 rationabiliter
1149 2702 1212 2785 spi-

464 2797 684 2880 ritualiterque
698 2818 901 2881 cognoscere.
917 2799 955 2862 Et
969 2808 1088 2880 quanto
1106 2819 1212 2863 acces

464 2915 517 2957 sus
532 2896 571 2958 ad
586 2896 685 2958 Deum
705 2897 873 2961 sublimior
886 2904 935 2959 est
948 2906 1042 2978 etque
1061 2907 1212 2978 praestan-

1273 1936 1347 1978 num
1374 1918 1513 1979 scientiae
1538 1936 1749 1999 consequens,
1766 1919 1898 1981 interius
1919 1928 1999 2000 atque

1272 2016 1408 2079 exterius
1427 2016 1521 2079 nobis
1542 2018 1681 2081 ostendit
1702 2017 1953 2099 propinqqurem
1973 2019 1999 2080 iu

1270 2114 1429 2176 universis
1465 2115 1636 2178 virtutibus
1670 2116 1847 2179 veritatem.
1877 2153 1915 2163 -
1941 2116 1999 2179 ileo

1270 2212 1384 2275 Doctor
1402 2213 1532 2275 divinus
1551 2214 1590 2275 de
1609 2215 1693 2277 douo
1713 2213 1855 2277 scientie
1875 2215 1907 2277 in
1930 2215 1999 2277 libro

1269 2310 1308 2371 de
1324 2310 1539 2373 Taberuacnlo
1554 2311 1667 2393 Moysis
1683 2310 1866 2375 introducit.

1308 2407 1427 2482 Quibus
1458 2428 1515 2490 per
1544 2410 1650 2472 omnia
1679 2420 1856 2474 consonant
1882 2430 1947 2492 que
1972 2412 1999 2473 iu

1268 2505 1349 2570 libro
1383 2506 1565 2589 Spiritualis
1593 2508 1850 2590 desponsationis
1878 2508 1999 2588 induxit,

1267 2603 1322 2665 ubi
1347 2605 1393 2666 sic
1415 2623 1506 2668 orsus
1530 2612 1578 2667 est
1594 2628 1600 2665 :
1619 2605 1663 2684 Si,
1680 2606 1795 2687 inquit,
1812 2625 1884 2669 cum
1907 2608 1999 2669 serio·
2023 2632 2096 2683 mc„

1267 2701 1506 2783 intentioneque
1540 2703 1678 2784 simplici
1708 2712 1740 2767 et
1769 2723 1876 2787 pugna
1902 2694 2068 2767 contnffl

1266 2808 1395 2882 peccata
1419 2802 1500 2864 bene
1526 2820 1559 2863 se
1587 2802 1682 2865 homo
1707 2802 1868 2884 exercitat,
1893 2804 2000 2866 donum

1267 2898 1406 2961 scientiar
1435 2906 1466 2961 et
1493 2899 1716 2962 discretionem
1752 2901 1877 2981 recipit,
1911 2900 2001 2982 litque

463 2993 526 3056 tior
554 3013 649 3074 quam
678 3014 824 3077 egressus
851 2996 892 3057 ad
920 3003 1093 3074 creaturas,
1123 3004 1210 3059 tanto
1228 3000 1250 3063 C
1268 2997 1430 3059 rationalis
1445 3005 1476 3059 et
1491 2998 1595 3061 sciens
1610 2998 1686 3079 quid
1703 2998 1821 3078 iecere,
1838 3000 1913 3080 quid
1934 3000 2001 3061 item

464 3090 671 3154 excellentius
699 3100 748 3154 est
775 3093 895 3155 donum
920 3092 1102 3155 intellectus
1126 3095 1210 3158 dono

464 3188 616 3251 scientim.
639 3188 745 3253 Nihilo
767 3190 873 3251 minus
894 3199 1028 3271 utroque
1050 3190 1135 3253 dono
1156 3210 1210 3253 ne-

464 3285 600 3348 cessarie
629 3286 810 3368 indigemus
840 3311 847 3350 :
879 3307 952 3350 nam
981 3288 1050 3351 siue
1081 3297 1209 3353 externa

463 3382 605 3445 virtuosa
636 3384 701 3446 vita
730 3385 898 3466 nequimus
926 3386 965 3447 ad
995 3387 1094 3449 Deum
1124 3386 1209 3449 intus

464 3481 627 3544 accedere.
645 3482 676 3543 Si
692 3482 796 3563 itaque
811 3484 931 3546 donum
946 3483 1087 3547 scientiar
1108 3485 1209 3567 adipi-

462 3577 508 3639 sci
533 3578 716 3660 satagimus,
732 3580 884 3643 debemus
909 3582 1113 3663 postulationi
1139 3583 1209 3664 ejus

461 3692 627 3737 assensum
644 3678 795 3757 praebere,
813 3678 1069 3743 circumferendo
1085 3699 1210 3761 semper

461 3772 494 3834 iu
516 3773 607 3836 nobis
627 3774 785 3837 internum
811 3775 1009 3857 diligentiam
1033 3776 1120 3840 vitiis
1146 3798 1210 3841 mo

461 3870 562 3933 rieudi
578 3871 809 3953 virtutibusque
828 3873 968 3952 vivendi,
985 3894 1112 3957 semper
1132 3895 1209 3957 quo-

462 3987 523 4049 que
553 3970 690 4050 amplius
714 3978 808 4052 atque
836 3973 1045 4053 propinquius
1075 3974 1207 4037 virtutes

463 4065 662 4148 intelligendi
691 4076 722 4129 et
750 4071 926 4132 secundum
953 4090 1007 4133 eas
1035 4072 1165 4135 vivendi
1199 4097 1205 4135 :

1265 3095 1425 3158 dimittere
1450 3096 1574 3175 debeat,
1600 3097 1728 3177 quendo
1753 3098 1850 3160 etiam
1879 3098 1949 3160 dare
1974 3106 2004 3159 et

1265 3194 1410 3275 accipere
1444 3194 1590 3276 congruit
1620 3218 1627 3256 :
1658 3196 1767 3275 sicque
1802 3196 2004 3259 mediantibus

1266 3292 1404 3373 simplici
1435 3292 1609 3355 intentione
1634 3312 1671 3356 ac
1696 3294 1808 3357 divino
1837 3313 1950 3373 amore,
1974 3294 2003 3355 iu

1266 3390 1328 3453 [leo
1344 3410 1439 3472 supra
1454 3411 1487 3453 se
1503 3390 1535 3452 iu
1552 3391 1669 3454 unione
1684 3391 1835 3472 quiescit,
1852 3412 1885 3455 se
1908 3392 2004 3475 ipsum

1266 3506 1392 3568 quoqne
1418 3488 1450 3550 in
1470 3488 1605 3570 pleniori
1630 3488 1779 3553 deiformi
1807 3490 2005 3553 similitudine

1266 3586 1417 3667 possidet,
1437 3595 1531 3667 atque
1557 3586 1699 3669 singulos
1724 3595 1815 3651 actus
1841 3606 1914 3651 suos
1937 3607 2004 3651 cum

1265 3684 1499 3748 exuberantiori
1515 3684 1726 3748 delectatione
1748 3686 1938 3767 exsequitur.
1953 3686 2005 3749 Est

1265 3800 1380 3864 nempe
1415 3782 1567 3846 obediens
1602 3790 1633 3844 et
1662 3782 1809 3846 subditus
1838 3784 1929 3863 Patri,
1955 3784 2004 3847 cui

1265 3880 1486 3962 appropriatur
1513 3881 1676 3962 potentia3
1704 3880 1869 3945 rationalis
1894 3883 2004 3945 disere

1264 3986 1378 4059 tusquc
1415 3978 1506 4057 Filio,
1536 3978 1589 4041 cui
1622 3978 1806 4042 attribuitur
1833 3981 2002 4062 sapientia3

1265 4076 1370 4156 largus
1385 4095 1421 4138 ee
1437 4076 1509 4157 pius
1525 4076 1656 4157 Spiritui
1672 4077 1799 4155 Sancto,
1816 4078 1869 4140 cui
1886 4088 2005 4161 praesta-

462 4163 538 4244 quia
551 4165 590 4226 ad
607 4164 673 4227 baec
689 4166 825 4248 impellit
840 4186 897 4231 nos
912 4168 1030 4231 donum
1053 4170 1204 4233 scientie.
1223 4179 1315 4241 Dtur
1339 4174 1509 4237 clementia
1537 4198 1543 4235 :
1572 4174 1682 4256 sicque
1706 4184 1824 4239 sancte
1849 4176 2005 4239 Trinitatis

461 4262 556 4325 Porro
571 4263 704 4344 probis,
720 4283 779 4326 uec
795 4266 974 4347 sumptibus
996 4287 1100 4349 neque
1122 4270 1208 4332 labo

462 4360 550 4423 ribus
584 4380 714 4442 parcere
743 4362 895 4426 debemus
925 4365 1165 4430 rationabilibus
1198 4390 1204 4427 :

461 4459 611 4539 quoniam
627 4460 728 4522 virtus
743 4461 892 4524 omuibus
905 4463 1002 4544 digua
1017 4473 1075 4527 est.

500 4556 657 4631 Quantum
679 4558 811 4639 proinde
836 4560 869 4621 in
894 4561 1018 4624 interna
1041 4563 1206 4645 diligentia

459 4663 554 4736 atque
577 4656 727 4737 operibus
752 4657 844 4720 bouis
868 4657 1067 4740 proficimus,
1085 4668 1206 4724 tantum

460 4752 493 4814 in
523 4752 657 4815 scientia
685 4754 740 4815 Ilei
769 4757 1004 4818 concrescimus
1035 4780 1042 4819 :
1072 4759 1207 4840 quilibet

460 4870 597 4932 nemque
614 4850 751 4929 [horum]
768 4852 940 4933 proiectus,
956 4854 1086 4918 alterIus
1107 4867 1207 4921 exstat

460 4968 555 5011 causa
570 4948 742 5029 proiectus.
759 4949 839 5012 llinc
861 4969 936 5031 ergo
958 4972 1084 5035 semper
1103 4965 1206 5036 porte-

457 5066 530 5109 mus
554 5047 587 5109 in
611 5054 719 5109 nostra
747 5045 848 5110 libera
876 5049 1038 5114 voluntate
1064 5053 1204 5117 vividam

457 5145 656 5227 diligentiam
671 5146 711 5207 ad
726 5154 857 5208 cunctas
871 5146 1016 5229 virtutes,
1029 5168 1203 5233 omnesque

456 5252 545 5310 actus
564 5243 717 5307 virtutum
742 5243 852 5309 divino
876 5244 1051 5311 offeramus
1075 5249 1200 5333 honori,

1263 4272 1366 4334 desert
1380 4273 1563 4353 imaginem,
1580 4274 1635 4335 sed
1650 4282 1682 4336 et
1696 4274 1859 4336 mediante
1880 4275 2004 4337 caritate

1262 4390 1299 4433 ac
1314 4371 1449 4452 propriae
1465 4372 1649 4435 intentionis
1666 4372 1882 4454 simplicitate,
1899 4374 1932 4435 in
1947 4374 2005 4437 Deo

1262 4469 1409 4549 quiescit.
1426 4470 1464 4532 Et
1488 4469 1520 4531 in
1545 4470 1596 4532 his
1617 4478 1681 4533 tota
1700 4470 1765 4533 vita
1783 4472 1888 4534 activa
1907 4474 2006 4535 consi-

1263 4567 1327 4629 stit.
1349 4568 1465 4630 Taliter
1489 4587 1635 4631 exercere
1655 4588 1688 4631 se
1708 4570 1803 4632 debet
1821 4570 1917 4633 homo
1937 4590 2004 4633 cum

1262 4665 1345 4728 serio
1373 4666 1496 4746 grandi,
1524 4666 1768 4748 simplicemque
1792 4687 1882 4729 suam
1908 4668 2006 4731 inteu-

1261 4764 1380 4825 tionem
1410 4783 1482 4826 cum
1511 4764 1702 4828 discretione
1731 4766 1858 4828 sectari.
1879 4766 2005 4831 Prorsus

1260 4880 1386 4942 quoque
1420 4870 1543 4943 oportet
1576 4871 1611 4924 ut
1639 4862 1725 4925 vitiis
1754 4863 1940 4944 reluctetur,
1969 4865 2004 4927 cd

1260 4959 1438 5040 Christique
1452 4961 1548 5040 pedes
1568 4980 1641 5022 cum
1661 4960 1841 5024 hnmilitate
1860 4962 2002 5026 locetur:

1260 5058 1369 5139 sicque
1394 5058 1427 5119 in
1452 5058 1622 5120 virtutibus
1647 5066 1679 5121 et
1703 5057 1916 5123 similitudine
1942 5080 2005 5124 cre

1259 5164 1337 5235 scel,
1363 5158 1418 5219 sed
1443 5165 1475 5219 et
1499 5176 1624 5238 semper
1647 5156 1771 5220 activus
1797 5159 1951 5222 manebit.
1976 5160 2003 5221 Si

1258 5254 1344 5317 euim
1371 5254 1442 5337 plus
1465 5263 1599 5338 occupat
1622 5274 1656 5319 se
1680 5254 1714 5317 in
1742 5256 2004 5339 occupationibus
