4309 6259
443 468 502 537 tlh
748 490 789 537 nn
808 490 898 537 nonis
918 490 1053 538 sornrros
1074 488 1192 544 sartori,
1214 489 1388 537 rnacmrus
1410 493 1452 538 m.
1475 510 1516 521 -
1536 493 1606 539 arr.
1630 492 1684 538 vm

443 670 621 743 queruntur
653 682 688 725 se
725 663 765 725 ab
803 662 872 743 ipso
908 663 1046 726 relictos.
1083 663 1189 743 ltaque
1204 660 1229 723 A
1244 668 1306 724 tate
1326 670 1357 725 et
1376 663 1477 745 gratia
1497 663 1599 740 datur,
1616 663 1779 744 recipitur,
1797 663 1986 744 possidetur.

443 760 559 824 occulti
586 759 647 822 filii
672 760 724 822 his
747 762 895 824 omnibus
919 762 1108 838 moriuntur,
1130 760 1188 823 soli
1282 760 1339 835 Qui
1359 780 1435 825 vero
1458 762 1490 823 in
1516 762 1576 824 isto
1600 761 1717 825 salubri
1742 762 1877 825 consilio
1902 762 1989 843 cupit

442 859 506 922 Deo
528 860 651 922 sincero
670 858 849 937 intendunt,
866 878 939 921 eum
958 860 1120 921 dumtaxat
1143 859 1190 921 di·
1243 858 1411 939 proficere,
1429 868 1523 941 atque
1544 859 1577 921 in
1597 860 1744 923 omnibus
1763 880 1782 923 a
1801 860 1920 941 Spiritu
1943 860 1989 921 in-

442 958 497 1037 gni
519 958 671 1038 pendunt,
689 965 796 1019 amant
816 976 853 1020 ac
875 957 1008 1039 cupiunt
1025 981 1031 1018 :
1049 958 1188 1039 hincque
1244 965 1348 1021 creato
1363 976 1456 1038 opem
1471 958 1657 1021 directionis
1672 959 1789 1037 sortiri,
1802 959 1905 1041 primo
1920 968 1989 1040 eget

442 1063 573 1118 eatenus
602 1056 635 1118 in
660 1057 899 1136 superlucentes
927 1065 958 1118 et
986 1074 1189 1136 superessen-
1243 1063 1278 1116 ut
1300 1056 1468 1118 consilium
1488 1056 1571 1119 istud
1591 1057 1766 1119 secundum
1786 1056 1918 1119 omnino
1937 1057 1989 1118 ab·

440 1154 534 1217 tiales
554 1154 672 1217 divina)
690 1162 721 1216 et
740 1154 912 1218 invisibilis
935 1155 1017 1217 lucis
1041 1154 1188 1217 tenebras
1242 1152 1343 1235 jiciat,
1369 1155 1520 1234 quoniam
1551 1155 1704 1236 scriptum
1733 1164 1781 1217 est
1811 1178 1819 1216 ι
1848 1154 1917 1218 Non
1947 1155 1988 1217 sis
2000 1181 2104 1229 rmum,

442 1254 661 1330 absorbentur,
678 1260 713 1314 ut
732 1253 939 1334 sibimetipsis
959 1253 1086 1333 penitus
1107 1253 1188 1315 mori
1244 1251 1370 1332 sapiens
1389 1253 1472 1333 apud
1493 1253 1706 1333 temetipsum,
1723 1261 1754 1315 et
1778 1272 1818 1315 ne
1842 1252 1988 1315 innitaris
2001 1247 2017 1285 ⁵·

442 1357 536 1430 atque
558 1349 591 1410 in
611 1349 748 1411 nihilum
774 1351 874 1432 redigi
899 1351 1076 1413 videantur.
1095 1351 1188 1413 Porro
1244 1349 1418 1430 prudentie
1432 1356 1504 1413 tuae.
1517 1351 1663 1413 Secundo
1677 1351 1814 1433 exigitur
1829 1358 1863 1413 ut
1879 1350 1913 1413 in
1928 1351 1990 1431 pri-

442 1447 476 1508 in
505 1446 603 1509 Deum
631 1448 814 1528 transpositi
839 1447 1036 1510 deiformiter
1063 1448 1187 1524 vivunt,
1244 1465 1296 1510 mo
1325 1466 1361 1510 ac
1394 1450 1529 1511 naturali
1564 1449 1698 1512 consilio
1734 1468 1798 1513 non
1835 1448 1986 1525 confidat,

442 1545 535 1625 eique
556 1553 705 1626 tanquam
725 1564 854 1626 prorsus
874 1546 982 1626 ignoto
1002 1546 1082 1607 uniti
1103 1554 1187 1607 sunl.
1244 1564 1303 1607 nee
1328 1545 1406 1608 illud
1429 1547 1488 1609 sibi
1514 1545 1664 1609 sufficere
1690 1555 1788 1629 putet,
1811 1548 1866 1609 sed
1892 1566 1930 1610 eo
1954 1566 1989 1609 aa

440 1643 487 1705 Ad
513 1643 596 1705 hanc
624 1644 822 1705 occultorum
850 1643 992 1707 filiorum
1023 1643 1191 1725 perfectio·
1244 1644 1379 1706 naturali
1409 1644 1564 1708 industria
1586 1647 1667 1709 bene
1692 1654 1807 1723 utatur,
1833 1654 1989 1727 quatenus

441 1760 515 1802 ncm
548 1760 602 1803 sex
630 1742 834 1823 requiruntur
861 1749 955 1823 atque
983 1750 1187 1818 concurrunt,
1245 1744 1493 1823 supernaturalis
1515 1743 1668 1825 perfectio
1690 1744 1866 1809 naturalem
1889 1742 1991 1825 perfe-

440 1857 510 1919 quae
531 1847 606 1900 sunt
622 1862 629 1899 z
647 1858 707 1919 pau
727 1860 812 1915 vera,
830 1840 990 1901 internum
1012 1840 1186 1917 silentium,
1208 1839 1383 1903 fictionem
1399 1840 1514 1903 formet
1528 1850 1559 1903 et
1573 1842 1740 1923 compleat.
1757 1842 1818 1905 Sed
1840 1843 1990 1923 quoniam

440 1936 579 2000 adhaesio
593 1956 748 2015 amorosa,
765 1939 856 2018 quies
879 1937 911 1999 in
932 1938 1059 2016 dilecto,
1076 1939 1190 2002 obdor-
1244 1936 1304 1999 ista
1319 1939 1382 2001 duo
1397 1938 1531 2000 consilia
1546 1939 1614 2000 sine
1635 1938 1791 2021 profunda
1812 1938 1991 2001 humilitate

441 2033 543 2109 mitio,
562 2034 716 2097 contuitio
730 2035 873 2114 quaedam
894 2036 1188 2117 supersplendentis
1245 2035 1290 2097 sic
1310 2036 1444 2116 deprimi
1471 2044 1643 2117 nequeunt,
1661 2037 1732 2099 ideo
1756 2037 1795 2099 ad
1819 2036 1992 2119 proficien-

442 2130 600 2211 caliginis.
614 2132 669 2193 llic
685 2140 733 2194 est
746 2150 825 2212 apex
840 2140 872 2194 et
886 2141 994 2195 vertex
1009 2133 1189 2196 christianae
1244 2134 1320 2196 dum
1337 2134 1368 2195 io
1385 2135 1467 2197 dono
1483 2135 1803 2217 consilii,praesertim
1818 2135 1992 2216 requiritur

442 2228 607 2308 religionis
642 2230 912 2310 consiliorumque
947 2231 1073 2309 Christi,
1112 2231 1189 2293 finis
1245 2232 1393 2296 cordialis
1408 2233 1581 2310 humilitas,
1599 2234 1749 2314 quoniam
1772 2252 1867 2314 super
1889 2233 1992 2296 humi·
2005 2262 2105 2313 cmm„

442 2345 568 2408 quoque
583 2327 791 2408 prestantior,
808 2329 847 2390 ad
862 2348 957 2410 quem
976 2329 1068 2393 tertio
1091 2330 1189 2411 gradu
1245 2331 1307 2392 lem
1323 2339 1354 2393 et
1368 2331 1510 2412 quietum
1533 2332 1710 2412 requiescet
1731 2330 1866 2413 Spiritus
1889 2330 1992 2394 Domi·
2006 2329 2034 2367 ¹⁵·

443 2424 519 2486 doni
543 2425 667 2487 consilii
692 2426 906 2489 sublevamur.
1245 2429 1289 2490 ni.
1312 2427 1410 2492 Nemo
1433 2429 1581 2510 equidem
1606 2430 1724 2511 proprii
1751 2447 1862 2492 sensus
1889 2428 1993 2492 consi·

1246 2528 1324 2589 lium
1339 2528 1390 2589 vel
1405 2527 1545 2607 abjicere
1564 2528 1648 2591 valet
1670 2528 1720 2590 vel
1742 2526 1913 2605 moderari,
1931 2528 1991 2589 nisi

635 2681 879 2746 Arufflfflss
903 2681 995 2744 V111·
1244 2623 1994 2786 tttfttltltl'thllll¹¹ltllllt

474 2834 523 2893 De
543 2833 634 2891 modo
646 2831 845 2906 proficiendi
863 2830 900 2888 itt
915 2831 998 2888 dono
1012 2830 1153 2889 consilii.
1245 2838 1330 2895 nem,
1347 2819 1555 2882 directionem
1571 2838 1606 2882 ac
1621 2819 1840 2882 defensionem
1856 2819 1994 2900 Spiritus

1246 2914 1350 2977 Sancti
1367 2922 1501 2994 coaptat,
1519 2914 1602 2976 sicut
1624 2932 1699 2976 vera
1720 2921 1813 2995 atque
1834 2914 1994 2994 profunda

506 3016 642 3079 RIPLEX
657 3024 807 3097 praeterea
829 3015 986 3096 reperitur
1006 3015 1187 3077 consilium.
1205 3012 1226 3075 C
1245 3011 1418 3073 humilitas.
1435 3010 1501 3085 Quo
1516 3012 1601 3074 enim
1616 3012 1688 3093 quis
1711 3013 1817 3073 minus
1839 3030 1899 3075 suo
1921 3031 1995 3075 con-

519 3115 659 3177 Primum
684 3122 733 3175 est
754 3113 885 3175 rationis
905 3113 1101 3175 naturalibus
1122 3132 1192 3193 per·
1246 3110 1319 3173 fidit
1335 3110 1474 3191 ingenio,
1491 3130 1554 3192 quo
1576 3112 1682 3173 minus
1704 3110 1868 3193 presumit
1887 3111 1929 3175 de
1949 3131 1996 3173 se-

442 3212 636 3275 fectionibus
663 3212 822 3275 edomata
850 3234 856 3271 :
884 3220 915 3273 et
939 3211 1001 3273 tale
1026 3219 1073 3273 est
1101 3220 1190 3274 actus
1246 3209 1392 3289 metipso,
1427 3227 1464 3271 eo
1499 3209 1714 3272 abundantius
1747 3209 1855 3291 dirigi,
1887 3210 1994 3273 doceri

444 3310 642 3391 prudentiae3
660 3316 825 3391 potestque
841 3309 910 3372 sine
925 3309 1026 3390 gratia
1040 3310 1188 3388 obtineri,
1247 3316 1340 3388 atque
1371 3307 1476 3387 juvari
1506 3316 1644 3370 meretur
1671 3326 1689 3369 a
1718 3306 1837 3387 Spiritu
1866 3306 1994 3369 Sancto.

444 3427 482 3472 eo
498 3408 607 3489 utique
622 3409 716 3471 modo
734 3425 798 3487 quo
819 3407 911 3468 multi
931 3407 1098 3488 gentilium
1118 3427 1192 3489 pru·
1247 3404 1326 3467 ilinc
1354 3404 1473 3485 quippe
1506 3404 1666 3485 Scriptura
1696 3412 1827 3467 testatur
1857 3428 1865 3465 ι
1898 3405 2105 3470 resti-nanti

444 3507 555 3569 dentes
570 3525 607 3569 ac
623 3505 753 3569 virtuosi
771 3504 951 3568 referuntur
965 3505 1065 3567 fuisse
1083 3528 1090 3567 z
1106 3506 1191 3568 unde
1247 3503 1389 3565 monium
1418 3503 1543 3565 Domini
1569 3502 1677 3579 fidele,
1704 3502 1895 3583 sapientiam
1920 3522 1997 3585 pra-

444 3615 476 3668 et
504 3605 633 3686 quidam
658 3624 696 3667 ex
721 3603 857 3666 naturali
883 3603 1092 3685 dispositione
1118 3613 1192 3666 sunt
1247 3610 1333 3663 stans
1348 3600 1499 3683 parvulis.
1512 3600 1571 3663 Et'
1565 3620 1632 3683 ipse
1647 3602 1790 3664 Salvator
1804 3602 1885 3663 Patri
1903 3602 1997 3665 coele

444 3703 526 3765 bene
541 3702 697 3766 consilia
675 3710 744 3764 rvr
762 3702 943 3763 Secundum
959 3708 1007 3763 est
1021 3701 1190 3764 consilium
1248 3698 1287 3760 sti
1324 3699 1498 3779 loquens:
1533 3699 1734 3762 Abscondisti
1769 3698 1839 3779 (ait)
1875 3700 1945 3763 haec
1978 3718 2107 3763 aurita

444 3801 576 3863 rationis
591 3800 677 3863 vitiis
692 3819 728 3862 ae
744 3799 945 3880 passionibus
966 3800 1188 3862 obtenebratae.
1248 3797 1445 3878 sapientibus
1473 3805 1504 3859 et
1532 3796 1752 3877 prudentibus,
1783 3805 1815 3859 et
1847 3779 2037 3860 revelasti²⁵¹

444 3899 488 3961 De
512 3916 575 3979 quo
599 3898 800 3960 Bernardus:
817 3897 852 3958 ln
878 3897 983 3974 corde,
1001 3897 1115 3978 inquit,
1136 3899 1193 3960 du-
1248 3914 1285 3957 ea
1306 3894 1458 3975 parvulis.
2124 3972 2125 3975 Ἴ

384 4003 388 4009 ’
445 3997 579 4077 plexest
598 3994 696 4075 lepra,
713 3994 862 4057 videlicet
884 3995 1012 4074 propria
1034 3995 1190 4073 voluntas,
1287 3992 1539 4068 Quidamautem
1561 3991 1688 4055 consilii
1710 3992 1860 4056 donum'
1853 4013 1887 4056 rn
1910 4003 1997 4058 tanta

446 4092 674 4173 propriumque
703 4092 873 4155 consilium
905 4114 911 4151 :
943 4090 1037 4172 cujus
1064 4092 1190 4155 consilii
1248 4090 1445 4172 plenitudine
1461 4090 1645 4167 sortiuntur,
1663 4099 1698 4152 ut
1712 4091 1829 4154 nedum
1852 4112 1887 4155 se
1911 4093 1996 4174 ipsos

446 4192 535 4271 lepra
553 4198 640 4253 tanto
659 4197 707 4252 est
725 4189 936 4271 perniciosior
952 4199 1072 4270 quanto
1092 4210 1193 4252 secre-
1209 4183 1233 4244 D
1247 4189 1396 4271 dirigere,
1422 4190 1478 4251 sed
1506 4189 1577 4251 aliis
1606 4188 1737 4271 insuper
1764 4198 1873 4252 sancta
1902 4201 1996 4273 atque

446 4288 567 4365 tior3et
581 4306 643 4369 quo
659 4287 759 4368 magis
773 4287 922 4364 abundat,
940 4306 977 4349 eo
992 4287 1053 4349 sibi
1069 4287 1194 4367 sapien·
1249 4286 1387 4348 salubria
1410 4293 1527 4365 queant
1551 4284 1686 4347 consilia
1709 4294 1857 4365 prestare
1881 4310 1889 4347 :
1915 4288 1998 4350 sicut
2123 4342 2124 4347 ,

448 4387 509 4449 tior
523 4387 658 4468 quisque
672 4404 741 4447 esse
760 4386 896 4447 videtur,
913 4386 977 4447 Hoc
1000 4385 1126 4449 illorum
1148 4394 1195 4447 est
1248 4384 1287 4445 de
1312 4384 1440 4446 Simone
1464 4382 1560 4445 fratre
1588 4382 1674 4444 Judae
1701 4382 1881 4461 machabai,
1908 4394 1998 4468 puter

324 4517 366 4547 ιιι.
392 4536 398 4556 ,
413 4484 502 4566 aqui
517 4485 619 4547 zelum
635 4484 690 4546 Dei
709 4484 838 4562 habent,
854 4484 908 4545 sed
931 4501 995 4545 non
1018 4484 1193 4546 seeundum
1249 4500 1358 4545 eorum
1372 4481 1556 4543 Mathathias
1569 4480 1807 4544 asseruitzEcce
1819 4482 1998 4564 (inquiens)
2012 4504 2103 4551 ιιιιιιι

448 4580 797 4656 scientiam30bdurati
815 4580 991 4661 inproprie
1010 4601 1117 4659 sensu,
1134 4601 1194 4644 nec
1250 4580 1357 4642 Simon
1392 4578 1489 4641 frater
1523 4588 1638 4657 vester,
1675 4578 1724 4641 vir
1760 4580 1887 4643 consilii
1929 4575 2039 4657 est3⁶⁵·

448 4681 534 4744 sanis
549 4678 692 4743 consiliis
706 4678 955 4760 acquiescentes.
973 4679 1010 4740 lli
1026 4688 1099 4741 sunt
1114 4680 1196 4742 veri·
1250 4678 1354 4759 ipsum
1378 4677 1484 4739 audite
1510 4696 1645 4758 semper,
1672 4685 1704 4739 et
1728 4676 1797 4758 ipse
1821 4678 1883 4740 erit
1909 4680 2000 4744 vobis

447 4779 522 4842 tatis
536 4777 705 4853 derisores,
722 4775 845 4838 inimici
867 4776 965 4856 pacis,
984 4777 1123 4839 caritatis
1144 4796 1196 4839 er·
1250 4784 1348 4856 pater.
1370 4775 1477 4839 llerito
1501 4794 1627 4856 quoque
1646 4776 1845 4837 venerandus
1869 4776 1928 4841 ille
1954 4798 2001 4840 se

448 4884 564 4959 pertes,
582 4874 720 4937 vanitate
743 4880 911 4950 tumentes,
934 4873 995 4935 sibi
1020 4874 1193 4955 placentes,
1249 4875 1321 4937 nior
1340 4874 1526 4936 hlathathias
1549 4874 1709 4937 Simonem
1732 4875 1923 4954 prudentem
1946 4896 2002 4959 po

447 4974 555 5056 magni
576 4973 610 5034 in
634 4971 772 5052 propriis
795 4969 906 5033 oculis.
924 4970 1064 5033 Tertium
1089 4981 1193 5035 nutem
1249 4974 1311 5034 tius
1337 4971 1446 5035 statuit
1471 4991 1540 5034 esse
1564 4972 1696 5034 fratrum
1721 4991 1850 5034 suorum
1875 4982 2000 5054 patrem

449 5071 619 5136 consilium
634 5078 683 5132 est
696 5069 735 5130 de
750 5086 812 5148 quo
827 5087 913 5130 nunc
929 5086 1032 5131 sermo
1047 5068 1191 5147 habetur,
1247 5090 1343 5151 quam
1366 5071 1478 5133 ludam
1504 5068 1724 5147 fortissimum,
1741 5070 1893 5151 quoniam
1922 5082 2001 5137 teste

447 5170 533 5253 quod
561 5176 609 5231 est
632 5166 881 5246 supernaturalis
905 5164 1059 5247 perfectio
1084 5174 1116 5229 et
1140 5167 1195 5230 do·
1248 5168 1419 5249 Scriptura,
1430 5166 1543 5229 melior
1557 5175 1604 5230 est
1618 5168 1773 5248 sapientia
1787 5187 1884 5249 quarn
1900 5172 1997 5247 vires,
2012 5186 2081 5239 sarr
2096 5181 2106 5217 ¹·

447 5288 525 5332 num
539 5265 676 5349 Spiritus
691 5263 808 5342 Sancti,
816 5264 900 5346 quod
916 5264 1011 5326 simul
1027 5282 1101 5327 cum
1117 5266 1192 5327 cari·
1247 5275 1279 5328 et
1301 5266 1348 5328 vir
1368 5265 1508 5348 prudens
1529 5282 1624 5347 quam
1646 5264 1747 5329 fortis,
