4309 6259
424 487 484 553 378
921 507 1081 555 nxrosrno
1101 508 1208 555 iussn.
1231 526 1271 537 -
1291 508 1361 555 unr.
1383 508 1480 557 xxxix

425 679 510 743 dono
533 697 570 741 no
593 697 725 741 munero
749 678 790 742 sit
808 678 872 743 Deo
894 678 1067 760 gratiarum
1090 678 1173 742 notio
1187 678 1213 741 A
1226 686 1381 762 quatenus
1409 679 1549 761 quotidie
1574 678 1628 742 tuli
1652 679 1725 744 cibo
1749 678 1895 761 amplius
1923 677 1995 761 spi-

425 777 613 856 oxhibondn,
634 786 752 859 quanto
775 778 876 860 magis
901 779 941 840 do
964 778 1044 840 tanti
1070 796 1173 841 suoru·
1228 777 1381 841 ritualiter
1395 778 1642 861 impinguemur,
1650 778 1860 861 perfruiumur
1876 784 1914 841 et
1926 776 1995 839 dei-

426 875 525 939 monti
554 875 744 941 collatione?
768 876 812 939 Do
834 894 897 957 quo
920 884 1007 939 tanto
1035 876 1173 958 amptius
1227 876 1379 954 fioomnr3
1396 876 1505 958 sicque
1520 878 1661 958 quotidie
1676 878 1714 940 nd
1730 896 1882 940 mensum
1899 875 1995 939 Chri-

425 974 489 1038 Doo
513 973 748 1057 regratiandum
771 982 830 1053 nst,
850 982 969 1057 quanto
991 974 1095 1056 ipsum
1121 975 1174 1037 bo
1228 975 1267 1037 sti
1283 975 1384 1057 magis
1399 974 1580 1039 efficiamur
1598 976 1715 1055 idonei,
1732 996 1806 1039 curu
1825 973 1993 1057 ampliori

425 1071 581 1135 noiicium
609 1072 715 1154 majus
741 1092 778 1135 no
806 1073 935 1154 dignius
968 1081 1078 1136 nxstut.
1109 1072 1172 1135 Neu
1228 1074 1454 1156 praepurutiono
1469 1082 1500 1137 et
1519 1074 1694 1137 reverentia
1712 1074 1921 1151 accedendo,
1938 1073 1995 1135 do-

426 1170 552 1233 snificit
579 1170 762 1253 rogrntintio
789 1171 866 1251 oris,
893 1172 949 1235 sed
976 1171 1113 1234 ufiootus
1142 1179 1174 1234 et
1227 1172 1331 1234 votius
1347 1172 1534 1251 recedendo,
1551 1181 1645 1254 utque
1660 1172 1693 1234 in
1707 1172 1863 1235 omnibus
1888 1171 1994 1252 digno

425 1270 545 1352 operis,
565 1277 722 1352 quatenus
739 1278 806 1334 toto
827 1270 943 1333 montis
964 1271 1108 1353 appetitu
1128 1270 1174 1332 di·
1227 1268 1290 1333 neo
1312 1270 1540 1349 conversando,
1560 1272 1600 1333 ad
1619 1270 1753 1352 glorium
1771 1269 1909 1332 Domini
1936 1287 1994 1332 nn

426 1368 501 1432 vinu
529 1367 690 1431 beneficio
717 1370 969 1451 complectendo,
998 1369 1173 1433 bonitatem
1227 1366 1284 1429 stri
1313 1367 1387 1430 Josu
1414 1366 1538 1447 Christi,
1564 1368 1619 1450 qui
1648 1374 1696 1430 ost
1723 1386 1798 1430 cnm
1826 1366 1933 1429 Patr-n
1961 1374 1995 1428 nt

426 1465 506 1529 tanti
522 1465 736 1529 benefactoris
755 1466 920 1529 laudemus
938 1486 976 1530 uc
990 1466 1171 1548 diligamus,
1228 1465 1347 1547 Spiritu
1368 1466 1482 1529 Sancto
1497 1486 1642 1530 verusne
1656 1484 1740 1529 unus
1758 1484 1861 1547 super
1877 1464 1993 1529 omnin

426 1572 521 1647 utque
536 1563 639 1627 eidem
656 1564 688 1627 in
704 1564 853 1629 omnibus
868 1565 996 1629 obedire
1008 1584 1171 1628 curemus:
1227 1566 1309 1627 Dous
1330 1564 1475 1628 sublimis
1495 1574 1527 1628 ot
1545 1564 1742 1629 benedictus.
1760 1566 1881 1627 Annon.

886 2821 999 2870 FlNlS
1032 2820 1328 2871 EXPOSITIONIS
1362 2821 1508 2871 MISSAE.
