4309 6259
455 448 513 513 216
732 466 773 513 nn
793 466 884 513 nonis
904 466 1038 514 srmrrns
1060 463 1178 520 sanun,
1201 461 1376 509 rnacrarus
1398 463 1442 510 (ιι,
1464 482 1505 493 -
1525 463 1595 510 aar.
1618 464 1662 521 ιιι,
1682 464 1729 515 ιιι

455 636 584 701 consilii
602 656 667 701 non
687 646 736 701 est
754 638 794 701 de
818 638 887 720 ipso
912 637 990 718 line,
1008 636 1063 699 sed
1088 633 1203 697 mediis
1218 633 1244 701 Α
1259 640 1307 695 est
1325 632 1426 714 gratia
1448 632 1666 697 consiliarium
1687 631 1839 716 eligendi,
1856 634 1986 715 quemad-

455 736 573 817 quibns
597 737 782 818 pervenitur
804 737 843 799 ad
868 735 980 798 linem.
1001 734 1103 809 Quum
1129 750 1203 813 ergo
1259 730 1389 793 modum
1413 732 1447 793 in
1472 730 1695 795 Ecclesiastico
1720 730 1880 812 Scriptura
1898 730 1986 794 horta-

455 833 676 898 misericordia
690 834 827 898 maxime
843 834 884 896 sit
898 834 937 896 de
953 832 1002 895 bis
1025 832 1142 914 quibus
1164 832 1202 893 ad
1258 836 1310 891 tur
1326 830 1433 893 :llulti
1448 829 1576 911 pacifici
1593 829 1657 891 sint
1672 828 1741 909 tibi,
1758 836 1790 891 et
1804 827 1985 892 consiliarius
1996 849 2083 897 rausa.

456 931 557 995 linem
572 951 629 995 seu
643 932 741 995 vitam
756 941 905 995 aeternam
921 930 1122 1012 pertingitur,
1139 928 1203 992 imo
1259 926 1299 988 sit
1315 926 1369 990 tibi
1388 948 1468 989 unus
1484 929 1522 990 de
1538 928 1642 1006 mille;
1658 936 1691 990 et
1705 946 1814 989 rursus
1832 950 1839 987 :
1856 926 1910 989 Cor
1922 926 1984 990 boni
1995 948 2086 996 irasmi„
2104 920 2105 997 l

457 1048 515 1111 per
533 1049 603 1092 earn
628 1030 885 1112 compendiosius
910 1030 988 1091 linis
1011 1029 1071 1091 iste
1097 1027 1204 1109 acqui·
1259 1025 1385 1087 consilii
1408 1033 1508 1089 statue
1534 1034 1650 1089 tecum.
1669 1025 1809 1088 Tertium
1834 1032 1880 1087 est
1901 1025 1985 1106 gratia
1997 1014 2019 1053 ¹⁷*

311 1142 445 1195 ramma.
458 1136 545 1190 ratur
573 1128 688 1210 (pietas
717 1130 803 1191 enim
833 1149 889 1191 seu
917 1126 1136 1190 misericordia
1164 1127 1202 1188 ad
1258 1123 1354 1186 dandi
1379 1124 1560 1201 consilium,
1585 1124 1667 1187 sicut
1691 1124 1730 1187 de
1756 1123 1882 1186 Simone
1904 1122 1985 1185 fratre

457 1226 566 1288 omnia
580 1226 667 1289 utilis
689 1229 771 1307 est);
789 1227 860 1291 ideo
881 1226 1044 1290 beatitudo
1065 1244 1135 1306 quae
1156 1233 1204 1287 est
1259 1221 1345 1284 tude
1358 1221 1526 1285 Machabaei
1543 1221 1707 1285 inductum
1723 1222 1879 1284 est:l⁴]cce
1893 1220 1985 1283 Simon
1996 1236 2082 1285 inat...
2104 1262 2105 1267 ι

456 1326 496 1387 de
512 1324 742 1403 misericordia,
758 1326 983 1407 correspondet
997 1325 1081 1387 dono
1101 1322 1204 1386 consi·
1259 1319 1356 1382 frater
1371 1328 1485 1401 vester,
1502 1321 1552 1383 vir
1566 1319 1693 1383 consilii
1710 1328 1768 1383 est.
1786 1320 1930 1393 Quartum
1949 1300 2020 1381 est⁶⁵'

457 1423 492 1484 lii
509 1430 657 1505 tanquam
673 1424 822 1505 dirigenti
838 1432 942 1487 actum
965 1421 1201 1499 misericordiae,
1259 1418 1359 1499 gratia
1384 1418 1584 1480 examinandi
1610 1417 1781 1481 consilinm
1800 1439 1806 1477 :
1824 1417 1905 1497 quod
1928 1436 1987 1497 prn-
2104 1448 2105 1461 ι

318 1534 443 1579 summu.
457 1540 521 1584 non
548 1521 631 1584 sicut
653 1521 807 1600 elicienti‚
829 1530 864 1584 ut
888 1522 1024 1585 Thomas
1049 1520 1200 1582 allirmat.
1259 1515 1406 1577 dentibus
1422 1524 1453 1577 et
1466 1534 1541 1578 vere
1555 1515 1701 1579 discretis
1717 1522 1895 1596 competere
1908 1514 1989 1577 Sanc·
2104 1542 2105 1593 r

312 1600 444 1705 {qs'w'
457 1619 589 1681 Videtur
601 1628 718 1699 tamen,
731 1621 815 1700 quod
831 1621 950 1683 donum
966 1618 1092 1683 consilii
1107 1618 1202 1680 etiam
1260 1631 1296 1675 ca
1317 1614 1439 1675 asserit.
1457 1612 1606 1687 Quintum
1631 1621 1679 1676 est
1699 1612 1802 1694 gratia
1823 1612 1986 1694 acquirendi

456 1724 545 1779 actus
559 1716 786 1781 misericordie
807 1718 908 1799 possit
928 1717 1056 1794 elicere,
1075 1734 1204 1797 praeser-
1259 1710 1404 1788 consilia,
1429 1710 1519 1792 juxta
1545 1711 1624 1773 illud
1648 1709 1888 1774 Proverbiorum
1913 1733 1919 1771 :
1943 1710 1989 1771 l'ia
2008 1735 2085 1781 rrae

456 1814 514 1877 tim
537 1824 690 1896 quantum
718 1817 757 1878 ad
787 1824 876 1879 actus
904 1815 1086 1897 spirituales
1113 1838 1120 1875 :
1147 1813 1201 1894 (ιυί
1221 1814 1243 1875 Β
1260 1809 1347 1870 stulti
1369 1818 1454 1871 recta
1473 1809 1506 1870 in
1528 1808 1630 1871 oculis
1652 1808 1738 1890 ejus3
1755 1807 1809 1889 qui
1832 1817 1932 1871 autern
1951 1827 1989 1869 sa-
2001 1800 2024 1837 ¹⁵·

359 1941 361 1946 ·
457 1913 566 1994 utique
586 1913 829 1996 principaliores
850 1921 924 1976 sunt
943 1914 1056 1976 ceteris
1081 1912 1205 1975 miseri·
1259 1907 1350 1987 piens
1370 1916 1428 1987 est,
1446 1907 1533 1969 audit
1549 1907 1693 1969 consilia.
1706 1907 1743 1969 Et
1762 1906 1838 1969 alibi
1851 1930 1857 1967 :
1869 1905 1925 1979 Qui
1938 1924 1990 1969 om·
2011 1928 2085 1975 uram

397 2043 412 2070 v
457 2011 572 2075 cordiae
596 2012 730 2075 actibus.
755 2012 952 2074 [leolaratum
972 2019 1021 2074 est
1040 2010 1201 2091 equidem,
1260 2006 1313 2066 nia
1324 2013 1421 2087 agunt
1434 2025 1505 2067 cum
1520 2005 1666 2084 consilio,
1676 2014 1829 2087 reguntur
1839 2003 1988 2085 sapientia.
2002 1996 2025 2035 ¹⁰·

456 2109 540 2189 quod
566 2108 764 2188 pardonum
790 2108 915 2170 consilii
941 2106 1084 2169 eflicitur
1109 2106 1204 2168 bomo

456 2226 520 2269 non
545 2206 606 2269 sibi
630 2208 793 2269 dumtaxat
812 2206 866 2269 sed
886 2204 957 2268 aliis
977 2224 1104 2286 qnoque
1124 2204 1203 2267 bene
1456 2205 1704 2269 ARTICULUS
1733 2206 1798 2269 XII
1803 2254 1811 2269 .

456 2303 686 2367 consiliativus.
713 2304 791 2365 Dare
820 2310 924 2365 autem
954 2302 1137 2382 consilium,
1164 2302 1203 2363 ad

456 2402 673 2483 eleemosynas
709 2400 889 2483 spirituales
925 2407 1057 2482 spectat,
1094 2407 1203 2480 estque

455 2498 682 2563 misericordiae
704 2507 805 2578 actus,
822 2519 878 2561 seu
900 2498 1041 2581 operatio
1064 2497 1200 2579 pietatis.
1322 2493 1508 2558 onrtrobo
1523 2495 1661 2578 denique
1677 2494 2007 2580 secundumqnodest'

456 2598 543 2661 Unde
578 2597 762 2674 dicendum,
800 2598 884 2677 quod
920 2598 1040 2659 donum
1076 2594 1203 2657 consilii
1335 2592 1446 2668 virtus
1464 2592 1636 2673 dupliciter
1655 2594 1802 2657 sumitur.
1820 2596 1992 2676 Primo‚pro

454 2696 609 2777 quosdam
630 2705 719 2758 actus
744 2695 971 2758 misericordia
996 2694 1204 2757 excellentius
1260 2690 1395 2770 quadarn
1419 2688 1573 2751 firmitate
1603 2690 1774 2773 vigoreque
1799 2692 1896 2754 animi
1919 2691 1992 2753 vitiis

455 2794 543 2857 elicit
557 2813 652 2875 quarn
667 2793 894 2857 misericordia
909 2793 1010 2855 virtus
1027 2817 1034 2854 ε
1053 2791 1203 2873 quoniam
1261 2786 1437 2850 resistentis
1458 2795 1552 2867 atque
1575 2789 1776 2869 passionibus
1800 2790 1990 2854 dominantis.

455 2893 539 2954 dona
565 2890 736 2973 perfectius
762 2900 860 2972 agunt
883 2890 1067 2967 virtutibus,
1086 2890 1205 2953 theolo-
1259 2886 1302 2947 lle
1318 2884 1453 2948 fortibus
1473 2885 1526 2947 tali
1552 2885 1738 2951 tortitudine
1760 2888 1937 2969 frequenter
1955 2888 1992 2951 el-

455 2988 536 3069 gicis
551 2996 656 3050 tamen
677 2988 816 3069 exceptis
839 2988 1021 3067 virtutibus,
1039 3006 1108 3068 quaa
1131 2988 1204 3049 solae
1224 2986 1245 3048 G
1260 2982 1345 3045 latur
1360 2983 1532 3064 Scriptura,
1541 2991 1575 3045 ut
1590 2992 1638 3047 est
1654 2983 1731 3047 illud
1747 2985 1990 3049 Proverbiorum:

456 3087 540 3149 dona
561 3087 727 3149 excedunt.
1260 3082 1421 3144 llulierern
1436 3080 1550 3144 fortem
1566 3082 1637 3162 quis
1655 3081 1819 3146 invenietl
1835 3085 1886 3147 Sic
1901 3092 1991 3147 autern
2003 3104 2086 3146 Pmmt

1262 3179 1411 3243 tortitudo
1431 3198 1495 3243 non
1518 3187 1566 3242 est
1587 3179 1689 3243 virtus
1710 3182 1870 3263 specialis,
1886 3183 1936 3245 sed
1948 3200 1992 3263 gc
2004 3170 2027 3209 ¹⁰·

664 3295 908 3360 ARTICULUS
933 3296 993 3357 xl,
1262 3278 1389 3355 neralis,
1407 3278 1456 3340 vel
1480 3277 1584 3359 potius
1599 3279 1704 3341 omnis
1720 3279 1846 3343 virtutis
1868 3298 1992 3344 commn-

1262 3376 1312 3437 nis
1336 3375 1487 3439 conditio.
1513 3376 1556 3438 lle
1581 3376 1703 3440 ratione
1727 3377 1815 3441 enirn
1839 3377 1993 3460 cujuslibet

1262 3482 1362 3537 exstat
1377 3473 1515 3554 virtutis,
1533 3482 1568 3537 ut
1584 3475 1737 3539 rationem
1753 3476 1787 3537 in
1802 3477 1886 3541 bono
1904 3494 1994 3539 corre

1348 2340 1396 2396 De
1409 2337 1611 2413 fertitudine
1622 2344 1724 2411 prout
1739 2345 1784 2396 est
1801 2338 1916 2397 virtus.

534 3430 582 3487 De
605 3426 878 3505 quinquepartita
901 3427 1017 3502 pratia
1039 3426 1130 3485 circa

738 3516 922 3574 consilium.
1490 3572 1496 3583 ,
1553 3572 1558 3584 ,

1263 3572 1362 3649 boret,
1379 3578 1411 3634 et
1426 3580 1460 3633 ut
1473 3571 1611 3635 lrrmrter
1625 3591 1662 3635 ac
1678 3573 1885 3637 immobiliter
1897 3582 1970 3656 agat.

523 3674 815 3738 ONSlDERANDUll
842 3692 980 3754 quoque,
1006 3676 1090 3755 quod
1116 3674 1209 3755 quin·
1304 3670 1448 3733 Secundo
1477 3670 1634 3752 accipitur
1662 3670 1814 3735 lortitudo
1842 3682 1932 3756 prout
1956 3678 1996 3733 est

537 3792 598 3853 qne
612 3773 763 3835 dicuntur
777 3772 1045 3835 commendabilia
1059 3792 1129 3835 esse
1149 3772 1209 3833 cir·
1264 3768 1457 3830 moderativa
1477 3768 1600 3830 timoris
1619 3776 1713 3849 atque
1738 3770 1877 3833 audaciae
1902 3770 1931 3831 in
1954 3768 1995 3831 bis

462 3891 499 3934 ca
528 3870 707 3934 consilium.
736 3870 875 3933 Primum
900 3878 948 3933 est
975 3869 1076 3951 gratia
1106 3870 1209 3950 requi·
1264 3865 1297 3928 in
1312 3866 1429 3947 quibus
1443 3865 1676 3928 difficillimum
1691 3875 1740 3930 est
1754 3868 1895 3931 medium
1916 3868 1996 3929 ratio

463 3970 551 4032 rendi
568 3970 747 4032 consilium.
767 3970 852 4032 Unde
874 3970 909 4031 in
931 3970 1029 4032 'lobia
1043 3970 1206 4032 habetur:
1264 3964 1314 4026 nis
1344 3983 1480 4027 servare.
1508 3964 1656 4026 Omnium
1685 3973 1791 4029 autem
1821 3966 1995 4029 terribilium

318 4088 448 4137 romara.
462 4067 636 4131 Consilium
656 4086 783 4148 semper
800 4087 819 4128 a
838 4067 980 4148 sapiente
996 4067 1155 4148 perquire.
1172 4067 1210 4129 Et
1265 4060 1533 4125 terribilissimum
1549 4068 1597 4123 est
1612 4063 1845 4127 mors:idcireo
1859 4063 1995 4127 fortitudo

326 4178 394 4220 rm.
404 4190 448 4226 1111.
464 4164 496 4224 in
513 4163 690 4226 Proverbiis
706 4164 853 4227 Salomon
868 4164 914 4228 ait
930 4189 937 4225 z
956 4166 1085 4226 dstutus
1101 4165 1210 4227 omnia
1224 4164 1248 4225 D
1265 4169 1408 4223 versatur
1427 4162 1512 4223 circa
1536 4161 1679 4241 pericula
1703 4162 1813 4225 mortis
1840 4162 1994 4244 praecipue,

319 4244 351 4284 ¹⁶·
462 4261 529 4343 agit
550 4279 622 4323 cum
647 4260 801 4338 consilio;
817 4262 871 4342 (ιυί
896 4270 1000 4324 autern
1024 4269 1073 4324 est
1091 4261 1207 4340 latum,
1266 4278 1305 4322 ne
1325 4259 1420 4322 homo
1446 4266 1580 4322 mortem
1605 4259 1741 4323 nimium
1766 4268 1957 4342 expavescat,
1971 4266 1996 4320 et

463 4359 584 4440 aperiet
602 4358 778 4421 stultitiam.
796 4359 866 4421 llaec
888 4359 988 4440 gratia
1011 4359 1097 4421 utilis
1119 4360 1210 4422 valde
1266 4376 1305 4419 ne
1326 4376 1359 4419 se
1378 4356 1448 4438 ejus
1468 4357 1618 4439 periculis
1641 4376 1698 4438 per
1717 4359 1881 4422 audaciam
1901 4360 1997 4421 incon-

317 4466 521 4534 rtu.11,u.est,
539 4458 689 4538 quoniam
714 4456 880 4520 Salomone
906 4464 1051 4533 testante,
1069 4458 1123 4519 nbi
1147 4476 1209 4521 non
1266 4455 1347 4517 suite
1363 4463 1508 4537 exponat.
1526 4455 1577 4518 Sic
1593 4463 1699 4518 autern
1721 4455 1874 4521 fortitudo
1888 4465 1932 4519 est
1945 4456 1998 4517 rir-

464 4564 512 4618 est
544 4556 745 4637 gubernator,
777 4564 903 4617 corruet
936 4554 1094 4635 populns3
1125 4556 1210 4618 salus
1266 4562 1315 4615 tus
1336 4552 1516 4630 cardinalis,
1534 4554 1626 4633 cujus
1651 4554 1831 4636 subjectum
1851 4563 1899 4619 est
1916 4572 1998 4636 appe-

317 4677 451 4727 manaa
465 4662 582 4733 autem,
597 4654 652 4717 nbi
667 4653 767 4715 multa
781 4653 925 4716 consilia.
943 4653 980 4715 Et
995 4654 1110 4715 iterum
1128 4679 1134 4716 :
1153 4655 1209 4717 Ubi
1266 4652 1340 4713 titus
1370 4651 1549 4714 irascibilis.
1581 4652 1675 4715 Porro
1703 4653 1821 4733 duplex
1848 4662 1896 4717 est
1921 4659 1996 4717 actus

465 4772 529 4817 non
554 4762 603 4816 est
626 4753 806 4831 consilium,
827 4752 1022 4833 dissipantur
1046 4751 1235 4833 cogitatio,
1265 4749 1472 4827 fortitudinis,
1499 4757 1607 4830 utpote
1635 4772 1641 4810 :
1669 4750 1802 4813 adversa
1830 4772 1885 4816 seu
1908 4750 1997 4813 tristia

357 4872 430 4917 acea.
465 4869 533 4913 nes.
550 4851 588 4913 Et
606 4850 639 4911 in
657 4848 880 4911 Ecclesiastico
894 4848 1012 4910 dicitur
1028 4872 1034 4909 :
1052 4848 1123 4929 Fili,
1140 4848 1209 4911 sine
1265 4849 1432 4929 sustinere,
1449 4856 1480 4910 et
1495 4867 1531 4910 ea
1546 4847 1681 4911 viriliter
1695 4850 1835 4930 aggredi.
1849 4850 1996 4913 Sustinere

316 4938 425 4986 ¹¹¹¹'¹²⁴·
465 4949 599 5014 consilio
618 4947 699 5009 nihil
723 4946 881 5026 lacias‚et
905 4954 976 5028 post
1001 4946 1120 5008 lactum
1144 4966 1208 5010 non
1263 4947 1349 5009 enim
1375 4945 1554 5010 fortitudini
1577 4946 1727 5027 competit
1746 4947 1779 5007 in
1799 4957 1948 5029 quantum
1965 4946 1997 5007 ti-

465 5046 646 5130 poenitebis.
664 5045 728 5107 Hac
753 5044 853 5125 gratia
879 5052 965 5107 caret
988 5044 1043 5125 (ιυί
1068 5064 1208 5125 praeceps
1263 5064 1384 5107 morem
1417 5044 1527 5107 mortis
1560 5044 1740 5106 moderatur
1773 5064 1809 5107 ae
1843 5045 1994 5127 reprimit;

315 5167 451 5221 amma.
464 5155 512 5211 est
525 5150 557 5209 et
570 5145 609 5207 ad
630 5143 830 5206 irascendum
851 5142 1004 5225 proclivis
1021 5166 1027 5204 :
1044 5142 1099 5223 (ιυί
1122 5141 1207 5205 enim
1263 5142 1390 5225 aggredi
1414 5160 1489 5206 vero
1504 5141 1655 5204 convenit
1675 5141 1705 5205 ei
1727 5144 1901 5207 secundum
1922 5141 1995 5225 qnod

463 5244 598 5309 festinus
622 5250 680 5322 est,
697 5240 831 5324 pedibus
855 5240 1002 5305 offendit.
1025 5241 1205 5304 Secundum
1263 5241 1427 5305 audaciam
1451 5239 1586 5304 ordinat.
1614 5240 1652 5302 Et
1676 5240 1757 5303 sicut
1781 5250 1913 5307 mortem
1940 5258 1996 5307 non
