4309 6259
706 476 864 523 arrosrrro
885 474 992 522 arasa.
1013 495 1054 507 -
1073 477 1145 523 aar.
1169 479 1189 523 x
1662 458 1719 523 att

62 662 170 710 raxuatt.
182 644 329 709 Peccatori
345 644 433 708 enim
450 644 530 708 dixit
543 645 626 708 Deus
642 670 650 707 :
666 645 765 720 Quare
780 652 815 708 tu
829 664 919 707 enar·
934 642 960 705 A
974 646 1014 708 de
1034 646 1104 709 loco
1123 654 1233 709 sancto
1248 663 1316 708 suo.
1333 647 1420 721 Quod
1440 666 1515 710 vero
1535 666 1592 729 per
1609 646 1721 709 isaiam

182 764 227 807 ras
240 743 376 825 justitias
398 747 507 806 meast
521 743 629 825 ltaque
643 751 716 826 post
729 744 822 825 llyrio
844 744 920 807 elei·
973 744 1126 806 Dominus
1141 744 1230 822 dixit,
1247 744 1313 825 Ego
1334 744 1498 823 Dominus,
1515 744 1575 808 hoc
1597 752 1646 807 θεῖ
1666 764 1722 809 no
1735 773 1826 825 rm,
1837 776 1858 817 a,

181 860 244 919 son,
260 850 364 905 cantat
384 841 526 905 Ecclesia
545 842 703 923 llymnum
724 841 917 923 angelicum,
974 861 1047 905 men
1081 862 1199 921 meum,
1228 842 1362 925 gloriam
1395 862 1498 905 meam
1532 842 1622 907 altari
1657 862 1721 906 non

62 958 167 1007 lasau.
180 941 283 1002 dicens
305 959 378 1003 cum
407 941 531 1023 angelis
557 964 564 1001 ε
590 939 696 1004 Gloria
723 940 757 1002 in
785 940 919 1003 excelsis
974 940 1067 1017 dabo,
1083 959 1147 1003 non
1163 941 1288 1003 videtur
1308 942 1428 1004 dictum
1450 942 1489 1004 de
1508 941 1609 1025 gloria
1628 949 1722 1024 prout

180 1038 249 1118 Beo,
263 1048 294 1101 et
312 1038 347 1101 in
365 1046 449 1102 tarra
467 1058 527 1120 pax
547 1038 732 1103 hominibus
753 1039 844 1103 bonae
866 1058 920 1102 vo-
974 1038 1120 1119 designat
1144 1040 1302 1117 notitiam,
1323 1057 1434 1103 omnes
1458 1041 1545 1103 enim
1569 1040 1655 1103 Beati
1674 1040 1722 1102 la-

180 1136 313 1200 luntatis.
974 1137 1024 1199 cia
1038 1137 1077 1199 ad
1098 1136 1214 1199 taciem
1233 1136 1402 1200 bominum
1424 1138 1644 1221 conspiciunt,
1661 1157 1720 1201 nac

217 1237 300 1312 Quod
314 1255 391 1299 vero
406 1236 559 1318 sequitur,
572 1236 750 1299 Laudamus
765 1244 806 1314 ta,
819 1255 919 1318 usque
974 1234 1014 1297 de
1038 1234 1140 1318 gloria
1169 1242 1262 1317 prout
1293 1235 1443 1318 importat
1477 1236 1629 1315 laetitiam,
1658 1254 1721 1299 am-

180 1335 210 1399 in
235 1334 346 1413 linem,
372 1335 404 1397 S.
430 1333 567 1397 Hilarius
590 1334 692 1396 lertur
718 1334 916 1417 apposuisse,
975 1352 1032 1395 nes
1055 1352 1171 1416 nempe
1194 1332 1280 1395 Beati
1307 1333 1504 1399 beatitudine
1527 1334 1582 1397 Boi
1610 1333 1722 1397 lruun-

180 1436 226 1500 vel
254 1433 461 1516 Symmachus
490 1432 584 1515 Papa,
610 1432 786 1495 secundum
810 1432 919 1495 Alber·
974 1440 1027 1494 tur
1042 1456 1050 1493 z
1067 1432 1204 1494 sumitur
1218 1449 1292 1513 ergo
1307 1432 1359 1495 hic
1380 1432 1482 1514 gloria
1501 1451 1558 1514 pro
1579 1434 1723 1515 majesta-

178 1543 251 1596 tum.
283 1531 355 1608 Sed,
386 1540 422 1593 ut
448 1530 597 1593 Nicotaus
625 1531 665 1593 de
692 1528 789 1592 Gorra
824 1548 920 1611 super
974 1538 1006 1593 ta
1029 1530 1151 1607 divina,
1172 1547 1266 1593 nemo
1290 1530 1377 1592 enim
1404 1531 1467 1594 Deo
1490 1530 1621 1612 aqualis
1650 1550 1721 1594 osse

178 1633 287 1695 bucam
308 1629 472 1706 disseruit,
487 1636 520 1691 et
539 1648 577 1691 er
599 1627 701 1691 Gestis
724 1629 839 1709 partim
860 1629 919 1691 ito
974 1628 1069 1691 valet.

177 1746 336 1792 manorum
358 1727 537 1790 declaratur
557 1725 760 1804 Pontificum,
784 1726 814 1788 S.
835 1726 920 1789 Hila-
1014 1726 1163 1808 Sequitur
1190 1737 1295 1792 autem
1324 1727 1357 1789 iu
1386 1727 1508 1809 Hymno
1535 1726 1682 1808 angelico
1712 1750 1718 1788 :

176 1827 237 1890 rius
252 1825 331 1888 illud
344 1824 508 1907 apposuit3
525 1824 732 1907 Symmachus
748 1843 822 1887 roro
837 1824 919 1906 Papa
935 1822 960 1885 B
975 1828 1018 1888 Et
1037 1828 1073 1886 in
1093 1835 1183 1887 terra
1204 1846 1273 1902 poa
1294 1827 1479 1887 homicidas
1500 1828 1589 1887 dona
1609 1830 1723 1887 uolua-

176 1926 322 2005 hymnum
347 1923 445 1985 istum
469 1923 503 1985 in
526 1922 620 1985 ldissa
644 1922 781 1985 instituit
804 1924 918 1985 decan·
974 1928 1062 1985 tatis.
1088 1923 1230 1986 Christus
1254 1926 1341 1987 enim
1366 1930 1414 1985 θεῖ
1437 1926 1498 2005 pa'x
1521 1932 1640 2002 nostra,
1666 1923 1720 2005 qui
1734 1948 1820 2005 aptas
1844 1963 1867 2001 n,

178 2024 311 2086 undum.
343 2022 570 2084 Verumtamen
598 2021 780 2083 hibertus
773 2040 807 2083 rn
836 2021 918 2084 libro
973 2020 1051 2083 lecit
1069 2029 1202 2102 utraque
1222 2042 1334 2100 unum,
1350 2020 1720 2103 colligendoEcclasiam
1735 2013 1767 2055 ¹⁴·

176 2122 212 2183 de
236 2119 391 2202 llysteriis
420 2119 510 2198 dicit,
536 2119 680 2199 quodS
707 2117 918 2201 Telesphorus
973 2138 1011 2181 ex
1026 2119 1141 2182 luders
1156 2128 1187 2181 et
1201 2120 1361 2201 gentibus,
1378 2127 1409 2182 θῖ
1424 2118 1644 2182 reconciliavit
1663 2137 1798 2189 nosram,
1800 2147 1867 2197 „10-

176 2218 262 2299 Papa,
283 2216 339 2300 qui
361 2216 423 2278 luit
443 2236 462 2278 a
483 2215 668 2279 beatissimo
689 2216 779 2279 Petro
800 2235 916 2295 nonus,
973 2216 1037 2280 Deo
1057 2225 1088 2279 et
1107 2218 1229 2299 angelis
1249 2217 1379 2280 sanctis.
1397 2217 1492 2281 Porro
1512 2217 1654 2281 Christus
1673 2225 1760 2313 θεῖ
1735 2206 1825 2251 3333
1812 2210 1870 2261 '¹⁸⁸

177 2315 247 2377 lecit
268 2315 466 2378 additionem
489 2314 665 2395 praelatam,
690 2324 722 2377 et
746 2333 811 2379 non
834 2314 918 2377 Bila—
973 2334 1034 2397 pax
1055 2324 1163 2379 nostra
1183 2315 1385 2398 objectaliter
1407 2324 1500 2397 atque
1523 2315 1719 2378 causaliter.

175 2414 236 2475 rius
256 2438 263 2475 :
284 2422 318 2477 θῖ
339 2414 550 2495 Telesphorus
575 2412 714 2475 instituit
735 2412 819 2476 istud
844 2432 918 2475 cau·
973 2413 1049 2494 quia
1073 2414 1250 2476 secundum
1274 2422 1419 2476 naturam
1444 2422 1650 2495 assumptam,
1674 2421 1723 2476 est

174 2512 268 2574 ticum
287 2512 409 2575 cantari
433 2511 467 2573 in
489 2520 582 2574 nocta
604 2509 783 2573 Natiuitatis
802 2510 916 2573 Christi
973 2530 1069 2573 causa
1093 2511 1255 2574 meritoria
1279 2512 1388 2593 pacis,
1410 2512 1585 2573 secundum
1607 2511 1723 2574 divini-

61 2628 162 2680 tatum.
176 2610 205 2672 in
232 2610 336 2692 prima
364 2610 468 2687 Missa,
493 2609 569 2690 quia
596 2616 673 2672 tunc
701 2608 806 2690 angeli
836 2608 919 2671 ceci·
973 2616 1069 2671 tatem
1095 2628 1182 2685 vero,
1207 2616 1256 2671 est
1283 2627 1379 2672 causa
1407 2607 1558 2671 allectiva
1581 2616 1613 2671 et
1635 2608 1723 2693 prin-

176 2717 285 2771 ncrunt
299 2708 497 2790 principium
513 2706 629 2769 cantici
645 2706 762 2789 hujua3
779 2715 918 2789 postmo·
973 2706 1088 2788 cipalis
1108 2706 1196 2789 pacis
1215 2714 1342 2785 nostra,
1363 2706 1428 2769 imo
1448 2713 1480 2769 et
1499 2724 1594 2769 causa
1612 2706 1722 2769 linalis

176 2808 245 2869 dum
260 2826 338 2870 vero
353 2806 560 2889 Symmachus
574 2804 735 2868 ordinavit
750 2804 828 2867 illud
844 2823 918 2867 can·
973 2813 1004 2866 et
1018 2804 1197 2886 objectalis‚
1214 2804 1289 2885 quia
1310 2804 1343 2866 in
1359 2804 1429 2886 ipso
1444 2803 1528 2866 sicut
1542 2804 1575 2865 in
1597 2823 1722 2867 summo

176 2907 230 2968 tari
249 2906 282 2967 in
302 2905 477 2968 dominicis
498 2913 530 2967 et
552 2902 643 2966 lestis
663 2922 727 2966 non
750 2904 914 2967 luctuosis.
974 2903 1040 2966 line
1064 2922 1126 2985 pax
1145 2911 1253 2965 nostra
1272 2901 1429 2965 consistit.
1450 2903 1511 2965 Pax
1531 2910 1637 2965 autem
1658 2902 1723 2965 lor·

211 3004 314 3068 Gloria
351 3011 469 3080 autem,
498 3010 533 3065 ut
568 3001 614 3064 ait
642 3001 839 3079 Ambrosius,
869 3003 954 3067 estG
974 3001 1100 3064 maliter
1114 3008 1162 3063 est
1183 3000 1397 3082 tranquillitas
1418 3020 1473 3063 seu
1493 3000 1584 3082 quies
1606 3000 1722 3063 mentis

176 3103 255 3165 clara
283 3122 359 3165 cum
387 3101 480 3163 lande
509 3100 633 3164 notitia.
658 3100 764 3163 Gloria
791 3118 917 3181 quoque
974 3099 1006 3159 in
1028 3098 1093 3161 Deo
1115 3122 1121 3159 :
1143 3106 1174 3161 θῖ
1196 3098 1262 3161 haec
1288 3096 1321 3159 in
1346 3096 1531 3161 hominibus
1554 3098 1645 3161 bonae
1668 3116 1723 3161 vo-

175 3202 271 3283 accipi
288 3208 393 3283 potest
414 3218 472 3282 pro
493 3199 613 3275 laetitia,
629 3208 661 3261 et
682 3198 758 3261 item
773 3218 831 3279 pro
853 3218 919 3262 ma·
973 3196 1104 3259 luntatis
1119 3195 1440 3278 essecensetur‚quia
1455 3195 1583 3259 illorum
1599 3215 1723 3258 summa

174 3298 281 3377 jestate
309 3317 368 3360 seu
395 3294 603 3378 perfectione.
633 3295 698 3359 Hoc
727 3314 802 3376 ergo
833 3296 918 3376 quod
973 3294 1104 3358 allectio
1129 3302 1176 3356 est
1204 3294 1307 3357 honor
1330 3301 1362 3357 θῖ
1389 3293 1490 3375 gloria
1519 3294 1586 3371 Dei,
1614 3292 1722 3375 sicque

174 3395 296 3473 dicitur,
315 3397 431 3457 Gloria
450 3396 487 3453 ia
505 3395 641 3453 eccelsia
658 3396 735 3463 Deo,
755 3392 917 3474 duplicem
972 3401 1079 3457 mente
1100 3393 1132 3454 in
1153 3394 1216 3456 ilco
1235 3393 1414 3474 quiescunt.
1435 3392 1474 3455 Bt
1492 3392 1642 3473 quoniam
1662 3412 1723 3474 pax

175 3512 297 3555 sensum
311 3491 418 3555 hahet.
435 3491 575 3553 Primum
593 3515 600 3553 :
617 3513 634 3550 a
651 3490 801 3569 Gloria»,
818 3492 850 3552 id
870 3500 917 3553 est
973 3492 1034 3554 ista
1053 3512 1072 3553 a
1093 3492 1157 3554 Deo
1180 3492 1273 3555 nobis
1299 3491 1413 3555 collata
1435 3500 1494 3570 est,
1511 3490 1583 3555 ideo
1603 3492 1643 3554 de
1660 3492 1722 3554 hoc

173 3592 255 3653 clara
269 3590 395 3668 notitia,
412 3589 453 3651 sit
467 3612 484 3649 u
500 3590 563 3652 Deo
579 3589 611 3651 in
626 3589 760 3652 excelsis
777 3612 806 3667 a,
824 3590 919 3651 idest
973 3590 1081 3652 laudat
1103 3590 1201 3651 Deum
1224 3588 1379 3667 Ecclesia,
1396 3588 1507 3651 dicens
1525 3613 1531 3651 :

174 3689 204 3750 in
228 3690 341 3767 coelis3
367 3688 419 3751 rel
443 3711 460 3748 a
487 3688 519 3749 in
544 3688 677 3751 excelsis
702 3710 731 3765 a,
754 3688 786 3750 id
812 3697 859 3750 est
884 3688 918 3749 in
1013 3691 1204 3750 Laudamus
1220 3697 1260 3757 te,
1277 3686 1309 3749 id
1331 3695 1389 3766 θεῖ,
1405 3687 1538 3768 dignum
1560 3687 1652 3751 laudo
1674 3708 1723 3751 as-

173 3789 290 3869 angalis
311 3795 408 3868 atque
421 3785 537 3866 Beatis,
553 3786 703 3849 videlicet
717 3794 752 3848 ut
773 3787 834 3867 ipsi
856 3787 918 3849 cla·
974 3786 1119 3847 serimus.
1143 3787 1373 3847 Beuedr'cimas
1397 3794 1439 3855 te,
1461 3786 1492 3847 id
1518 3794 1577 3865 est,
1602 3786 1721 3849 bonum

174 3904 236 3947 ram
250 3886 371 3949 debeo
392 3885 538 3948 notitiam
560 3884 744 3947 habeantet
765 3905 838 3948 eum
854 3886 918 3949 col·
972 3885 1012 3946 de
1037 3893 1067 3946 te
1092 3885 1143 3946 vel
1168 3883 1227 3945 tibi
1248 3882 1397 3945 dicimus.
1419 3882 1481 3946 Nos
1503 3884 1722 3948 benedicimus

55 3997 161 4055 rimu,
174 3984 309 4061 laudent,
327 3985 411 4046 sicut
431 3983 465 4044 in
479 3983 612 4045 Psalmis
634 3992 798 4046 cantamus
816 4008 823 4045 :
840 3984 919 4047 qu-
973 3982 1048 4061 Deo,
1069 3990 1101 4043 et
1123 3981 1206 4044 Deus
1231 3982 1391 4043 benedicit
1414 3981 1528 4060 nobis;
1549 3984 1603 4045 sed
1628 3981 1723 4045 difie-

55 4062 97 4105 ‘¹²‘
173 4082 241 4144 date
260 4082 433 4146 Dominum
454 4083 494 4144 de
516 4080 617 4160 coelis,
638 4082 763 4144 laudate
787 4102 860 4145 oum
884 4085 918 4146 in
973 4088 1081 4143 center
1117 4080 1220 4142 valde.
1251 4078 1328 4142 Nam
1363 4080 1544 4143 benedictio
1579 4080 1646 4162 Dei,
1675 4100 1723 4143 se-

172 4181 303 4243 excelsis
316 4204 325 4257 3
342 4180 467 4243 laudate
482 4200 568 4258 eum,
584 4198 695 4243 omnes
714 4181 818 4261 angeli
834 4182 915 4262 ejus.
935 4182 960 4243 b
975 4179 1117 4241 cundum
1132 4178 1329 4260 Gregorium,
1348 4185 1397 4241 est
1411 4178 1538 4243 collatio
1553 4198 1722 4243 munerum

172 4278 256 4340 l‘nde
280 4278 388 4342 Gloria
412 4278 445 4340 in
469 4278 602 4340 excelsis
621 4278 697 4356 Deo,
717 4297 782 4342 non
801 4278 919 4342 dicitur
972 4277 1155 4339 divinorum
1170 4285 1201 4338 et
1215 4276 1439 4359 multiplicatio
1454 4278 1649 4363 eorumdem.
1666 4279 1722 4341 Be-

173 4395 227 4455 per
255 4379 387 4440 modum
416 4376 580 4453 orationis,
605 4396 703 4457 quum
727 4396 853 4459 semper
878 4378 919 4439 sit
974 4375 1114 4437 nedictio
1143 4376 1241 4456 igitur
1269 4376 1324 4437 Dei
1358 4385 1407 4438 est
1441 4395 1537 4439 causa
1570 4376 1722 4439 bonitatis

173 4475 225 4555 ita,
249 4476 306 4538 sed
331 4494 388 4557 per
411 4476 541 4537 modum
566 4474 668 4537 laudis
692 4483 724 4536 et
752 4484 919 4557 cougratu-
973 4482 1004 4535 et
1019 4474 1128 4554 gratim
1143 4492 1180 4536 ao
1197 4474 1374 4536 sanctitatis
1395 4475 1427 4536 in
1449 4474 1541 4537 nobis
1559 4499 1566 4537 ι
1584 4475 1722 4557 petimus

53 4582 160 4635 camir.
173 4572 311 4652 lationis,
326 4574 414 4654 juxta
429 4572 507 4633 illud
525 4595 532 4632 :
549 4572 683 4633 adorate
705 4591 789 4649 eum,
807 4593 918 4637 omnes
973 4591 1111 4652 namque
1140 4571 1285 4634 benedici
1316 4592 1333 4634 a
1358 4572 1431 4649 Deo,
1458 4573 1489 4634 id
1513 4581 1562 4635 cst
1587 4574 1722 4654 gratiam

173 4671 275 4753 angeli
291 4672 372 4753 ejus.
383 4670 528 4733 Securmo
544 4669 732 4751 intelligitur
746 4671 808 4733 sic:
819 4696 835 4731 a
848 4672 919 4736 Glo
973 4678 1006 4731 θῖ
1019 4670 1272 4732 misericordiam
1288 4668 1358 4750 ejus
1374 4670 1525 4751 recipere.
1539 4670 1722 4735 Benedictio

175 4769 220 4831 ria
234 4793 263 4848 a,
276 4770 309 4832 id
324 4777 373 4831 θεῖ
386 4768 505 4845 laetitia,
523 4768 564 4831 sit
578 4791 595 4828 a
611 4769 674 4831 Deo
690 4768 723 4830 in
738 4770 871 4832 excelsis
887 4794 917 4849 a,
973 4787 1050 4832 vero
1065 4788 1127 4849 qua
1142 4786 1200 4831 nos
1215 4768 1313 4830 Deum
1329 4768 1560 4848 benedicimus,
1577 4778 1625 4832 est
1639 4790 1723 4852 qure-

174 4867 204 4929 id
226 4877 274 4930 est
295 4866 450 4929 habitanti
475 4867 507 4927 iu
530 4867 638 4943 coelis;
654 4866 704 4929 val
725 4890 742 4927 u
764 4867 796 4929 in
818 4870 919 4931 excel·
974 4870 1046 4931 darn
1063 4866 1219 4948 prolessio
1234 4866 1417 4948 quaomnia
1432 4868 1722 4932 bonaDeoadscri-

175 4965 217 5026 sis
233 4988 262 5045 a,
276 4965 310 5027 id
324 4974 373 5027 est
387 4965 420 5026 in
436 4964 606 5046 praecipuis
620 4973 713 5045 atque
728 4964 919 5029 sublimibus
974 4968 1080 5029 bimus
1106 4974 1255 5046 unquam
1286 4966 1366 5029 fonti
1385 4966 1537 5030 bonitatis
1557 4976 1589 5031 et
1607 4969 1722 5032 sancti-

175 5062 239 5125 suis
263 5061 448 5140 aflectibus
474 5062 740 5143 quemadmodum
764 5063 919 5175 scriptum
974 5066 1048 5127 tatis
1062 5085 1099 5127 ac
1115 5066 1328 5146 gratimllnde
1340 5066 1456 5147 duplex
1470 5075 1518 5129 cst
1527 5067 1720 5147 benedictio,

51 5143 95 5251 {⁸
90 5156 162 5267 2:³¹
175 5170 244 5223 est:
260 5160 432 5224 Laetabitur
444 5160 619 5224 Dominus
611 5180 644 5222 m
665 5160 817 5242 operibns
831 5182 919 5243 surs
975 5165 1100 5228 scilicet
1136 5164 1385 5227 consecrationis
1420 5173 1451 5227 et
1486 5166 1719 5229 laudationis.

52 5272 79 5313 ¹²
177 5269 206 5324 et
226 5260 260 5323 in
279 5259 468 5325 Ezechiele:
484 5258 653 5323 Benedicta
672 5259 773 5341 gloria
793 5261 920 5327 bomini
977 5264 1090 5347 prima,
1112 5261 1274 5326 benedicit
1295 5281 1352 5326 nos
1373 5263 1475 5325 Deus·
1469 5264 1643 5342 ,socunda,
1664 5284 1723 5331 nos
