4309 6259
532 843 673 995 DE
753 842 1334 997 PRAECONIO

267 1216 399 1369 ET
486 1215 1110 1371 DIGNITATE
1198 1219 1603 1374 MARIAE

341 1464 348 1476 ι
620 1584 857 1734 urnae
918 1587 1236 1699 ceruus

396 2278 656 2343 PROOEMIUM·
915 2240 941 2303 Α
956 2240 1095 2323 cipiante
1111 2240 1220 2323 utique
1234 2258 1370 2323 eumque
1385 2244 1595 2325 gignentaah
1610 2246 1708 2311 inier-

956 2338 1038 2401 nalis
1059 2338 1252 2420 obligatione
1271 2341 1360 2404 necis
1380 2341 1498 2424 singuli
1517 2343 1704 2410 liberamur.

150 2439 450 2603 INIMICITIAS
468 2453 591 2511 ponam
615 2437 705 2495 inter
728 2444 758 2495 te
779 2444 811 2495 et
832 2457 903 2499 maa
955 2435 1188 2518 Etohid,inter
1201 2437 1284 2501 hanc
1299 2436 1450 2502 feminam
1463 2448 1706 2525 serpentemque

202 2538 341 2603 lierem,·
351 2536 421 2611 ipsa
435 2541 578 2593 conteret
591 2542 689 2609 caput
705 2542 849 2604 tuum,ct
864 2545 901 2596 tu
955 2535 1115 2598 emulatio
1129 2543 1199 2599 orta
1217 2543 1275 2599 est.
1292 2536 1516 2601 Verumtamen
1537 2540 1607 2622 ipsa
1626 2560 1706 2623 prae-

150 2635 367 2696 insidiaberis
379 2635 528 2692 calcaneo
542 2632 623 2709 ejus.
640 2630 718 2694 Gen.
734 2649 779 2705 ur,
796 2631 845 2695 ih.
956 2633 1040 2695 valet
1062 2656 1069 2693 ε
1091 2632 1209 2716 quippe
1232 2652 1302 2715 quae
1326 2643 1422 2717 caput
1445 2635 1530 2700 illius
1555 2639 1701 2703 conterit.
1719 2669 1851 2725 awa,

42 2778 94 2821 Μ,
108 2768 138 2810 2„
189 2731 339 2814 Serpenti
360 2732 443 2793 Deus
467 2729 527 2792 ista
552 2729 676 2792 locutus
697 2738 756 2793 est.
780 2730 902 2793 invidia
955 2730 1061 2795 Nihilo
1075 2731 1180 2795 minus
1191 2732 1359 2795 insidiatur
1372 2733 1427 2797 iile
1442 2735 1588 2800 calcaneo
1599 2736 1701 2803 istius.

150 2850 269 2913 nempe
292 2829 424 2909 diaboli,
449 2847 535 2892 mors
560 2828 702 2892 introivit
728 2829 763 2891 in
790 2830 901 2893 orbem
955 2829 1072 2893 Circuit
1094 2849 1232 2912 namque
1256 2838 1291 2894 ut
1317 2829 1368 2895 leo
1392 2832 1533 2915 rugiens,
1558 2853 1703 2916 querens
1717 2856 1851 2913 traseae.

149 2939 309 2993 terrarum
326 2952 334 2990 ε
351 2928 471 3010 quippe
485 2926 540 3009 qui
555 2946 614 3010 per
627 2926 781 2990 feminam
796 2928 901 2991 virum
955 2947 1050 3009 quern
1074 2930 1216 3006 devoret,
1240 2929 1411 2992 schismata
1435 2930 1635 3014 haeresesque
1656 2934 1704 2997 in-

149 3026 280 3107 refellit,
309 3034 404 3106 atque
436 3043 495 3106 per
524 3024 586 3087 hoc
619 3024 738 3089 sobolis
771 3043 900 3089 ornnem
955 3027 1096 3107 ducens;
1117 3035 1149 3091 et
1168 3027 1266 3109 hujus
1287 3029 1415 3091 domurn
1438 3030 1580 3095 mulieris
1601 3032 1705 3115 digni·

42 3157 134 3211 emp,
148 3125 369 3206 posteritatem
393 3121 516 3185 intecit.
536 3121 624 3185 Fecit
647 3122 796 3205 equidem
817 3123 901 3185 Deus
955 3124 1010 3186 tati
1025 3144 1083 3207 per
1097 3144 1133 3189 os
1155 3127 1362 3208 reproborum
1378 3146 1507 3193 suorum
1527 3130 1700 3194 maledicit.

147 3223 313 3287 hominem
344 3223 385 3285 ah
413 3220 504 3284 initio
532 3228 675 3300 rectum3
702 3221 800 3285 invidi
824 3240 900 3284 vero

147 3318 939 3503 ἷῗὲῗῖζῖζῖἓθνῶῗιῗζῗὲᾈαοῗιῖἶῖἷιθῗῖἷζωῖἷΒ
1100 3380 1345 3448 ARTICULUS
1375 3384 1552 3451 paruus.

147 3518 278 3583 aliunde
302 3534 432 3599 quoque
455 3516 672 3580 auxiliandum
693 3535 829 3580 censens
851 3536 899 3579 Μ·
994 3531 1072 3597 Qua
1082 3531 1258 3605 praesentis
1275 3532 1431 3592 editionis
1450 3534 1590 3593 intentio
1606 3534 1659 3598 sit.

147 3617 349 3700 pientissima
363 3616 536 3698 divinaque
550 3616 693 3697 equitas,
705 3635 744 3679 eo
757 3616 900 3679 decrevit

147 3718 241 3780 modo
262 3715 429 3780 hominem
454 3714 611 3777 redimere
630 3733 694 3796 quo
715 3715 824 3797 utique
845 3715 899 3777 de·
1012 3713 1212 3778 INGULARIS
1236 3715 1290 3779 illa
1313 3717 1543 3800 praelectaque
1568 3720 1663 3803 Virgo
1690 3746 1697 3784 ε

146 3824 258 3897 ceptus
278 3821 340 3877 est.
356 3812 537 3890 Enimvero,
560 3832 618 3895 per
638 3811 803 3892 feminam,
827 3832 898 3876 suc·
1025 3817 1161 3874 Beatam
1182 3812 1309 3894 (inquit)
1325 3834 1374 3874 me
1393 3816 1501 3877 duent
1522 3837 1630 3880 omnes
1646 3839 1844 3897 pe-ca0.1.u.

147 3914 328 3976 cessionem
343 3911 444 3994 prolis
458 3911 639 3974 universam
660 3909 711 3972 vir
730 3909 809 3992 ipse,
825 3929 898 3992 pro-
951 3914 1146 3973 nerationes.
1174 3911 1321 3994 ideoque,
1352 3920 1386 3975 ut
1413 3932 1472 3996 ego
1501 3934 1626 3998 quoque
1652 3918 1700 3980 di·

146 4011 303 4093 topiastus
323 4009 419 4073 horno
439 4009 623 4091 primusque
642 4027 768 4089 parens,
785 4008 898 4071 iniecit
949 4010 1063 4091 gnitati
1085 4019 1157 4089 tuae,
1177 4028 1197 4073 o
1218 4011 1444 4075 amabilissima
1465 4015 1699 4096 purissimaque

65 4168 70 4179 ,
119 4152 133 4191 ,,
146 4119 241 4192 atque
269 4108 446 4173 damnavit.
476 4108 611 4188 ideoque
638 4106 671 4168 in
700 4106 768 4170 viro
800 4126 896 4189 quem
948 4108 1054 4188 Maria,
1070 4108 1176 4170 vicem
1196 4126 1253 4190 pro
1267 4108 1386 4172 viribus
1408 4109 1588 4190 refundam,
1604 4121 1698 4196 atque

42 4228 47 4239 ·
146 4209 266 4289 statuit,
284 4209 319 4270 in
335 4226 374 4270 eo
388 4225 484 4288 quern
502 4204 597 4286 elegit
615 4205 755 4286 itemque
774 4225 896 4268 assum·
949 4215 986 4268 ut
998 4224 1080 4287 queo
1096 4206 1222 4269 laudem
1236 4207 1413 4287 exhibeam,
1429 4217 1460 4273 te
1479 4209 1603 4273 beatam
1624 4210 1696 4293 fari,

145 4309 218 4389 psit,
235 4308 292 4370 sed
307 4325 373 4370 non
393 4305 456 4367 nisi
474 4322 531 4386 per
548 4304 712 4385 feminam,
729 4304 811 4366 Deus
833 4305 897 4369 cle·
950 4303 1089 4385 itemque
1114 4311 1168 4367 tua
1191 4304 1282 4367 fateri
1307 4307 1477 4388 praeconia,
1500 4310 1639 4373 decrevi.
1660 4309 1698 4373 Et

144 4425 235 4496 ruens
251 4413 283 4468 et
296 4411 436 4467 aeternus
450 4403 624 4464 humanum
639 4420 741 4483 genus
760 4401 895 4466 liberare
948 4403 990 4465 oh
1018 4402 1062 4481 id,
1088 4403 1127 4465 de
1155 4402 1315 4466 Praeconio
1344 4412 1376 4467 et
1398 4406 1552 4487 dignitate
1579 4408 1693 4488 Marias,

143 4504 298 4568 decrevit.
319 4500 517 4565 Pariiicanda
537 4499 622 4562 enim
643 4499 763 4561 exstitit
784 4502 895 4565 morbo
947 4519 1029 4583 opus
1043 4501 1126 4563 istud
1142 4501 1367 4583 appellandum
1382 4503 1551 4567 arbitratus
1567 4525 1648 4569 sum.

144 4602 279 4684 medela,
295 4598 573 4681 damnationisque
588 4599 683 4661 modo
703 4598 930 4680 redemptio-C
988 4599 1049 4661 Sed
1063 4618 1150 4662 nunc
1169 4598 1265 4677 adsiS,
1282 4619 1372 4664 sacra
1392 4601 1563 4684 divinaque
1578 4604 1693 4686 Virgo;

144 4700 194 4763 nis
213 4700 329 4764 [orma.
350 4699 498 4780 Ideoque,
518 4697 786 4779 quemadmodum
808 4696 893 4778 justa
947 4697 1033 4761 adsis
1056 4716 1181 4779 precor,
1202 4716 1221 4761 o
1243 4698 1464 4762 desiderabilis
1487 4708 1581 4783 atque
1603 4722 1695 4766 mun-

144 4818 179 4861 ec
210 4799 369 4864 ineiiahili
399 4806 523 4861 aeternae
554 4795 711 4877 equitatis
746 4815 891 4875 censura,
946 4796 1078 4859 dissima
1097 4796 1212 4876 Mater3
1229 4796 1315 4859 adsis
1337 4798 1433 4881 cupio
1447 4806 1566 4863 atvero
1588 4802 1692 4884 cupio,

143 4916 207 4961 uno
229 4896 493 4979 transgrediente,
509 4895 628 4959 femina
649 4895 819 4959 consilium
841 4916 893 4958 ex·
946 4913 966 4958 o
988 4896 1104 4959 decora
1127 4894 1387 4977 delectabilisque
1410 4897 1544 4961 Domina
1563 4900 1692 4981 puella;

142 4997 331 5078 ordiumque
354 5002 535 5077 prestante,
562 4994 669 5057 cuncti
694 4994 889 5075 cecidimus;
946 4994 1083 5077 impetra
1105 5003 1160 5058 tuo
1183 5012 1285 5073 servo,
1312 5012 1331 5057 o
1356 4997 1616 5077 prestantissima
1646 5000 1694 5063 in·

142 5094 188 5157 sic
204 5114 270 5159 uno
282 5094 464 5172 obediente,
472 5092 592 5155 femina
606 5103 807 5176 cooperante,
816 5113 891 5157 con·
945 5094 1233 5177 comparabilisque
1267 5095 1373 5174 Maria,
1408 5097 1595 5179 sapientiam
1630 5117 1693 5180 qua

188 5298 198 5339 ¹
215 5296 258 5347 Ex
270 5295 392 5349 editione
407 5294 566 5347 Coloniensi
579 5292 696 5347 Ioannis
710 5293 827 5356 Soteria,
844 5292 917 5345 15³2.
