4309 6259
442 472 503 539 522
715 495 755 541 nn
776 492 934 542 rusculo
954 494 992 540 nv
1013 493 1177 541 orcurrara
1197 493 1313 551 uuam,
1336 492 1424 541 unua
1444 494 1475 539 u.
1498 512 1540 523 -
1559 494 1629 540 aar.
1650 493 1716 540 rvu

303 687 378 738 ιω,
390 688 429 731 a.
443 660 578 725 scandit.
588 662 723 744 Etenim,
732 683 831 745 quum
844 664 931 745 justa
945 664 1001 727 illa
1014 663 1188 743 Elisabeth,
1204 662 1230 725 Α
1244 681 1339 744 quam
1355 682 1428 727 cum
1442 664 1511 745 ipso
1532 682 1602 727 esse
1623 671 1732 746 optare
1753 661 1910 745 nequibat.
1924 663 1975 725 l‘e

296 753 331 794 ⁴⁵·
443 759 567 823 excelsa
585 760 685 824 llariea
709 762 869 843 preconia
892 760 1191 844 incomparabilem·
1245 769 1422 824 rumtamen
1436 762 1476 825 dc
1490 762 1550 825 hac
1565 780 1599 825 re
1614 761 1703 825 locus
1718 761 1821 825 adhuc
1839 760 1896 825 erit
1915 780 1975 824 ver-

442 876 505 939 que
529 858 759 923 beatitudinem
787 860 896 941 effata,
923 859 1009 923 lassa
1032 868 1127 935 esset,
1155 860 1188 921 iu
1244 858 1276 921 bi
1299 858 1474 942 amplioris.

442 957 558 1020 divinae
573 967 703 1039 repente
717 958 893 1041 majestatis
907 959 1033 1022 laudern
1048 978 1189 1042 prorum·

322 1080 380 1124 nm
393 1087 428 1128 aa.
442 1075 532 1137 pens,
545 1056 590 1118 nil
605 1064 711 1120 autam
725 1057 786 1120 sibi
800 1058 976 1121 attribuens
988 1081 995 1121 ε
1007 1056 1190 1139 blagnilicat

441 1154 571 1236 (iuquit)
585 1155 693 1219 anima
707 1176 778 1219 mea
796 1156 976 1237 Dominum,
989 1150 1057 1219 'non
1079 1156 1189 1237 utiquc
1426 1131 1670 1197 ARTICULUS
1693 1133 1803 1197 XVII.

442 1272 494 1364 ¹¹¹?
509 1253 626 1365 ipsam:
639 1254 720 1329 Qssid
739 1273 815 1365 V⁰·¹'⁰
836 1264 885 1318 0⁵⁶
903 1255 1115 1364 magnififfle·
1130 1254 1189 1317 Μ
1244 1280 1348 1346 Quam
1381 1280 1562 1339 eminenter
1595 1282 1767 1357 mysticam
1800 1284 1971 1357 theologiam

443 1352 1062 1434 m¹¹¹¹1ffl2⁰¹⁸i¹¹1³8¹¹¹iudi¹¹⁰ffl⁰ist⁰ffl
1085 1353 1189 1433 dlssffl·
1285 1370 1380 1444 Virpo
1402 1371 1643 1445 sapientissima
1666 1390 1687 1429 a
1710 1371 1798 1431 Filio
1822 1391 1876 1431 savo
1897 1373 1972 1430 didi·

442 1457 539 1513 tatem
559 1450 645 1513 illius
667 1450 758 1514 lateri
782 1460 876 1532 atque
900 1451 1077 1530 intendere,
1093 1468 1188 1512 vene-
1283 1460 1374 1518 ecrit.

443 1548 503 1610 rari
524 1548 664 1630 itemque
682 1548 838 1631 diligeret
852 1549 891 1612 Et
915 1549 972 1612 has
994 1548 1123 1629 quidem
1148 1547 1187 1609 de

442 1646 514 1708 Filii
550 1647 605 1709 Dei
640 1647 804 1729 majestate
839 1646 1135 1730 contemplationem
1169 1664 1188 1707 a
1281 1646 1542 1709 NTRODUXIT
1557 1666 1606 1707 me
1625 1666 1686 1706 rece
1705 1649 1742 1705 in
1759 1650 1872 1706 cellam
1894 1648 2064 1711 ciac-catat

443 1744 603 1827 principio
631 1746 732 1808 mutui
761 1746 928 1809 convictus
955 1746 1051 1808 Maria
1078 1744 1188 1807 sortita
1296 1744 1395 1812 riam,
1410 1746 1578 1803 ordinavit
1598 1745 1632 1803 in
1660 1763 1710 1804 me
1732 1746 1909 1804 caritatem.
1924 1743 1972 1805 Er-

442 1851 500 1906 est.
517 1843 623 1922 Porro,
639 1844 716 1907 duru
731 1844 809 1907 vidit
830 1844 983 1907 miracula
1003 1843 1185 1921 facientem,
1206 1837 1467 1903 Bcellentissima
1487 1840 1640 1922 perfectio
1663 1860 1759 1923 quarn
1785 1842 1818 1903 iu
1842 1842 1898 1905 hac
1920 1842 1972 1904 vita

442 1949 582 2005 mortuos
602 1942 819 2021 suscitantem,
836 1943 1053 2023 mentiumque
1074 1960 1189 2005 arcana
1243 1938 1376 2020 adipisci
1400 1940 1472 2021 quis
1496 1939 1591 2020 valet,
1612 1940 1681 2022 ipsa
1705 1948 1754 2003 est
1775 1940 1905 2021 mystica
1926 1940 1971 2002 bei

442 2040 655 2121 pandentem3
685 2040 761 2102 dum
794 2041 827 2102 iu
860 2040 960 2123 ipsius
992 2040 1191 2102 amarissima
1242 2038 1322 2100 visio
1340 2060 1347 2099 :
1363 2056 1433 2119 quae
1452 2038 1720 2119 quemadmodum
1740 2038 1861 2119 acquiri
1879 2046 1970 2119 queat,

442 2138 590 2219 passione
607 2137 723 2200 coelum
738 2146 917 2220 terramque
929 2138 1109 2200 conturbari
1124 2157 1191 2200 cer·
1243 2135 1442 2198 'limctheum
1457 2154 1592 2217 magnus
1612 2144 1706 2218 atque
1727 2136 1854 2199 divinus
1873 2135 1972 2217 Diony-

441 2242 553 2313 neret3
570 2235 647 2297 dum
667 2244 884 2317 resurgentem
906 2235 1064 2316 coguovit,
1081 2253 1191 2297 ascen·
1243 2234 1309 2296 sius
1330 2234 1466 2297 edocuit.
1482 2233 1520 2296 Et
1539 2235 1667 2315 quidem
1687 2236 1785 2297 verba
1806 2233 1973 2317 ejus,dils1-

442 2333 570 2396 deutcm
585 2333 845 2415 Paracletumque
861 2334 1038 2396 mittentem
1061 2352 1191 2415 prospe·
1243 2332 1392 2395 cultatem
1408 2333 1521 2409 vitans,
1538 2333 1666 2411 deser03
1678 2334 1867 2397 sententiam
1881 2341 1972 2396 autern

443 2430 487 2493 xit
504 2455 511 2493 ι
529 2431 563 2493 in
576 2430 694 2493 divina
708 2432 817 2512 utiquc
837 2430 1011 2512 majestatis
1032 2430 1190 2511 Unigeniti
1243 2449 1300 2513 pro
1323 2430 1444 2494 viribus
1465 2430 1592 2494 induco.

444 2529 493 2591 sui
516 2528 733 2612 speculatione
752 2530 957 2593 vehementer
977 2529 1109 2593 omuino
1128 2529 1191 2592 ele-
1282 2529 1390 2611 ltaque
1405 2529 1487 2592 hanc
1503 2529 1667 2610 mysticam
1682 2529 1736 2592 bei
1752 2530 1975 2613 contemplatio

443 2635 515 2690 vata
535 2626 731 2707 excitataque
749 2635 807 2690 est.
1244 2646 1317 2690 nem
1347 2626 1451 2690 sortiri
1480 2627 1673 2709 cupientem,
1704 2647 1817 2691 seusus
1851 2628 1975 2708 itemque

483 2725 634 2807 Denique,
652 2725 891 2788 inscrutabilem
906 2726 1087 2789 divinorum
1107 2725 1191 2807 judi·
1244 2726 1424 2788 intellectus
1439 2733 1529 2788 actus
1544 2734 1638 2806 atquc
1653 2725 1780 2807 objecta
1799 2726 1973 2807 relinquere,

444 2825 567 2887 ciorum
589 2825 750 2906 abyssum,
767 2824 962 2887 sobriissima
983 2824 1192 2906 prudentissi·
1244 2832 1274 2886 et
1302 2824 1342 2886 ab
1369 2823 1511 2887 omnium
1539 2824 1843 2905 apprehensivarum
1876 2823 1975 2886 virium

442 2941 558 3003 meque
573 2931 680 2985 mente
694 2922 830 2984 ubertim
845 2922 891 3002 (ui
907 2921 1013 3001 fallor)
1032 2923 1188 3003 pensavit,
1244 2921 1482 3004 operationibus
1497 2922 1582 2985 circa
1596 2931 1702 2985 creata
1716 2922 1912 2985 versantibus
1927 2922 1976 2985 oti·

442 3028 599 3100 quatenus
618 3021 658 3082 ad
677 3020 730 3082 Dei
750 3019 972 3099 reverentiam,
989 3020 1039 3082 sui
1063 3013 1226 3101 quoqueG
1244 3021 1302 3098 ari,
1329 3040 1364 3084 se
1387 3020 1492 3103 ipsum
1516 3039 1643 3103 quoque
1667 3020 1815 3084 deserere
1838 3030 1869 3083 et
1893 3040 1974 3084 omne

444 3118 634 3195 custodiam,
646 3118 772 3199 plenius
788 3125 978 3181 moveretur.
991 3117 1191 3199 Contempla-
1245 3126 1385 3181 creatum
1401 3120 1584 3201 supergredi
1600 3138 1730 3183 necesse
1752 3128 1811 3182 est.
1827 3120 1891 3183 Hoc
1910 3136 1974 3181 vero

443 3216 536 3278 batur
550 3217 815 3298 quemadmodum
831 3235 850 3278 a
864 3215 1089 3279 constitutione
1104 3235 1191 3277 mun·
1244 3217 1313 3279 sine
1327 3236 1405 3299 pace
1420 3216 1536 3278 mentis
1550 3216 1669 3298 praevia
1682 3216 1753 3279 lieri
1768 3218 1887 3297 nequit.
1895 3217 1975 3279 Porro

301 3336 429 3390 uaccam,
443 3315 476 3377 di
499 3314 590 3376 multi
614 3313 704 3377 luere
728 3315 842 3395 vocati,
858 3314 952 3397 pauci
977 3332 1051 3377 vero
1073 3314 1187 3391 electi3
1243 3333 1305 3397 pax
1327 3322 1375 3377 est
1393 3313 1604 3395 tranquillitas
1628 3314 1767 3393 cndinis3
1783 3315 1861 3378 ordo
1885 3322 1975 3377 autem

298 3402 428 3451 ¹⁶³¹¹¹¹·“·
443 3413 602 3494 quomodo
625 3422 753 3494 gentem
772 3432 861 3475 suam
882 3413 963 3475 licus
983 3413 1097 3475 ceteris
1119 3413 1190 3475 reli·
1243 3411 1396 3475 inferiora
1411 3411 1648 3475 sublimioribus
1664 3412 1756 3474 subdi
1772 3422 1866 3494 atque
1881 3430 1976 3495 parere

444 3511 502 3574 ctis
537 3512 642 3593 elegit,
677 3519 771 3592 atque
806 3511 890 3572 inter
921 3510 1020 3573 elatos
1055 3510 1189 3591 piosque
1245 3510 1401 3591 efflagitat
1418 3532 1424 3571 :
1441 3510 1575 3591 ideoque
1594 3510 1698 3573 virum
1719 3511 1806 3573 hunc
1826 3510 1977 3573 inferiores

292 3623 428 3677 amasam
443 3609 648 3673 discerneret.
678 3609 814 3690 ldecque
841 3608 968 3671 dicebat
997 3630 1004 3667 z
1035 3608 1191 3689 Dispersit
1244 3628 1355 3672 omues
1375 3607 1459 3671 vires
1478 3627 1514 3671 ac
1534 3608 1692 3689 appetitus
1715 3608 1828 3671 rationi
1849 3606 1977 3671 subditos

443 3709 596 3789 superbos
615 3716 722 3770 mente
748 3706 851 3771 cordis
877 3708 948 3785 sui3
964 3706 1112 3788 deposuit
1134 3725 1190 3788 po·
1245 3707 1360 3771 habere
1382 3715 1515 3787 oportet.
1531 3706 1665 3787 Insuper
1682 3705 1874 3770 illuminatio
1892 3701 1976 3767 menti

442 3815 543 3870 tentes
558 3806 598 3869 de
612 3808 698 3885 sede,
715 3814 747 3869 et
760 3805 908 3868 exaltavit
922 3805 1070 3867 humiles.
1245 3806 1424 3868 necessaria
1438 3813 1497 3884 est,
1514 3804 1622 3887 quain
1638 3805 1783 3867 divinum
1804 3805 1882 3868 illud
1902 3812 1978 3866 ater-

484 3906 637 3987 Stupebat
650 3905 782 3987 insuper
796 3904 879 3965 iutra
897 3923 941 3981 se,
958 3922 1062 3984 neque
1081 3904 1189 3966 mirari
1245 3905 1380 3986 naleque
1407 3902 1677 3967 iucommutabilis
1706 3902 1849 3967 veritatis
1883 3904 1977 3965 lumen

442 4005 584 4084 suffecit,
598 4004 636 4065 ad
652 4011 771 4065 tautam
787 4021 821 4065 se
836 4002 962 4065 intuens
977 4002 1111 4083 gratiam
1127 4001 1191 4064 ele·
1246 4003 1394 4086 rapiatur,
1412 4021 1476 4066 non
1499 4022 1556 4083 per
1574 4002 1781 4085 symbolicam
1806 4001 1979 4083 speculatio

444 4112 540 4167 ctam.
576 4101 707 4184 Nempe,
735 4119 834 4181 quum
864 4100 897 4162 in
925 4100 1054 4182 proprio
1083 4100 1189 4163 animo
1245 4121 1330 4180 nem,
1348 4120 1407 4164 nec
1427 4120 1484 4182 per
1504 4100 1644 4181 speciem
1666 4100 1850 4163 sensibilem
1871 4108 1922 4162 aut
1938 4098 1979 4159 in-

442 4201 575 4264 miuima
588 4218 717 4282 prorsus
733 4198 824 4277 leret,
837 4199 875 4262 ad
891 4198 1190 4262 excellentissimam
1206 4198 1231 4260 D
1246 4198 1446 4281 telligibilem
1471 4197 1522 4261 vel
1552 4206 1701 4275 creatam,
1726 4198 1771 4260 ita
1794 4208 1830 4262 ut
1854 4199 1886 4260 in
1912 4195 1979 4278 ipsis

444 4320 477 4363 se
502 4300 614 4361 videus
635 4296 820 4378 dignitatem
843 4295 973 4373 assumi,
991 4315 1030 4359 eo
1053 4296 1190 4377 amplius
1246 4299 1346 4378 sistat,
1372 4298 1535 4379 Deumque
1563 4316 1627 4360 non
1654 4296 1715 4358 nisi
1744 4306 1840 4378 prout
1867 4298 1900 4359 iu
1926 4293 1979 4357 illis

444 4397 608 4480 obstupuit
629 4416 692 4479 quo
718 4397 757 4459 de
782 4416 816 4459 se
839 4394 1061 4476 hujuscemodi
1083 4394 1190 4457 miuus
1245 4396 1376 4473 relucet,
1393 4403 1554 4476 agnoscat.
1572 4394 1671 4473 Unde,
1687 4413 1786 4476 quum
1812 4395 1915 4458 omnis
1936 4410 1979 4455 co

444 4496 657 4580 presumpsit.
1244 4493 1344 4575 guitio
1364 4492 1589 4555 intellectualis
1610 4511 1666 4575 per
1690 4492 1830 4573 speciem
1855 4492 1979 4573 aliquan

482 4596 527 4659 lle
541 4594 756 4677 speculatione
771 4602 876 4656 autem
892 4591 1122 4673 promissorum
1133 4592 1192 4654 Ve·
1245 4591 1302 4653 liat
1316 4591 1434 4672 cogniti
1448 4591 1482 4653 in
1498 4590 1720 4672 cognoscentis
1735 4590 1899 4653 intellectu
1917 4606 1981 4651 con-

443 4693 544 4756 ritetis
563 4701 698 4769 aterum,
715 4691 866 4773 quamdiu
884 4689 999 4751 Filium
1024 4708 1133 4751 secum
1157 4689 1190 4750 iu
1245 4690 1422 4767 sistentem,
1435 4689 1558 4771 species
1572 4708 1647 4753 vero
1663 4689 1768 4751 omnis
1783 4685 1980 4771 intelligibilis

442 4792 533 4854 terris
547 4791 668 4870 babuit,
680 4789 899 4871 equanimiter
913 4788 1002 4866 tulit;
1014 4788 1069 4851 sed
1085 4807 1191 4851 ascen·
1244 4796 1299 4850 aut
1312 4796 1417 4851 creata
1436 4796 1484 4850 est
1502 4795 1556 4849 aut
1574 4786 1726 4865 increata,
1743 4806 1801 4869 per
1820 4787 1979 4851 increatam

442 4890 536 4952 dente
555 4888 797 4971 glorificatoque
820 4906 870 4965 eo,
884 4886 951 4969 jam
975 4905 1031 4952 cor
1055 4886 1125 4968 ejus
1149 4887 1191 4949 si·
1244 4893 1349 4948 autem
1365 4886 1504 4968 speciem
1518 4885 1617 4948 Deum
1632 4884 1751 4963 videre,
1770 4904 1835 4949 non
1857 4886 1914 4948 via
1933 4881 1979 4945 sed

442 4988 509 5051 mul
533 4988 687 5063 ascendit,
713 5003 774 5048 neo
798 4986 865 5048 sine
893 4985 1189 5049 ardentissimorum
1243 4983 1353 5068 patriae
1377 4985 1584 5067 praerogativa
1608 4992 1777 5063 censetur3
1798 4992 1919 5047 certum
1940 4987 1980 5043 est

442 5086 671 5150 desideriorum
692 5102 836 5147 amoroso
858 5084 1009 5165 languore
1033 5084 1066 5145 in
1092 5102 1191 5147 saecu-
1242 5084 1325 5145 hanc
1347 5081 1512 5164 mysticam
1527 5082 1581 5145 liei
1596 5082 1751 5145 visionem
1774 5102 1831 5165 per
1853 5080 1980 5164 speciem

443 5187 474 5249 lo
499 5185 627 5248 mansit.
650 5183 769 5264 Nempe
791 5181 922 5243 unicum
945 5181 1073 5260 Filium,
1096 5200 1189 5263 spon·
1243 5188 1381 5244 crcatam
1409 5178 1509 5243 ellici.
1528 5180 1752 5243 Verumtamen
1780 5181 1883 5263 ipsam
1910 5190 1982 5241 hau-

442 5305 514 5348 sum
528 5292 622 5365 atque
635 5282 789 5347 dilectum
803 5279 837 5343 iu
852 5280 942 5345 coelis
956 5279 1088 5361 habeus,
1102 5280 1187 5344 aliud
1244 5279 1395 5344 scendere
1420 5278 1558 5361 itemque
1578 5278 1757 5361 relinquere
1782 5296 1912 5343 necesse
1929 5283 1980 5354 est,
