4309 6259
441 672 500 743 est,
518 663 668 746 Spiritum
684 664 832 729 Sanctum
855 664 939 727 misit
960 672 992 728 et
1008 662 1094 728 dedit
1108 664 1190 745 Apo
1204 663 1230 725 Α
1246 682 1372 725 suarum
1396 661 1553 741 infundat,
1579 662 1716 726 caritatis
1744 662 1910 727 ardoribus
1934 662 1988 725 im-

359 762 531 833 eustolia
552 782 570 825 a
591 763 691 843 Patre,
714 764 981 845 quemadmodum
1003 763 1069 826 ait:
1088 762 1189 835 Quum
1244 760 1338 843 pleat,
1370 762 1461 825 donis
1490 762 1720 842 virtutibusque
1748 759 1863 823 infusis
1897 771 1987 843 atque

322 880 328 893 ·
443 861 565 923 venerit
588 860 641 925 ille
663 861 839 925 Paracletus
863 881 959 943 quem
983 879 1041 942 ego
1066 860 1189 921 mittam
1243 858 1433 922 indesinenti
1461 859 1606 941 profectu
1635 859 1722 938 ditet,
1754 859 1893 936 decoret,
1921 878 1989 940 per-

443 958 532 1023 vobis
546 978 565 1021 a
580 959 679 1023 Patre.
1243 956 1341 1037 liciat,
1358 966 1513 1038 quatenns
1534 956 1656 1020 deliciae
1676 957 1747 1038 ejus
1768 956 1833 1019 sint
1850 976 1921 1019 esse
1935 976 1989 1019 no
2008 990 2098 1038 pm

482 1061 559 1118 Luc
588 1061 682 1129 lueis,
706 1058 767 1121 hoc
792 1066 850 1137 est,
877 1066 922 1135 tn,
950 1056 1123 1139 Unigenite,
1154 1075 1189 1118 es
1244 1056 1366 1118 hiscum
1382 1064 1414 1118 θῖ
1424 1047 1459 1118 in
1476 1056 1591 1118 nostris
1606 1055 1755 1119 cordibus
1767 1056 1887 1137 jugiter
1906 1074 1988 1118 com·
1999 1054 2028 1094 ³¹·

443 468 500 543 lto
826 493 981 541 nxrosrrro
1003 492 1103 541 nrum
1125 495 1132 539 ε
1157 491 1311 539 snsmoon
1332 492 1481 539 suranna
1501 492 1618 539 ononrn

442 1155 528 1217 «lux
542 1154 622 1217 lucis
638 1177 666 1234 u,
683 1156 714 1218 id
736 1164 784 1218 θεῖ
805 1156 858 1218 lnx
880 1173 1031 1219 emanans
1053 1154 1187 1231 aPatre,
1243 1154 1380 1217 moraril
1396 1156 1524 1216 Micam
1545 1157 1653 1215 nitore
1670 1156 1812 1230 perpeti,
1827 1154 1860 1215 id
1882 1161 1940 1232 est,
1957 1154 1987 1215 in

442 1253 496 1334 qui
520 1262 568 1318 θεῖ
591 1253 644 1315 lux
668 1274 686 1316 a
710 1254 798 1316 nullo
820 1255 995 1335 procedens
1017 1276 1024 1313 ε
1046 1272 1080 1315 es
1104 1252 1188 1314 enim
1243 1260 1274 1313 te
1295 1252 1364 1333 ipso
1388 1260 1505 1315 aterna
1528 1259 1559 1315 et
1582 1251 1709 1314 infinita
1732 1251 1874 1313 claritate
1896 1252 1989 1314 reinl-

443 1351 524 1413 lleus
539 1352 577 1414 de
593 1352 668 1430 Deo,
679 1351 787 1414 lumen
802 1352 841 1415 de
857 1351 987 1431 lumine,
998 1352 1079 1413 Dens
1095 1369 1189 1412 verns
1243 1368 1332 1430 gens,
1364 1358 1579 1431 perpetuoque
1608 1372 1624 1409 a
1655 1350 1757 1412 nitore
1787 1372 1816 1429 a,
1847 1350 1909 1413 boc
1943 1358 1989 1411 est

442 1450 481 1512 de
506 1451 569 1513 Deo
594 1468 679 1528 vero,
706 1457 737 1513 et
761 1450 821 1514 boc
844 1450 933 1531 juxta
958 1469 1086 1512 sensnm
1111 1468 1189 1529 pree
1244 1448 1363 1510 lumine
1384 1448 1502 1529 glorie,
1524 1447 1677 1509 irradians
1698 1446 1857 1511 mentibus
1880 1448 1988 1511 Beato

441 1554 570 1609 tactum.
591 1550 635 1609 Et
657 1550 732 1625 foas
757 1550 906 1618 luminis,
926 1546 957 1608 id
983 1554 1031 1609 est
1055 1545 1188 1627 Spiritus
1243 1547 1378 1608 rumrld
1394 1565 1490 1627 quem
1503 1546 1629 1609 Boetius
1645 1544 1726 1607 indit
1740 1546 1823 1609 bano
1838 1565 1985 1627 precem:

363 1727 365 1735 Α
438 1644 554 1721 Sancti,
579 1644 632 1725 qni
661 1664 679 1706 a
703 1645 791 1707 Patre
817 1652 849 1707 et
871 1644 948 1707 Filio
972 1641 1123 1725 tanquam
1147 1642 1188 1705 ab
1242 1644 1342 1723 Atque
1364 1651 1418 1705 tuo
1440 1644 1608 1725 splendore
1629 1644 1723 1707 mica.
1741 1645 1872 1723 Rursus,
1891 1667 1908 1703 a
1930 1646 1987 1706 mi·
2000 1668 2102 1773 lulag*

2007 1736 2033 1773 ut.
2050 1735 2056 1771 i
2069 1747 2101 1778 a.

437 1761 502 1805 nno
526 1740 614 1805 fonte
640 1742 792 1824 procedit.
820 1742 916 1804 Filius
939 1760 1077 1823 quoque,
1106 1740 1188 1802 sicut
1243 1760 1318 1803 cans
1341 1764 1369 1818 u,
1394 1741 1506 1819 idest,
1530 1742 1621 1806 bonis
1644 1760 1825 1821 coruscans,
1847 1764 1864 1802 a
1888 1742 1987 1805 nitore
2000 1797 2075 1835 m,

437 1839 536 1918 Pater,
559 1848 607 1903 est
628 1862 645 1899 a
667 1840 740 1902 lons
763 1839 891 1902 luminis
914 1862 942 1917 a,
966 1840 1025 1901 boc
1049 1845 1098 1901 est
1118 1838 1187 1900 uni·
1204 1836 1228 1898 B
1243 1840 1363 1921 perpeti
1385 1861 1414 1916 u,
1432 1839 1492 1903 boc
1513 1847 1562 1901 est
1583 1840 1700 1921 Spiritu
1722 1840 1848 1919 Sancto,
1866 1840 1920 1922 qui
1941 1848 1989 1903 est

437 1956 536 2000 versae
562 1938 642 1999 lucis
667 1946 779 1999 creatae
805 1961 812 1998 :
839 1936 903 1999 imo
932 1944 996 1999 tota
1025 1935 1187 1998 individua
1242 1937 1325 1999 nitor
1339 1955 1376 1999 ao
1392 1936 1511 2017 puritas
1525 1936 1625 2000 linem
1639 1955 1704 2000 non
1724 1936 1855 2000 babens.
1870 1940 1988 1998 Iubar·

438 2034 778 2115 consubstantialisque
804 2034 938 2097 Trinitas
968 2042 1016 2096 est
1044 2053 1126 2095 nnus
1155 2040 1187 2095 et
1241 2056 1303 2115 que
1321 2035 1367 2114 (id
1388 2044 1436 2097 est
1457 2054 1551 2097 omne
1573 2036 1692 2098 donum
1715 2036 1898 2117 gratuitum,
1921 2034 1989 2116 pul-

438 2134 522 2195 idem
537 2132 610 2197 fons
627 2133 723 2195 creati
738 2132 866 2195 luminis
881 2132 1085 2196 omnis.Dies
1099 2134 1184 2192 diem
1241 2133 1354 2196 cbrum
1382 2152 1419 2195 ac
1448 2133 1663 2214 splendidum)
1691 2136 1811 2196 Sancti
1837 2135 1989 2210 Spiritus

439 2233 645 2292 illuminans.
664 2230 803 2293 Christus
826 2239 957 2293 vocatur
972 2228 1185 2311 metaphorice
1241 2234 1384 2307 infunde
1399 2234 1521 2291 uostris
1534 2234 1688 2293 senalus.

440 2351 457 2388 u
473 2328 540 2391 dies
556 2351 584 2408 u,
602 2328 751 2410 quoniam
774 2329 856 2391 sicut
877 2329 944 2391 dies
966 2326 1102 2391 exterior
1116 2326 1187 2388 illn—
1292 2330 1376 2390 Votis
1391 2349 1536 2390 vocemus
1549 2340 1579 2389 et
1589 2330 1806 2400 Patrem,boo
1821 2338 1880 2408 est,
1888 2330 1987 2393 Deum
2045 2338 2060 2393 3

439 2428 538 2489 minat
552 2426 661 2491 oculos
676 2427 856 2509 corporales
872 2435 903 2490 et
916 2426 1022 2508 dirigit
1036 2426 1069 2487 in
1090 2444 1186 2507 agen·
1241 2426 1423 2488 Trinitatem
1446 2427 1512 2507 (oui
1541 2427 1679 2508 qnotidie
1702 2427 1839 2491 dicimus
1865 2452 1873 2489 :
1897 2428 1987 2491 Pater
2011 2454 2105 2502 naar,

439 2526 497 2605 dis,
522 2526 566 2589 sie
588 2524 727 2589 Christus
748 2526 857 2589 oculos
882 2526 1067 2601 interiores3
1091 2531 1123 2587 et
1143 2524 1187 2585 ita
1240 2533 1348 2587 noster
1371 2524 1426 2605 qui
1450 2544 1484 2587 es
1509 2525 1542 2586 in
1566 2525 1680 2605 coelis),
1701 2544 1759 2589 sen
1782 2548 1800 2586 a
1825 2526 1948 2589 Patrem
1969 2521 2018 2586 θ’·

438 2642 495 2705 per
510 2624 646 2687 «diem»
662 2623 845 2705 designatur
858 2642 949 2685 mens
965 2623 1102 2703 desuper
1115 2619 1186 2682 illu·
1240 2631 1392 2685 aetemum
1421 2622 1576 2703 Unigeniti
1604 2622 1658 2684 Dei
1683 2624 1782 2703 (unde
1811 2624 1844 2686 in
1869 2624 1987 2687 loanne

437 2729 544 2785 strata.
575 2723 646 2785 Dies
675 2722 751 2785 item
779 2720 914 2785 exterior
942 2718 1125 2802 temporalis
1155 2728 1188 2781 et
1241 2722 1373 2783 habetur
1390 2744 1396 2782 :
1414 2720 1597 2802 Unigenitus
1612 2721 1720 2799 Filius,
1736 2721 1791 2803 qni
1805 2721 1901 2785 estin
1916 2722 2103 2792 sinamur

437 2820 505 2884 dies
520 2821 614 2884 etiam
629 2822 662 2883 in
678 2820 789 2901 patria,
804 2819 908 2882 lucem
924 2837 1013 2880 suam
1029 2837 1048 2879 a
1062 2816 1185 2880 Christo
1240 2818 1362 2898 Patris),
1384 2818 1569 2881 invocemus
1594 2818 1653 2900 piis
1677 2819 1841 2882 desideriis
1863 2839 1902 2883 ac
1927 2818 1989 2882 ler-

439 2919 614 2982 seeundnm
637 2917 723 2998 qnod
748 2918 830 2981 Dens
854 2925 913 2995 est,
937 2915 1098 2979 fontaliter
1121 2933 1187 2977 sor·
1241 2916 1335 2995 vidis,
1348 2924 1441 2997 prout
1454 2917 1546 2979 decet
1561 2924 1682 2979 tentum
1697 2917 1819 2980 Patrem
1834 2916 1989 2982 alleotno

438 3016 570 3079 tinntur.
1200 3016 1223 3079 C
1242 3014 1364 3076 sissima
1388 3014 1540 3093 invocari,
1565 3015 1620 3096 qui
1645 3015 1766 3097 respuit
1789 3015 1986 3094 indevotum,

283 3108 285 3113 ’
353 3136 371 3189 2
489 3115 651 3191 Vernaeque
680 3116 738 3182 sol,
765 3114 910 3171 illabere.
937 3110 1088 3188 Christus,
1114 3110 1187 3173 fons
1241 3113 1358 3176 evomit
1373 3112 1526 3193 tepidum,
1536 3112 1749 3194 negligentem
1764 3114 1938 3177 detestatur
1951 3132 1988 3177 ac
2001 3137 2106 3192 ama

292 3234 389 3285 nectar.
404 3234 425 3276 s.
440 3209 612 3291 sapientie,
625 3209 763 3272 Verbum
779 3217 943 3287 aeternnm,
961 3216 1123 3271 vocatura
1140 3207 1186 3271 sol
1242 3209 1387 3291 pigrum3
1408 3213 1545 3272 Patrem
1563 3211 1721 3286 perennis
1737 3212 1868 3288 plorioe,
1888 3209 1919 3273 id
1941 3218 1990 3273 est

297 3332 425 3384 raanan,
440 3326 534 3371 verus
560 3329 589 3385 a,
613 3325 652 3370 eo
676 3307 769 3370 modo
794 3324 856 3387 quo
880 3314 1071 3387 protestatur
1093 3330 1101 3368 :
1122 3306 1187 3388 Ego
1241 3315 1365 3370 eternae
1393 3305 1593 3370 beatitudinis
1621 3315 1715 3389 atque
1743 3307 1858 3373 laetitiae
1886 3308 1919 3370 in
1955 3328 1989 3371 se

293 3399 314 3441 ¹·
440 3425 510 3468 sum
532 3405 603 3467 vitis
625 3424 710 3468 vera.
727 3404 814 3479 Quod
834 3412 939 3467 tamen
959 3404 1185 3486 metaphorice,
1241 3406 1331 3487 ipso;
1352 3428 1369 3465 u
1391 3405 1513 3468 Patrem
1534 3428 1551 3466 a
1571 3424 1697 3488 quoque
1718 3406 1842 3486 Christi,
1864 3407 1919 3489 qni
1941 3416 1989 3470 est

438 3503 470 3565 id
500 3511 548 3566 est
576 3522 634 3585 per
661 3502 908 3582 similitudinem,
941 3502 1089 3565 convenit
1117 3502 1146 3565 ei
1178 3526 1185 3564 ε
1241 3503 1340 3585 gloria
1364 3503 1461 3565 Patris
1484 3503 1653 3586 (siquidem
1677 3504 1765 3567 lilius
1790 3505 1916 3588 sapiens
1941 3515 1990 3567 θεῖ
2002 3528 2118 3571 naam

439 3609 598 3665 ettamen
621 3602 735 3664 dicitnr
756 3601 827 3664 vitis
850 3619 1016 3679 vera,non
1039 3618 1188 3683 perpro-
1242 3601 1341 3683 gloria
1365 3602 1497 3683 patris);
1524 3611 1555 3665 et
1584 3622 1704 3684 rursus,
1736 3625 1753 3663 a
1781 3603 1906 3667 Patrem
1936 3622 1991 3686 pe
2004 3593 2070 3641 Μ’·

439 3698 604 3781 prietatem
633 3708 764 3777 naturae,
794 3700 851 3762 sed
885 3699 923 3761 ad
953 3698 1188 3762 distinctionem
1242 3699 1351 3763 rennis
1375 3699 1481 3781 gloriae
1508 3723 1536 3778 u,
1562 3700 1594 3763 id
1619 3709 1667 3763 est
1691 3710 1851 3784 perpetuae
1874 3702 1991 3784 jucnn-

291 3815 339 3859 rer.
353 3827 376 3866 a.
390 3816 424 3858 n.
439 3798 511 3861 vitis
533 3796 631 3877 lalsae,
653 3797 705 3861 cni
729 3798 805 3860 dicit
825 3797 975 3861 ieremias
998 3820 1004 3857 :
1026 3795 1188 3870 Quomodo
1241 3796 1346 3858 ditatis
1364 3796 1530 3860 Beatorum
1554 3796 1588 3857 in
1612 3797 1723 3878 patria,
1744 3816 1783 3861 eo
1808 3798 1903 3861 modo
1926 3816 1991 3879 quo

439 3914 593 3959 convorsa
614 3915 648 3958 es
669 3895 702 3956 in
725 3914 869 3976 pravum,
890 3894 982 3957 vinea
1004 3893 1128 3957 alienat
1145 3894 1188 3956 lle
1242 3894 1332 3956 Pater
1359 3893 1516 3956 luminum
1544 3893 1733 3976 appellatur,
1756 3894 1790 3957 id
1818 3904 1866 3958 est
1895 3915 2109 3968 consertarum.

327 4012 390 4063 rm,
404 4012 424 4054 a.
439 4012 501 4074 qua
523 3992 661 4073 loquitur
682 3993 764 4055 Deus
783 4015 789 4053 :
806 3991 992 4073 Exspectavi
1014 3999 1048 4053 nt
1069 3990 1189 4054 laceret
1242 3990 1369 4055 lonmlis
1385 4010 1422 4055 ac
1436 3992 1607 4073 paternalis
1627 3991 1771 4055 omnium
1787 3991 1945 4057 luminum
1959 4004 1992 4057 et

440 4110 528 4168 uvas,
550 4097 582 4153 et
605 4090 680 4153 lecit
703 4090 876 4151 labruscas.
899 4088 949 4151 Sic
973 4089 1078 4171 itaque
1103 4089 1189 4152 Chri-
1241 4089 1474 4171 jucunditatum
1500 4091 1665 4154 bonarum.
1686 4090 1777 4153 Juxta
1800 4109 1896 4173 quem
1920 4112 1994 4155 sen·

440 4196 518 4265 εῖυε,
542 4187 715 4270 presertim
741 4187 916 4249 secundum
945 4187 1069 4249 deitatis
1098 4194 1188 4249 natu·
1202 4192 1227 4253 D
1242 4207 1313 4250 sum
1332 4187 1534 4269 subjungitur
1554 4191 1681 4250 :Pater
1695 4191 1840 4265 potentie
1855 4193 1992 4266 pratia,

441 4304 519 4362 ram,
543 4284 658 4348 dicitnr
678 4306 694 4343 «
718 4304 812 4348 verus
834 4284 881 4348 sol
904 4308 921 4345 n
939 4308 945 4347 :
964 4285 1022 4363 sol,
1044 4285 1184 4365 inquam,
1241 4284 1390 4367 quoniam
1407 4303 1502 4348 cansa
1522 4293 1571 4347 θεῖ
1584 4292 1617 4347 et
1637 4284 1726 4367 origo
1739 4286 1847 4367 gratiae
1865 4295 1992 4368 gratum

440 4382 611 4465 sapientia,
630 4382 676 4445 sol
691 4382 830 4464 justitiae,
847 4382 957 4464 solque
972 4382 1187 4464 intelligentia
1242 4382 1386 4446 facientis
1415 4391 1447 4444 et
1474 4382 1617 4445 omnium
1650 4384 1858 4464 gratuitorum
1892 4384 1994 4449 bono-

306 4482 492 4562 sip.v,a.(de
514 4481 630 4563 quoin
653 4480 811 4564 Sapientia
834 4482 972 4544 latentur
993 4481 1092 4563 iniqui
1110 4481 1187 4545 :Sol
1242 4501 1312 4543 mm
1339 4505 1347 4543 ι
1374 4481 1466 4563 cujus
1490 4481 1591 4563 gratia
1616 4488 1712 4544 tonte
1735 4490 1784 4545 est
1812 4484 1989 4563 potestatis,

440 4579 654 4661 intelligentie
670 4598 734 4643 non
750 4587 798 4643 est
812 4588 899 4644 ortus
914 4580 1030 4660 nobis),
1043 4580 1099 4662 qni
1113 4599 1187 4642 vere
1242 4580 1326 4660 quod
1350 4580 1382 4640 in
1408 4599 1445 4642 ea
1465 4589 1497 4642 θῖ
1520 4599 1578 4661 per
1598 4598 1668 4642 eam
1690 4580 1797 4644 omnia
1820 4600 1992 4663 possumus

439 4678 596 4741 illuminat
610 4679 731 4741 animas
751 4680 947 4743 devotorum.
965 4678 1070 4755 Porro,
1087 4697 1185 4759 quum
1240 4697 1311 4759 quae
1322 4678 1405 4740 Deus
1420 4697 1438 4740 a
1453 4678 1544 4741 nobis
1556 4677 1696 4759 requirit,
1704 4678 1851 4742 omnibus
1862 4697 1992 4761 quoque

439 4776 578 4839 Christus
598 4784 633 4840 ut
646 4777 740 4855 Deus,
757 4778 898 4840 omnium
920 4796 1024 4840 rernm
1041 4776 1188 4839 illabatur
1241 4776 1429 4839 adversariis
1444 4783 1559 4839 nostra
1582 4776 1691 4838 salutis
1706 4776 1908 4840 consistimus
1924 4777 1993 4842 lor-

439 4874 594 4952 essentiis,
610 4875 769 4955 quomodo
784 4876 992 4956 deprecamur
1005 4894 1079 4938 eum
1100 4874 1185 4937 illabi
1240 4875 1347 4953 tiores,
1365 4872 1629 4957 quemadmodum
1650 4873 1694 4936 ait
1707 4874 1876 4957 Apostolus
1892 4899 1900 4937 ε
1916 4876 1992 4940 Om-
2005 4902 2118 4958 νεῖμε

439 4973 597 5037 mentibus
622 4973 748 5051 nostris,
771 4974 831 5035 nisi
857 4992 913 5055 per
939 4975 1094 5037 donorum
1115 4991 1186 5036 suo
1240 4974 1292 5036 nia
1307 4991 1436 5054 possum
1451 4972 1484 5033 in
1496 4989 1534 5034 eo
1544 4970 1599 5051 qui
1613 4990 1664 5034 me
1676 4973 1843 5037 confortat.
1851 4977 1990 5051 Culpam
2006 4970 2038 5011 ¹³·

438 5090 508 5133 rum
534 5070 737 5151 inlusionem,
761 5070 1054 5153 multiplicationem
1083 5079 1115 5133 θῖ
1138 5071 1186 5132 in·
1242 5076 1359 5148 retepet
1381 5072 1554 5141 lubricam,
1571 5068 1602 5131 id
1624 5077 1682 5148 est,
1700 5068 1837 5153 expellat
1856 5090 1876 5132 a
1895 5073 1991 5135 nobis

438 5176 609 5248 crementa,
635 5169 679 5233 ita
702 5178 736 5232 nt
759 5170 901 5233 omnium
930 5170 1107 5232 animarum
1129 5187 1186 5232 no-
1240 5168 1315 5234 vitia
1343 5168 1512 5249 instabilia,
1544 5175 1666 5231 rectum
1694 5168 1755 5232 iter
1782 5170 1822 5231 ad
1852 5170 1991 5234 salutem

437 5277 572 5335 strarum
604 5268 752 5333 interiora
788 5267 880 5332 radiis
916 5267 1184 5331 illuminationum
1238 5266 1453 5350 impedientia,
1465 5273 1497 5328 et
1510 5267 1549 5328 ad
1565 5286 1674 5330 casum
1689 5266 1800 5331 mortis
1814 5270 1988 5352 moventia,
