4309 6259
463 464 524 531 ddi
725 482 767 529 na
786 480 944 530 raacomo
963 480 1002 528 ar
1022 478 1186 528 arcannm
1205 478 1322 537 amun,
1343 479 1431 527 nram
1452 480 1495 527 m.
1518 498 1560 511 -
1579 480 1648 527 aar.
1671 481 1746 527 xxrr

463 670 523 735 ego
545 652 662 731 exstiti,
677 670 743 716 non
766 651 825 714 tibi
848 650 1011 731 condolui,
1026 668 1132 732 neque
1156 668 1211 733 pa-
1224 650 1249 712 A
1264 649 1415 727 subdidit,
1432 670 1466 713 se
1490 648 1677 733 desponsari
1700 648 1888 733 permittens
1907 671 1915 711 ι
1933 667 1992 730 qna

464 751 554 814 tienti
569 750 786 815 conformatus
800 770 883 827 sum,
892 770 953 813 nec
967 748 1120 813 crucifixo
1136 768 1211 813 con·
1264 767 1401 830 namque
1417 748 1654 811 matrimonium
1669 767 1743 811 vere
1762 746 1928 826 contrabit,
1942 748 1991 809 riri

462 848 558 928 laxus,
588 857 683 931 atque
711 856 880 931 propterea
908 866 1037 931 prorsus
1072 848 1210 929 relinqui
1265 866 1298 909 se
1319 846 1467 929 potestati
1490 846 1658 909 submittit.

462 947 629 1030 periteque
644 946 1034 1029 merui,praastantissimae
1049 954 1211 1027 tusaque
1303 944 1568 1027 Respondcndum
1593 952 1711 1021 antem,
1727 943 1890 1025 Virginem
1912 943 1993 1005 benc

463 1064 511 1124 so,
526 1045 632 1129 llatris
646 1046 760 1109 merito
782 1044 1014 1127 compassionis
1035 1064 1087 1108 me
1109 1046 1207 1121 salva,
1264 1042 1394 1121 dictam,
1420 1061 1490 1123 quae
1512 1042 1692 1106 conlinium
1714 1050 1783 1104 erat
1806 1050 1838 1103 et
1861 1049 1991 1121 tanquam

463 1142 523 1224 ipsi
545 1162 597 1205 me
616 1144 714 1208 trade.
730 1143 860 1222 littu,o
882 1144 978 1221 bona,
993 1161 1046 1205 me
1068 1142 1208 1223 suscipe,
1264 1140 1394 1203 horinon
1413 1140 1577 1221 utriusque
1599 1140 1691 1222 legis,
1707 1138 1917 1220 virginitatem
1936 1138 1992 1219 qui-

462 1248 495 1303 et
512 1240 733 1305 sacratissima
758 1249 818 1305 tua
842 1241 1075 1323 compassionis
1096 1240 1210 1303 merito
1264 1238 1336 1301 dem
1370 1246 1520 1319 tanquam
1553 1238 1615 1300 sibi
1647 1235 1887 1319 placitissimam
1913 1238 1991 1299 dero
2100 1316 2101 1325 ἵ

462 1323 497 1399 in
517 1346 672 1401 aeternnm
694 1356 859 1402 conserva.
1263 1336 1369 1415 visse;
1386 1336 1441 1398 sed
1459 1336 1612 1417 quoniam
1633 1335 1737 1397 adbuc
1758 1334 1819 1397 sub
1840 1334 1908 1416 lege
1926 1344 1989 1411 crat,

1264 1443 1412 1497 nontam
1431 1433 1576 1497 absolute
1595 1434 1678 1495 banc
1702 1432 1789 1496 vovit
1812 1432 1889 1513 quin
1911 1433 1992 1495 bone·

1264 1530 1436 1595 stissimam
1463 1532 1547 1595 banc
1571 1531 1788 1596 conditionem
1817 1531 1989 1593 addiderit:

635 1600 882 1667 announus
908 1600 1035 1664 XXVI·
1263 1630 1326 1693 nisi
1339 1630 1423 1693 oeus
1436 1628 1621 1693 nonanus
1631 1628 1797 1712 quidpiam
1807 1629 1991 1711 disposuerit.
2101 1620 2102 1691 t

492 1752 586 1821 Quod
599 1750 743 1811 illustris
765 1751 941 1827 Virqobeo
955 1748 1183 1825 virginitatem
1264 1727 1333 1792 N⁰¹¹
1366 1729 1452 1810 (lum¹
1486 1728 1557 1811 ipsa
1589 1726 1783 1791 dllhiffllfflst
1817 1746 1858 1789 ⁸¹¹
1892 1726 1991 1789 imm

766 1846 909 1899 voverat,
1226 1828 1249 1889 B
1265 1846 1393 1890 manere
1421 1826 1528 1905 vellet,
1553 1827 1609 1889 sed
1633 1846 1674 1889 an
1702 1826 1843 1889 deberet.
1868 1825 1991 1907 benique

1264 1925 1346 1988 Dens
1361 1925 1517 2005 excelsus,
1532 1924 1588 2007 qui
1610 1924 1691 2007 legis
1712 1932 1825 1989 auctor
1844 1924 1992 1987 Dominus

315 2050 413 2107 εφη,
428 2052 449 2096 r,
548 2028 680 2095 QUAM
694 2026 837 2102 pulchra
859 2034 905 2084 est
928 2032 1018 2084 casta
1039 2026 1210 2101 yeneratto
1264 2042 1326 2104 que
1353 2023 1487 2103 exsistit,
1518 2022 1552 2084 in
1580 2022 1801 2086 amantissima
1828 2041 1885 2085 sua
1909 2040 1990 2104 snpra

546 2144 620 2183 cum
643 2124 821 2183 claritate!
839 2120 942 2201 Nulla,
963 2121 990 2183 si
1015 2121 1209 2203 praeinducta
1263 2122 1366 2202 legem
1382 2120 1507 2204 operari
1523 2120 1639 2203 clegit;
1655 2126 1688 2183 et
1700 2121 1742 2184 ob
1757 2120 1800 2201 id,
1816 2139 1855 2183 ex
1875 2119 1989 2202 speciali

323 2247 361 2289 aa.
371 2246 397 2295 ιι,
405 2252 447 2291 „a
461 2220 520 2284 rite
534 2220 645 2283 fulcita
660 2228 746 2297 sunt,
761 2218 865 2283 deluit
877 2219 980 2282 llarim
994 2220 1118 2282 rimatis
1138 2238 1209 2300 per-
1264 2220 1399 2301 Spiritus
1414 2220 1520 2283 Sancti
1536 2219 1688 2282 instinctu
1710 2219 1779 2301 ipsa
1799 2228 1907 2283 votnm
1927 2218 1991 2281 cmi-

314 2309 448 2425 ΞΜ
461 2316 557 2381 lectio
573 2340 581 2379 :
596 2334 759 2398 quumque
770 2315 961 2396 virginitatis
976 2324 1098 2393 votum,
1110 2316 1209 2378 virtu-
1263 2318 1315 2380 sit.
1330 2318 1409 2380 Nam
1423 2326 1456 2380 et
1469 2318 1662 2380 sanctissimi
1685 2318 1733 2379 illi
1754 2318 1830 2397 viri,
1846 2317 1940 2379 Ellam
1951 2317 1991 2378 le

440 2404 500 2476 'tis
524 2422 677 2477 venustus
701 2414 798 2476 decor
820 2413 985 2491 consistat,
1001 2414 1106 2496 palam
1130 2434 1209 2495 quo
1263 2414 1990 2498 remiamqneloquor,virginespermanserunt,

459 2514 547 2575 niam
578 2521 611 2575 et
638 2512 823 2575 beatissima
850 2513 967 2574 mentis
1001 2513 1206 2595 corporisque
1260 2515 1528 2595 quemadmodum
1549 2514 1589 2575 de
1613 2513 1681 2577 Elia
1707 2512 1803 2577 refert
1826 2512 1990 2595 Gregorius,
2103 2568 2104 2573 ,

459 2611 704 2675 sanctimoniam
725 2611 789 2673 Deo
807 2611 981 2674 devoverit.
997 2610 1118 2694 Nempe
1142 2630 1206 2675 non
1262 2612 1401 2693 itemque
1424 2612 1464 2673 de
1487 2611 1624 2675 Jeremia
1651 2611 1875 2694 Hieronymus.
1899 2611 1991 2691 Porro,

459 2728 529 2773 eam
554 2710 648 2772 latuit
671 2709 798 2772 virtutis
821 2708 1038 2791 operationem
1066 2729 1104 2772 ex
1133 2720 1206 2775 voto
1261 2710 1345 2792 qnod
1383 2709 1483 2775 nihilo
1522 2710 1629 2772 minus
1668 2709 1876 2792 pudicissima
1911 2710 1992 2791 l'irgo

458 2807 598 2889 amplius
616 2825 687 2870 esse
707 2806 912 2886 laudabilem,
927 2807 1047 2891 qnippe
1067 2828 1138 2890 quaa
1159 2808 1208 2871 di·
1261 2808 1447 2891 desponsari
1461 2807 1623 2887 sustinuit,
1640 2808 1777 2889 Spiritus
1791 2808 1897 2871 Sancti
1914 2808 1993 2869 indu

307 2930 445 2983 mmsis.
459 2916 586 2970 centem
600 2906 723 2969 audivit
738 2931 746 2970 ε
763 2907 893 2986 Vovete,
909 2914 941 2968 et
959 2907 1081 2969 reddite
1103 2908 1207 2971 llomi-
1261 2907 1366 2970 ctione
1380 2916 1487 2970 actum
1501 2906 1687 2993 agnoscitur
1703 2930 1710 2967 :
1727 2907 1878 2988 qnoniam
1893 2916 1920 2969 ct
1935 2906 1993 2988 ipsa
2104 2946 2105 2959 ,

460 3023 502 3068 no
522 3004 587 3067 lico
608 3012 724 3067 vestro.
1224 3000 1301 3069 (lde
1315 3005 1480 3088 proposito
1500 3004 1696 3068 castimonia
1717 3005 1826 3087 sponsi
1851 3005 1899 3067 sni
1917 3004 1995 3067 cmli-

310 3222 448 3275 snrm,
460 3200 496 3263 in
510 3200 635 3263 cunctis
648 3200 802 3264 obediens
817 3199 1208 3278 luit;le1veroiniecun·
1262 3203 1410 3265 monibus
1433 3202 1665 3265 lncamationis
1690 3202 1890 3285 mysterium,
1913 3210 1993 3283 atque

310 3287 448 3393 mim·
459 3298 590 3360 dilatem
620 3298 790 3361 maledicto
816 3298 981 3361 damnavit
1010 3322 1018 3360 :
1047 3301 1208 3380 quomodo
1262 3302 1301 3363 ad
1316 3300 1510 3383 parcendum
1524 3300 1672 3383 virginali
1686 3300 1994 3381 teneritudinincqne

459 3394 558 3477 igitur
571 3404 682 3458 contra
702 3395 783 3477 legis
801 3404 996 3479 preceptum
1015 3397 1055 3459 ad
1073 3397 1209 3479 virgini-
1262 3408 1297 3461 ut
1324 3408 1474 3480 tanquam
1503 3398 1671 3462 lomicaria
1699 3398 1903 3479 lapidaretur,
1929 3416 1995 3480 prs·

460 3500 557 3555 tatem
572 3512 607 3556 se
619 3493 780 3575 obligasse
794 3494 954 3557 censenda
967 3494 1206 3577 estlEtdenno,
1262 3496 1372 3559 sertim
1386 3515 1484 3577 quum
1499 3496 1539 3558 de
1554 3494 1742 3559 sacerdotali
1755 3504 1840 3557 essct
1851 3494 1994 3577 prosapia,
2014 3553 2083 3599 m!

459 3590 594 3653 sienim
613 3591 829 3673 virginitatem
849 3600 990 3670 voverat,
1006 3594 1149 3675 periculo
1173 3615 1208 3659 se
1263 3595 1332 3658 viro
1351 3594 1438 3675 justo
1458 3595 1648 3677 desponsata
1668 3602 1726 3656 est.
2007 3620 2062 3662 ran,

500 3102 562 3165 Sed
585 3102 673 3165 dices
696 3102 873 3176 :Quoniam
893 3103 990 3185 Virgo
1010 3113 1120 3167 sancta
1144 3104 1206 3187 legi
1262 3110 1313 3166 tus
1327 3112 1395 3167 crat
1407 3105 1530 3167 edocta.
1546 3106 1586 3166 At
1598 3121 1687 3183 vero,
1703 3104 1924 3167 adcelandum
1942 3105 1993 3165 da·
