4309 6259
538 510 695 557 arrosrrro
716 509 816 556 avaro
839 514 845 553 ε
869 506 948 556 crux
968 506 1099 565 smnus,
1121 506 1213 553 rurae
1233 504 1334 553 ouras
1674 490 1715 555 95

168 688 257 743 enus
272 688 398 744 extenta
412 690 520 745 teneas
535 681 678 744 membra
692 678 911 760 Christi,regis
926 678 950 739 Α
1005 676 1112 759 ltaque
1137 675 1374 741 conformemus
1393 675 1498 739 cordis
1516 674 1617 738 nostri
1634 674 1716 738 alle-

169 780 316 857 coelestis,
332 782 443 859 stipite
461 784 549 851 miti,
566 780 598 843 id
618 788 666 843 est
684 777 830 857 flexibili,
848 796 911 841 non
966 775 1088 840 ctiones
1115 776 1237 839 auctori
1270 785 1302 839 et
1332 776 1439 838 sensui
1469 774 1579 857 hymni
1608 774 1712 853 istius,

169 888 229 941 tarn
252 878 382 959 poenali.
965 873 1089 937 Christo
1103 882 1306 958 propteruos
1327 890 1420 956 passo
1435 880 1467 935 et
1491 871 1562 952 ejus
1576 870 1716 933 acerbis·

204 980 282 1037 Sola
306 980 410 1055 digna
434 988 470 1038 tu
492 979 594 1055 fuisti
615 980 706 1053 serre
729 976 818 1036 secli
837 993 912 1051 pre·
966 971 1054 1035 simae
1079 971 1219 1053 passioni
1249 972 1454 1035 vehementer
1477 969 1711 1052 compatiendo,

170 1076 261 1145 tium,
285 1074 317 1136 id
342 1082 401 1155 est,
427 1098 444 1133 u
470 1084 504 1137 tu
530 1074 732 1137 »dumtaxat
760 1094 776 1131 d
803 1072 869 1135 sola
895 1094 912 1131 r
966 1070 999 1131 in
1028 1077 1181 1151 quantum
1211 1070 1318 1152 passio
1347 1069 1402 1131 illa
1436 1068 1616 1132 tenerrimae
1649 1086 1714 1129 suae

169 1172 295 1234 inventa
310 1191 344 1235 es
361 1196 377 1231 u
392 1172 487 1255 digna
503 1194 520 1231 s
536 1181 661 1255 portare
677 1170 786 1233 mundi
806 1169 913 1232 Salva·
966 1174 1086 1230 nature
1100 1168 1246 1231 humane
1263 1167 1323 1230 luit
1341 1176 1406 1230 tam
1427 1166 1636 1229 indicibiliter
1649 1183 1715 1246 poe·

169 1278 276 1350 torem,
302 1288 366 1333 non
391 1270 520 1352 proprio
544 1270 667 1348 merito,
692 1287 762 1349 quas
791 1268 912 1330 ratione
965 1265 1141 1343 nalissima,
1162 1266 1346 1329 acutissime
1372 1264 1581 1347 penetrativa,
1602 1262 1715 1327 crude-

169 1386 288 1445 carens,
315 1386 374 1430 nec
400 1368 515 1430 mereri
540 1366 666 1449 proprie
694 1363 822 1448 potuisti
852 1382 910 1425 nec
966 1363 1087 1427 lissima
1106 1364 1318 1427 interlectiva.
1336 1363 1422 1426 Unde
1444 1371 1477 1425 et
1498 1362 1566 1444 ipse
1588 1382 1626 1425 ex
1646 1360 1714 1423 sola

167 1465 332 1545 demereri,
358 1466 412 1529 sed
437 1465 491 1528 Dei
515 1463 790 1547 praeordinatione,
812 1472 910 1542 atque
965 1462 1035 1542 ejus
1052 1461 1487 1544 imagineriapraeintuitione
1502 1468 1589 1524 tanto
1604 1460 1714 1524 borro

162 1573 292 1639 pirrum
304 1583 501 1641 preparare
515 1562 669 1633 nauta‚id
685 1570 743 1641 est,
760 1569 909 1641 tauquam
966 1580 998 1623 re
1015 1560 1047 1623 in
1066 1570 1178 1625 natura
1191 1570 1353 1643 assumpta
1370 1580 1544 1625 concussus
1562 1568 1610 1623 est
1628 1562 1713 1642 (quas

166 1660 253 1721 navis
282 1662 475 1743 gubernator
498 1684 515 1721 u
541 1680 717 1745 praeparare
744 1682 772 1739 n,
798 1659 829 1721 id
860 1666 907 1721 est
964 1660 1212 1722 etrivacissima
1227 1668 1320 1741 atque
1338 1659 1524 1738 fortissima,
1540 1659 1712 1721 tenerrima

164 1758 329 1839 disponere
345 1768 376 1822 et
391 1760 704 1840 obtiucro,tanquam
721 1758 907 1820 instrumen-
964 1775 1090 1839 quoqne
1105 1777 1142 1820 ac
1159 1758 1402 1839 passibilissima
1417 1757 1502 1838 luit),
1514 1758 1599 1840 quod
1615 1756 1712 1838 proti-

163 1864 227 1919 tnm
248 1866 279 1920 et
299 1868 458 1921 armatura
478 1858 634 1941 passionis
653 1866 747 1939 atque
768 1856 907 1920 victorias
921 1851 944 1914 B
964 1876 1024 1919 nus
1044 1856 1146 1919 lactus
1165 1865 1214 1919 est
1234 1856 1329 1920 sudor
1347 1857 1418 1937 ejus
1433 1856 1516 1919 sicut
1531 1863 1626 1937 gutta
1641 1875 1713 1918 san-
1737 1878 1790 1923 cae.
1805 1891 1857 1930 mr,

163 1954 318 2033 Christi,a
340 1964 466 2040 portum
487 1979 516 2037 r,
533 1957 564 2019 id
584 1964 631 2019 est
651 1956 756 2019 locum
776 1954 905 2036 quietis,
963 1954 1070 2035 guinis
1098 1954 1297 2018 decurrentis
1326 1954 1359 2016 in
1390 1963 1516 2017 terram.
1548 1945 1760 2017 Verum-⁴⁴·

162 2056 359 2117 mansionem
384 2055 557 2133 coelestem,
581 2058 703 2115 mondo
728 2055 906 2131 naufrago,
963 2072 1048 2131 men,
1077 2054 1109 2115 iu
1135 2060 1290 2135 quantum
1316 2053 1421 2134 passio
1446 2052 1502 2115 illa
1526 2051 1588 2114 luit
1611 2052 1708 2115 totius

161 2151 189 2213 id
209 2159 258 2213 est
276 2150 386 2233 generi
408 2152 548 2215 humano
568 2152 600 2213 in
620 2151 681 2215 hoc
702 2152 820 2213 mundo
840 2158 908 2211 tan·
963 2151 1094 2216 humani
1124 2151 1251 2233 generis
1280 2151 1486 2232 redemptiva,
1517 2150 1645 2233 gloriari
1677 2151 1710 2212 in

161 2267 255 2329 quarn
278 2251 310 2312 in
331 2250 564 2332 inquietissimo
584 2249 696 2332 pelago
717 2248 904 2331 periclitanti
963 2252 1026 2314 Deo
1047 2250 1275 2332 regratiarique
1288 2250 1412 2313 Christo
1428 2249 1582 2312 debemus
1600 2252 1640 2313 de
1659 2269 1708 2329 ea,

161 2348 449 2430 tentationibusque
466 2357 624 2430 quassato.
637 2352 733 2418 Quem
752 2348 906 2410 mundum
963 2349 1046 2413 sicut
1065 2357 1171 2411 canmt
1189 2348 1356 2411 Ecclesia:
1373 2347 1436 2411 Nos
1455 2356 1561 2410 autem
1580 2348 1709 2429 gloriari
1735 2375 1812 2419 mm,
1828 2390 1859 2429 ῃ,

159 2467 249 2507 sacer
263 2468 364 2509 eruor
373 2452 549 2525 perunxit,
567 2447 671 2526 idest,
688 2455 816 2509 sanctus
835 2464 906 2508 sao·
962 2456 1087 2529 oportet
1101 2447 1134 2509 in
1149 2466 1244 2511 cruce
1266 2446 1391 2510 Domini
1414 2446 1514 2510 nostri
1535 2447 1609 2509 lesu
1623 2447 1711 2509 Chri·
1727 2441 1759 2483 ¹⁸·

159 2545 226 2625 guis
243 2564 301 2607 sua
319 2546 435 2608 virtute
450 2554 482 2607 et
497 2544 645 2609 ellicacia
666 2543 781 2621 linivit,
800 2543 906 2625 perlu-
963 2546 1015 2625 sti,
1036 2546 1067 2608 in
1089 2566 1153 2629 quo
1176 2555 1225 2609 est
1248 2546 1346 2625 salus,
1373 2546 1438 2609 vita
1462 2554 1493 2608 et
1519 2547 1710 2611 resurrectio

158 2642 213 2719 dit,
234 2644 393 2725 purgavit,
413 2645 510 2721 fresos
529 2646 620 2720 Aperi
641 2662 786 2719 corpore,
804 2642 834 2704 id
859 2650 906 2705 est
963 2652 1081 2708 nostra.

160 2760 195 2803 ex
222 2742 351 2821 Christi,
379 2741 626 2804 mansuetissimi
657 2742 741 2823 agni,
773 2760 905 2824 corporo
1003 2743 1144 2824 [lenique
1159 2743 1339 2825 passionem
1354 2743 1454 2807 nostri
1470 2743 1641 2807 salvatoris
1656 2743 1710 2806 de-

158 2840 334 2917 rulnerato,
352 2839 524 2921 flagellato,
540 2840 640 2922 spinis
665 2848 826 2919 coronato,
843 2840 906 2903 cla·
963 2840 1074 2903 bemm
1090 2840 1344 2922 quotidianariis
1360 2837 1462 2904 modis
1478 2840 1628 2904 recolere.
1645 2840 1710 2903 Pri·

159 2938 205 2999 vis
230 2938 392 3015 confosso,
408 2938 571 3017 exhausto,
592 2938 624 3000 in
650 2957 744 3001 cruce
768 2938 905 3002 distento
964 2958 1026 3017 mo,
1044 2940 1083 3003 ad
1099 2938 1265 3001 actualiter
1281 2940 1508 3003 recordandum
1525 2963 1533 3000 t
1551 2938 1624 3019 quia
1640 2958 1711 3021 pes-

160 3046 189 3098 et
203 3036 355 3114 arefacto,
373 3036 406 3099 in
427 3044 549 3099 tantum
565 3044 599 3099 ut
613 3036 698 3101 dicat
712 3035 879 3100 Psalmista
896 3060 903 3097 :
920 3032 943 3097 G
963 3038 1043 3100 sime
1059 3036 1296 3119 ingratitudinis
1311 3057 1384 3119 pars
1398 3046 1447 3101 est
1467 3056 1531 3100 non
1547 3038 1708 3101 attendere

34 3152 107 3203 rem.
118 3159 146 3207 ιε,
161 3134 244 3197 Sicut
262 3155 347 3216 aqua
367 3134 490 3198 ellusus
510 3155 592 3214 sum,
609 3144 641 3199 et
664 3136 808 3217 dispersa
833 3144 907 3199 sunt
963 3135 1122 3199 benelicia
1144 3136 1315 3217 impertita.
1328 3136 1484 3216 Secundo,
1500 3136 1539 3199 ad
1554 3136 1708 3217 compati-

34 3218 60 3261 ἀ
159 3236 263 3297 omnia
283 3253 356 3297 ossa
375 3254 457 3315 mea,
474 3235 557 3298 aruit
575 3242 726 3316 tanquam
747 3242 826 3297 testa
844 3235 907 3297 vir·
962 3235 1273 3312 endum,uttactum
1288 3236 1392 3316 estin
1407 3244 1560 3316 quantum
1576 3235 1710 3298 sanctis-

159 3340 207 3395 tus
229 3352 312 3413 mea,
329 3340 361 3395 et
385 3332 493 3415 lingua
513 3352 583 3395 mea
607 3333 739 3396 adhesit
761 3332 906 3396 faucibus
962 3332 1061 3395 simus
1083 3352 1121 3395 ac
1144 3332 1427 3396 innocentissimus
1441 3332 1497 3396 llei
1519 3332 1618 3395 Filius
1643 3342 1708 3395 tam

34 3444 69 3490 re.
80 3462 105 3501 ιι,
117 3454 145 3495 rr.
159 3432 253 3507 meis;
268 3440 302 3495 θι
316 3450 425 3493 rursus
439 3433 523 3514 apud
538 3431 800 3513 IeremiamAEgo
815 3432 904 3514 quasi
962 3429 1184 3512 poenosissime
1206 3430 1407 3493 cruciabatur
1426 3454 1434 3492 :
1456 3431 1490 3492 iu
1514 3448 1578 3512 quo
1601 3438 1708 3495 muron

158 3549 256 3611 agnam
286 3537 470 3593 mansuetus
499 3530 555 3611 qui
584 3538 726 3612 portatur
750 3530 789 3592 ad
815 3529 906 3593 victi·
962 3527 1192 3609 compassionis
1202 3527 1293 3591 dolor
1307 3528 1463 3610 passionis
1477 3528 1613 3591 excessit
1625 3530 1711 3593 dolo

157 3647 251 3690 mam.
279 3628 411 3709 Deque
437 3636 467 3691 et
492 3647 550 3710 per
574 3628 685 3691 lsaiam
711 3627 772 3690 luit
795 3626 906 3710 pradi—
962 3645 1038 3689 rem.
1056 3626 1174 3704 Tertio,
1185 3627 1224 3688 ad
1241 3626 1440 3706 imitandum,
1456 3635 1491 3688 ut
1505 3627 1708 3691 consideran-

45 3740 143 3795 θυεμ.
156 3734 241 3788 ctum
258 3750 266 3788 :
283 3724 376 3799 Quasi
399 3726 468 3789 ovis
486 3727 525 3789 ad
548 3725 741 3789 occisionem
759 3725 902 3801 ducetur,
960 3725 1001 3787 do
1023 3742 1118 3805 quam
1139 3724 1315 3800 caritative,
1335 3724 1524 3805 humillime,
1546 3725 1709 3807 patientis-

155 3832 185 3887 et
204 3834 356 3906 unquam
375 3844 476 3906 agnus
498 3843 604 3887 coram
625 3825 775 3887 tondente
797 3844 831 3887 se
850 3823 907 3885 ob-
961 3822 1052 3900 sime,
1070 3821 1337 3899 mansuetissime,
1355 3821 1538 3900 fortissime,
1557 3823 1708 3887 obedieu-

156 3922 414 3998 mutescetQuod
429 3924 577 4006 princeps
589 3923 808 4004 Apostolorum
825 3942 906 3987 com·
960 3920 1082 3983 tissime
1097 3920 1239 3983 Christus
1254 3920 1361 3983 omnia
1376 3920 1532 4001 toleravit,
1546 3922 1706 3983 discamus

37 4038 142 4093 reneis,
155 4022 276 4102 pletum
292 4030 470 4102 protestans
482 4045 488 4081 :
499 4021 664 4101 Redempti
681 4020 812 4102 (inquit)
828 4022 903 4083 estis
960 4029 989 4083 et
1006 4028 1186 4101 satagamus
1198 4019 1231 4080 in
1246 4018 1707 4102 afflictionibus,castigationi-

37 4103 54 4143 ⁹·
155 4120 295 4200 pretioso
316 4120 483 4201 sauguine,
498 4118 590 4201 quasi
614 4118 853 4183 incontaminati
874 4128 904 4182 et
959 4118 1029 4197 bus,
1055 4117 1319 4199 correptionibus,
1344 4118 1618 4199 aspernationibus
1639 4138 1707 4182 om-

155 4218 352 4281 immaculati
375 4217 449 4299 agni
471 4217 598 4281 Christi.
917 4214 943 4276 D
960 4217 1115 4298 nibusque
1129 4216 1271 4279 adversis
1285 4224 1434 4297 tanquam
1450 4216 1483 4277 iu
1493 4217 1615 4279 cunctis
1629 4218 1707 4281 divi-

75 4326 92 4381 t
194 4320 311 4379 Gloria
330 4327 360 4376 et
380 4319 484 4377 honor
501 4321 568 4378 Deo
593 4314 736 4379 absolute
760 4324 901 4397 accepto,
959 4315 1008 4377 tiis
1023 4314 1151 4397 gloriari
1169 4338 1175 4376 ι
1193 4313 1367 4398 praesertim
1382 4314 1456 4396 quia
1471 4315 1538 4378 haec
1559 4316 1706 4379 universa

151 4413 205 4494 qui
222 4422 272 4477 est
292 4434 374 4477 unus
396 4414 429 4475 in
451 4414 589 4477 essentia
608 4422 639 4476 et
660 4414 760 4477 trinus
781 4414 813 4476 in
834 4432 904 4495 per·
958 4434 1028 4495 quas
1058 4414 1207 4496 patimur,
1236 4413 1338 4476 multo
1366 4413 1489 4477 minora
1512 4422 1586 4475 sunt
1609 4432 1704 4495 quam

151 4511 249 4593 sonis,
267 4533 444 4592 usqueque,
466 4512 497 4574 id
519 4521 566 4574 est
585 4511 754 4576 omnifarie
773 4512 903 4593 jugiter·
959 4521 1145 4575 meruerunt
1158 4511 1280 4573 scelera
1300 4519 1417 4573 nostra.
1434 4510 1560 4590 Quarto,
1578 4512 1617 4574 ad
1638 4513 1706 4594 glo·

150 4627 222 4689 que,
239 4612 414 4681 altissimo,
429 4611 515 4691 quod
534 4612 574 4673 de
598 4610 739 4693 qualibet
764 4610 902 4673 increata
959 4610 1117 4688 riandum,
1135 4610 1216 4672 sicut
1230 4617 1414 4691 praetactum
1429 4616 1488 4688 est,
1502 4609 1535 4670 in
1549 4618 1704 4690 quantum

150 4706 290 4770 Persona
306 4715 433 4789 totaque
453 4708 605 4771 Trinitate
626 4708 824 4789 praedicatur.
842 4708 903 4771 Un-
958 4717 1003 4772 tot
1024 4717 1174 4790 ‘mutaque
1196 4708 1280 4771 bona
1302 4727 1340 4770 en
1360 4726 1398 4769 ea
1422 4716 1496 4769 suut
1520 4718 1701 4772 consecuta.

151 4805 189 4866 de
205 4806 246 4868 de
267 4804 413 4869 Personis
433 4806 660 4888 subjungitur:
679 4807 835 4878 namhoc
856 4817 903 4870 est
957 4808 1082 4886 Quinto,
1100 4808 1138 4869 ad
1162 4805 1394 4888 regratiandum
1416 4806 1473 4869 toti
1494 4808 1705 4889 superglorio

151 4902 261 4982 simul,
278 4906 382 4966 Petri
399 4907 562 4986 Filioque,
578 4908 702 4983 inclyto
716 4908 902 4976 Paracleto,
958 4904 1090 4968 sissimae
1125 4903 1277 4984 Trinitati,
1315 4904 1407 4984 cujus
1443 4905 1704 4985 praeordinatione

151 5000 183 5063 id
199 5010 249 5063 est
265 5001 362 5065 ctiam
379 5003 579 5067 nobilissimo
594 5003 784 5067 consolatori
806 5003 903 5086 Spiri-
958 5010 1075 5065 eterna
1090 5022 1148 5083 per
1162 5003 1246 5064 bunc
1269 5002 1486 5065 admirabilem
1508 5005 1637 5065 modum
1653 5023 1704 5065 su-

152 5099 196 5161 tui
220 5100 350 5163 Sancto.
373 5104 435 5162 Cui
460 5102 522 5165 Deo
546 5106 619 5162 lares
643 5112 688 5162 est
713 5112 743 5162 et
764 5112 904 5179 potestas
958 5121 1029 5165 mus
1059 5100 1181 5180 salvati,
1210 5120 1281 5182 que
1308 5101 1408 5164 voluit
1440 5102 1558 5183 Regem
1592 5122 1712 5183 regum·

34 5213 137 5260 tram..
148 5218 211 5275 per
246 5204 396 5261 averna·
428 5204 558 5270 serula,
593 5200 624 5262 id
652 5208 701 5263 est
728 5200 760 5263 iu
794 5219 905 5283 perpe·
959 5200 1123 5284 pronubis
1144 5199 1188 5261 sic
1211 5198 1285 5280 pati.
1303 5199 1407 5279 Sexto,
1423 5200 1462 5261 ad
1483 5200 1703 5263 admirandum

34 5312 136 5359 ‚unua
155 5304 257 5379 tuum,
276 5306 311 5361 ut
333 5317 438 5382 supra.
960 5299 1043 5381 quod
1059 5316 1118 5381 pro
1133 5296 1224 5361 nobis
1235 5296 1394 5360 vilissimis
1410 5297 1510 5360 voluit
1521 5298 1703 5380 Unigenitus
