4309 6259
444 496 485 543 na
505 496 708 545 unumunurn
728 498 939 547 aucmmsrm
959 500 1116 549 canaonas
1137 503 1204 551 sax.
1227 520 1267 533 -
1288 502 1386 549 saruc
1407 502 1429 549 n
1654 480 1714 549 ibi

164 667 254 731 utin
274 666 529 749 correptionibus
550 677 582 732 ct
603 669 862 748 correctionibus,
879 670 953 734 intl

164 766 440 830 exercitationibus
465 776 497 831 et
519 767 758 850 probationibus
780 769 914 831 casamat
1235 732 1380 799 SERMO
1401 734 1446 799 Π·

164 865 225 928 sibi
239 864 388 946 injuriam
403 864 484 943 lieri,
502 866 557 928 sad
572 866 676 947 potius
690 865 775 929 dicat
788 885 827 929 ex
839 866 913 930 inti·
1071 884 1121 943 ΒΘ
1150 881 1358 942 institutione
1385 891 1416 941 er
1445 883 1609 959 dapnicate

46 970 148 1022 mnan.
164 981 218 1026 mo
239 964 333 1027 corda
351 987 359 1026 τ
375 964 519 1043 Peccavi,
535 972 567 1027 et
587 983 662 1027 vera
682 964 812 1047 deliqui,
828 973 861 1028 ct
878 975 914 1029 ut
1173 972 1371 1031 sacramenti
1402 972 1507 1031 istius.

46 1036 58 1075 '¹
163 1060 279 1143 dignus
294 1080 380 1125 aram
394 1081 458 1125 non
475 1062 591 1144 recepi.
607 1062 839 1126 Erubescamus
853 1082 912 1127 uos

163 1160 287 1223 barbati
302 1169 334 1223 ct
355 1161 553 1243 negligentes
574 1162 607 1223 in
628 1161 737 1225 scbola
759 1161 912 1225 virtutum
1034 1169 1089 1229 60
1102 1186 1174 1226 sum
1189 1168 1289 1242 panis
1304 1168 1389 1229 vitm.
1406 1166 1517 1229 toann.
1535 1184 1576 1243 vr,
1593 1167 1642 1230 48.

162 1258 323 1341 discipuli,
348 1261 432 1340 quod
456 1259 542 1322 infra
566 1267 612 1324 tot
631 1258 699 1323 dies
719 1269 752 1323 et
772 1280 910 1339 meuses,
1072 1263 1224 1327 Dominus
1252 1272 1361 1327 noster
1393 1264 1483 1327 lesus
1511 1263 1652 1327 Christus
1680 1264 1712 1326 in
1727 1289 1861 1340 racanas,

162 1364 195 1419 et
216 1358 314 1439 (qnod
335 1358 587 1436 erubescibilius,
604 1358 668 1421 imo
689 1378 727 1421 ac
748 1359 912 1421 damnabi-
965 1380 1028 1443 qua
1052 1369 1145 1426 nocte
1167 1362 1362 1442 tradebatur,
1385 1362 1511 1444 accepit
1533 1381 1659 1444 panem,
1682 1351 1858 1457 0l{,⁴,;,l¹{{‘l'

163 1454 225 1517 lius
239 1456 300 1535 est)
311 1454 395 1518 inira
408 1462 454 1519 tot
474 1473 575 1519 anuos
596 1465 712 1519 nostra
733 1457 912 1521 vocationis
965 1460 1082 1541 gratias
1097 1479 1205 1541 agens,
1217 1459 1380 1523 benedixit
1394 1480 1431 1523 ac
1446 1459 1553 1543 fregit,
1564 1459 1714 1541 deditque
1778 1446 1784 1466 ’

162 1562 227 1615 tam
249 1573 363 1635 pamm
384 1553 588 1635 proiecimus,
611 1554 654 1616 ita
676 1562 711 1617 ut
731 1555 837 1618 adbuc
858 1556 911 1618 vix
965 1557 1130 1640 discipulis
1152 1557 1229 1637 suis,
1245 1566 1278 1621 at
1296 1558 1339 1620 ait
1355 1584 1362 1620 :
1380 1559 1523 1641 Accipite
1537 1566 1568 1621 et
1582 1558 1715 1622 mandu-

162 1651 298 1715 varbum
332 1652 557 1733 increpationis
591 1662 646 1715 aut
680 1653 912 1717 exercitationis
965 1664 1056 1733 cata;
1073 1656 1135 1718 boc
1150 1664 1199 1718 est
1213 1673 1329 1737 corpus
1348 1676 1466 1721 meum.
1483 1657 1565 1721 Ecce
1580 1656 1713 1719 verbnm
1727 1682 1861 1734 namnam,

161 1750 382 1831 equanimiter
415 1749 500 1814 lerre
533 1751 701 1833 possimus.
739 1751 911 1815 Pensemus
964 1753 1184 1817 abbreviatum
1199 1754 1294 1835 ,quod
1319 1754 1396 1817 iacit
1420 1755 1501 1818 Deus
1530 1774 1626 1836 super
1653 1745 1760 1819 tar-¹⁸·
1775 1757 1796 1797 ¹·
1811 1747 1845 1787 ²³·

160 1850 236 1931 quid
257 1849 451 1912 venerabilis
474 1850 529 1911 illa
549 1850 656 1913 Juditb
679 1858 820 1932 tempore
842 1850 947 1932 gra-B
966 1870 1044 1914 ram.
1060 1852 1143 1915 Ecca
1167 1870 1263 1933 quam
1288 1852 1421 1934 simplex
1448 1853 1584 1917 narratio
1605 1871 1715 1935 super-

46 1946 301 2015 uatm1‚vissimaa
323 1946 535 2011 tribulationis
559 1948 665 2011 locuta
683 1948 747 2010 sit:
770 1948 839 2012 Non
862 1948 912 2011 ul·
965 1950 1119 2012 naturalis
1148 1958 1180 2013 et
1208 1950 1629 2032 incomprebensibilissimaa
1654 1951 1711 2014 rai.

46 2026 100 2075 ⁸³²⁷·
161 2045 405 2108 ciscamurnos
429 2044 556 2127 (iuquit)
580 2046 714 2128 probis
738 2066 808 2127 qua
832 2048 911 2128 pati·
964 2048 1076 2113 Nonne
1092 2048 1208 2111 mirum
1224 2049 1456 2130 quomodototi
1476 2050 1595 2113 mundo
1611 2048 1714 2131 potuit

160 2162 248 2221 mur3
266 2144 322 2207 sed
344 2150 526 2223 reputantes
546 2144 685 2224 peccatis
708 2144 823 2207 nostris
843 2145 910 2209 baec
964 2147 1061 2228 hujus
1087 2148 1274 2210 sacramenti
1297 2147 1378 2210 fidas
1403 2147 1609 2229 persuaderil
1625 2148 1714 2229 Lagi-

159 2240 229 2322 ipsa
249 2239 410 2322 supplicia
423 2260 493 2304 esse
515 2241 649 2319 minora,
666 2240 796 2323 flagella
810 2243 912 2305 Domi·
964 2253 1017 2308 tur
1043 2247 1126 2327 apud
1154 2246 1292 2308 blancum
1319 2246 1500 2308 :Exierunt
1528 2246 1577 2308 sui
1606 2255 1712 2309 tenere
1740 2272 1815 2317 aare.
1830 2285 1860 2323 n,

160 2338 204 2415 ni,
221 2338 316 2419 quasi
339 2338 423 2400 sarri
449 2339 503 2420 qui
526 2339 727 2420 corripimur,
743 2342 783 2402 ad
805 2360 911 2403 emen·
965 2363 1049 2421 enm,
1067 2343 1218 2407 videlicet
1239 2344 1358 2423 lesum,
1374 2344 1517 2407 dicentes
1535 2367 1542 2405 :
1558 2344 1711 2419 Quoniam
1727 2338 1760 2379 ²¹·

159 2438 325 2500 dationem
344 2444 377 2499 at
395 2456 459 2501 non
481 2438 519 2500 ad
541 2438 755 2517 perditionem
770 2448 910 2502 nostram
965 2442 999 2504 in
1015 2442 1155 2505 furorem
1170 2461 1280 2505 versus
1297 2451 1355 2505 est.
1368 2442 1475 2521 Porro,
1491 2442 1575 2506 sicut
1589 2462 1625 2506 ex
1642 2442 1713 2506 aliis

160 2536 308 2597 evenisse
332 2536 509 2598 credamus.
535 2535 615 2610 Quid
644 2536 683 2598 ad
713 2536 773 2598 ista
795 2537 910 2600 dicturi
964 2540 1174 2621 Evangelistis
1189 2548 1293 2621 potest
1307 2541 1472 2622 perpendi,
1486 2541 1547 2605 boc
1563 2540 1713 2603 luitdum

160 2641 233 2695 sunt
257 2632 314 2714 qui
340 2632 392 2714 pia
417 2633 553 2714 correpti
579 2652 652 2696 mox
676 2634 908 2715 contradicunt,
965 2639 1055 2701 Jesus
1076 2638 1263 2719 praedicavit
1283 2639 1398 2701 ludaeis
1417 2658 1455 2701 ea
1473 2657 1542 2721 quae
1561 2638 1714 2702 aloanne

160 2739 324 2810 excusant,
354 2730 481 2812 probari
514 2732 598 2813 quod
631 2730 750 2794 dicitur
776 2738 910 2813 petuntt
965 2736 1150 2799 scribuntur
1164 2737 1202 2798 dc
1219 2736 1423 2799 Sacramenta
1439 2736 1581 2819 corporis
1596 2745 1627 2799 et
1642 2756 1714 2799 san-

46 2850 146 2893 anti.
161 2829 203 2908 Si,
220 2836 257 2891 ut
272 2829 409 2892 Thomas
431 2829 464 2890 in
487 2830 627 2892 secunda
648 2831 795 2894 secundat
817 2839 911 2895 testa·
964 2834 1071 2915 guinis
1092 2833 1139 2895 sui
1158 2835 1260 2897 :Caro
1279 2834 1455 2916 (inquiens)
1477 2853 1548 2897 mea
1568 2852 1642 2898 vere
1667 2842 1714 2898 cst
1733 2857 1816 2901 coma.
1831 2871 1861 2909 n,

160 2934 220 3004 tur,
245 2927 426 2989 mortaliter
447 2936 581 3009 peccant
610 2928 704 2992 etiam
729 2930 773 2992 rei
800 2931 910 2993 mortis
965 2933 1068 3010 cibus,
1085 2940 1115 2994 at
1127 2932 1257 3013 sanguis
1272 2952 1362 2995 meus
1379 2952 1453 2995 vera
1468 2941 1516 2996 ast
1531 2941 1643 3015 potus;
1659 2933 1714 3015 qui
1729 2923 1762 2971 ⁵⁶·
1778 2924 1811 2964 ⁵⁷·

160 3024 214 3105 qui
238 3042 350 3087 coram
370 3024 477 3105 judice
503 3045 560 3088 sua
585 3026 677 3088 fateri
703 3027 839 3090 crimina
863 3027 947 3091 ra-C
964 3031 1135 3093 manducat
1158 3050 1263 3093 meam
1288 3050 1428 3107 carnem,
1447 3040 1478 3094 at
1502 3030 1583 3094 bibit
1607 3049 1713 3093 meum

160 3129 263 3185 nuunt
294 3142 351 3203 pre
384 3124 501 3204 quibus
534 3132 609 3186 sunt
636 3125 815 3204 occidendi,
845 3145 910 3188 non
965 3129 1165 3210 sanguinem,
1182 3137 1243 3191 atc.
1260 3128 1334 3203 Qua
1355 3130 1451 3193 verba
1472 3128 1653 3193 carnalibus
1668 3129 1715 3192 vi-

160 3221 307 3283 obstanta
331 3221 415 3301 quod
438 3222 533 3284 timor
557 3222 668 3286 mortis
692 3223 819 3305 culpam
845 3244 910 3288 non
964 3228 1121 3290 dabantur
1144 3227 1241 3290 verba
1266 3228 1411 3290 amantias
1435 3248 1471 3290 ac
1496 3227 1626 3306 luroris,
1650 3228 1715 3291 imo

160 3338 273 3400 parum
291 3318 441 3381 alleviat:
458 3320 758 3401 quidpoenta,quid
780 3323 910 3386 damua—
964 3333 996 3387 et
1011 3324 1175 3388 nonnullis
1196 3325 1428 3406 discipulorum
1450 3326 1550 3407 ipsius
1575 3326 1715 3391 Salvato

160 3416 254 3479 tionis
271 3415 323 3478 bis
338 3416 484 3479 imminet
498 3418 553 3498 qui
574 3418 686 3499 culpas
708 3438 780 3481 suas
801 3438 908 3483 coram
964 3422 1019 3500 ris,
1041 3422 1096 3503 qui
1129 3422 1329 3486 scandalizati
1354 3444 1392 3485 ex
1416 3424 1521 3486 verbis
1550 3425 1716 3507 hujusmo-
1729 3446 1860 3497 caracter.

160 3514 377 3596 superioribus
392 3514 457 3577 suis
478 3523 531 3578 aut
546 3525 674 3597 negant,
690 3526 744 3579 aut
765 3518 907 3600 palliant,
964 3521 1008 3597 di,
1032 3520 1180 3583 abierunt
1208 3529 1391 3602 retrorsum,
1415 3520 1558 3586 dicantes
1582 3544 1589 3581 :
1613 3525 1715 3587 Durus

160 3622 213 3675 aut
237 3612 335 3674 nimis
358 3616 552 3675 extenuantl
566 3613 654 3688 Quod
680 3615 775 3678 etiam
800 3626 910 3681 contra
964 3628 1012 3683 cst
1032 3619 1085 3681 bic
1116 3638 1232 3697 sermo,
1261 3621 1388 3702 etquis
1422 3629 1525 3703 potest
1557 3641 1630 3685 eum
1665 3642 1716 3685 au-

160 3710 338 3774 Aristotelis
362 3718 410 3773 ast
433 3711 623 3792 doctrinam,
649 3714 761 3793 quiin
789 3716 909 3779 Ethicis
963 3718 1054 3781 diret

159 3810 262 3887 docet,
280 3808 366 3889 quod
388 3810 533 3890 quamvis
554 3830 574 3871 a
593 3811 724 3873 varitate
745 3832 909 3895 nunquam
1004 3815 1158 3897 Denique,
1187 3836 1271 3879 unus
1300 3816 1492 3897 sapientium
1522 3820 1629 3882 saeculi
1657 3820 1716 3883 hu-

160 3908 199 3970 sit
218 3907 444 3988 recedendum,
461 3915 567 3971 tamma
591 3909 629 3970 in
646 3910 831 3974 recitatione
853 3932 910 3976 scu
964 3915 1027 3997 jus,
1046 3915 1079 3976 in
1101 3914 1301 3977 mirabilibus
1321 3916 1509 3979 sacramenti
1530 3918 1625 3999 hujus
1646 3939 1717 4001 per-

161 4005 363 4070 accusationa
391 4007 493 4087 culpae
522 4007 651 4070 alterius
680 4010 780 4090 magis
808 4011 910 4073 divar·
965 4020 1080 4091 motus,
1115 4011 1279 4091 confusus,
1315 4012 1470 4092 dejectus,
1500 4013 1619 4097 quippe
1659 4016 1714 4098 qui

162 4107 294 4168 tandum
315 4111 364 4167 ast
384 4106 422 4167 ad
445 4106 562 4185 minus,
579 4106 611 4168 in
634 4108 836 4172 accusatione
857 4130 912 4171 au·
964 4111 1113 4191 spiritum
1129 4110 1242 4172 Christi
1258 4129 1322 4174 non
1342 4111 1465 4189 babuit,
1483 4113 1537 4174 sad
1558 4114 1660 4176 solum
1676 4116 1715 4178 ad

161 4212 223 4267 tam
250 4211 284 4266 et
312 4203 492 4266 narratione
520 4205 653 4286 propria
682 4206 783 4288 culpa
806 4207 911 4289 potius
926 4207 951 4269 D
965 4208 1124 4271 naturales
1149 4228 1259 4272 causas
1285 4210 1422 4290 respexit
1445 4232 1451 4271 :
1473 4211 1635 4291 Mundum,
1658 4214 1714 4291 ait,

162 4311 208 4365 est
222 4301 449 4365 declinandum
464 4303 503 4365 ad
518 4302 634 4383 majus.
965 4308 1142 4390 peragravi,
1166 4309 1270 4371 varias
1295 4317 1396 4371 sectas
1427 4308 1549 4388 inveni,
1576 4319 1608 4373 θῖ
1635 4332 1716 4375 nun-

199 4404 321 4484 ltaqua,
346 4411 383 4464 ut
404 4401 479 4463 huic
504 4400 691 4482 dignissimo
714 4413 911 4467 sacramanto
965 4424 1059 4487 quam
1079 4414 1143 4468 tam
1163 4406 1282 4468 fatuam
1306 4406 1407 4487 reperi
1431 4414 1549 4469 sectam
1565 4408 1647 4472 sicut
1669 4420 1716 4473 est

162 4500 365 4563 Eucharistiae
384 4500 473 4581 juxta
493 4500 657 4581 parvitatis
677 4510 792 4564 nostrae
811 4503 911 4584 possi-
966 4512 1052 4565 sacta
1066 4504 1326 4581 Christianorum,
1343 4504 1494 4583 quoniam
1509 4505 1607 4569 Deum
1622 4527 1715 4571 suurn

162 4599 318 4661 bilitatem
345 4597 434 4679 digni
464 4598 634 4660 reddamur
657 4600 910 4681 appropinquare
966 4620 1061 4681 quem
1087 4603 1207 4681 colunt,
1230 4602 1384 4664 devorant
1408 4602 1568 4665 dentibus.
1592 4604 1656 4669 lloc
1681 4616 1716 4668 tu

162 4716 198 4759 ac
218 4704 402 4760 reverenter
425 4714 606 4775 occurrere,
623 4704 718 4777 atque
742 4698 912 4761 salubriter
965 4698 1085 4776 dixisti,
1102 4699 1346 4762 sceleratissime
1368 4719 1405 4762 ac
1428 4701 1598 4765 maledicte
1621 4704 1716 4768 Avar-

75 4825 150 4865 συθ,
163 4795 267 4877 ipsum
283 4795 457 4877 suscipere,
469 4794 678 4857 emundamus
694 4814 751 4857 nos
768 4797 808 4859 ab
823 4798 910 4861 omni
967 4816 1048 4876 roes,
1064 4797 1119 4878 qni
1145 4798 1214 4879 lege
1237 4799 1372 4860 naturali
1397 4798 1526 4862 voluisti
1549 4821 1619 4865 asse
1642 4821 1717 4866 con-

47 4906 52 4917 ·
164 4894 404 4975 inquinamento
428 4892 543 4954 mantis
568 4901 599 4955 at
624 4894 778 4976 corporis,
801 4905 833 4957 et
853 4916 911 4978 par
964 4904 1082 4975 tantus,
1106 4904 1137 4958 et
1160 4895 1337 4958 Aristotelis
1362 4915 1498 4977 sequens
1523 4899 1714 4981 doctrinam,

163 4992 222 5054 iter
240 4990 416 5073 disciplina
440 4990 595 5071 regularis
616 4991 655 5053 ad
681 4991 909 5072 perlectionem
964 4993 1127 5056 asseruisti
1157 5013 1253 5076 super
1280 4994 1388 5057 orbem
1418 4994 1501 5057 lunae
1530 5015 1594 5060 uon
1622 5016 1715 5078 possa

163 5090 335 5171 prudenter
353 5108 390 5152 ac
410 5088 568 5151 indelessa
588 5090 765 5152 tendamus
782 5090 829 5153 Ad
844 5091 910 5154 lau·
964 5111 1034 5153 asse
1056 5111 1159 5172 nequa
1184 5092 1328 5156 accidere
1353 5093 1485 5171 malum,
1510 5113 1569 5156 nec
1595 5095 1714 5158 malum

164 5189 235 5251 dem
249 5195 282 5251 et
296 5186 428 5269 gloriam
439 5186 802 5269 Omnipotentis,qniest
815 5207 911 5270 super
965 5189 1077 5270 culpae,
1095 5209 1154 5253 nec
1177 5190 1295 5253 malum
1317 5210 1428 5272 poenae.
1451 5192 1532 5254 Hinc
1554 5201 1585 5254 at
1606 5194 1715 5257 diabo-

163 5286 271 5350 omnia
285 5286 367 5349 Deus
382 5283 528 5347 sublimis
543 5294 574 5347 et
588 5285 906 5351 benedictusdman.
964 5288 1013 5351 los
1046 5307 1115 5351 esse
1143 5289 1277 5371 negasti,
1308 5308 1386 5371 quos
1420 5298 1483 5353 tarn
1514 5290 1644 5374 copiosa
1677 5312 1713 5357 ac
