4309 6259
437 506 477 555 ur
496 508 654 557 eudemo
673 509 711 556 rr
731 508 896 557 oromrara
916 510 1034 569 utura,
1056 511 1145 559 urana
1166 512 1186 558 1.
1209 530 1250 542 -
1270 511 1338 558 aar.
1362 512 1448 559 xxvn
1657 492 1716 559 tat

42 697 148 751 nauus.
165 678 271 742 denno
287 703 295 741 :
311 679 432 762 Corpus
450 679 535 760 quod
557 679 782 762 corrumpitur,
803 699 913 762 aggra-
928 678 953 743 Α
968 680 1101 745 relicere
1127 701 1191 746 non
1217 682 1355 764 sprevit3
1380 681 1450 763 ejus
1479 699 1604 763 quoque
1629 679 1717 743 inde·

41 793 149 841 :artua
165 784 220 838 vat
241 776 402 855 animam,
425 785 467 853 et,
489 777 568 851 Quid
592 778 750 859 superbis,
776 787 860 841 terra
882 786 913 840 θῖ
968 780 1129 844 trahibiles
1152 799 1216 844 uon
1237 781 1360 844 horruit
1380 780 1522 843 delectus
1540 798 1714 857 assumere,

165 874 269 935 cinist
294 874 449 957 pluraque
474 875 660 939 conlormia.
687 875 783 939 Porro
809 876 914 957 quoti·
968 897 1064 959 seque
1079 896 1137 959 per
1151 879 1259 942 omnia
1279 877 1431 941 iratribus
1446 879 1587 959 (dempta
1607 877 1715 958 culpa)
1730 904 1864 955 Hermu,

163 971 265 1034 dianae
284 971 352 1035 iste
371 972 623 1054 miserandaque
644 973 783 1037 hominis
803 992 913 1036 neces-
968 976 1179 1040 conformare.

162 1068 330 1149 situdines,
355 1088 426 1151 quaa
449 1088 487 1132 ex
510 1070 652 1152 corporis
677 1071 841 1151 potissime
865 1069 914 1131 in-

162 1165 306 1247 digentia
319 1173 458 1246 manant,
465 1175 497 1229 θῖ
509 1166 665 1229 naturales
676 1186 803 1250 quoque
814 1168 912 1250 ipsius

162 1262 413 1344 superfluitates,
443 1265 678 1345 instabilitates,
712 1265 910 1348 fragilitates,
1133 1238 1378 1304 ARTICULUS
1406 1238 1547 1302 XXVII·

162 1380 260 1442 ‘luam
288 1362 328 1424 Sil
363 1363 542 1425 miseranda
569 1362 825 1445 d⁰f⁰⁰fibffi⁸ll¹¹⁰
857 1366 913 1429 hl*
986 1389 1035 1449 De
1050 1388 1255 1463 conceptione
1272 1406 1337 1465 qua
1359 1386 1575 1447 mundissimo
1599 1388 1695 1463 Virqo

162 1460 288 1523 minum
311 1460 463 1540 conditio,
486 1469 594 1543 aperte
617 1461 831 1525 manifestant.
854 1463 912 1527 Ve
1106 1476 1169 1538 Det
1187 1476 1400 1552 Unigenitum
1418 1476 1572 1551 concepit,

41 1566 354 1639 rm.=‚u‚rumtamen,
388 1578 453 1623 non
488 1560 571 1622 sicut
604 1559 767 1638 delictum,
803 1560 847 1623 ita
880 1570 912 1625 et

41 1644 53 1681 ’·
160 1656 263 1738 gratia
293 1680 301 1720 :
330 1658 449 1731 etenim
483 1657 538 1721 ubi
569 1659 713 1739 regnavit
747 1659 910 1743 iniquitas,
1026 1664 1115 1725 ΒΕΑ
1127 1664 1195 1725 VIT
1208 1664 1369 1724 Dominus
1390 1681 1509 1721 novum
1531 1679 1629 1738 suuper
1653 1671 1868 1731 ter-munuae

160 1756 399 1836 superabundat
430 1765 462 1819 et
493 1757 604 1837 gratia.
639 1757 775 1839 Ideoque
806 1760 858 1836 n'e,
891 1777 911 1823 o
1041 1781 1113 1821 rem
1129 1782 1141 1820 .·
1156 1758 1299 1821 mulier*
1313 1760 1531 1819 circumdabit
1546 1762 1669 1830 virum,
1684 1768 1831 1833 etqemtna

159 1854 268 1931 homo,
297 1854 440 1936 ingratus
464 1855 520 1935 sis,
546 1855 676 1937 adspice
698 1874 756 1937 per
778 1856 855 1938 quid
879 1862 948 1925 etB
965 1876 1030 1920 non
1057 1858 1194 1941 accipiet
1222 1857 1359 1919 aliunde.
1389 1855 1413 1919 0
1442 1856 1550 1938 utique
1583 1876 1713 1938 novum,

160 1952 238 2015 item
258 1953 417 2034 quomodo
437 1962 582 2034 reparata
601 1952 850 2036 dignificataque
869 1956 912 2018 sit
965 1957 1174 2037 omniumque
1198 1974 1327 2038 prorsus
1356 1954 1536 2017 divinorum
1563 1956 1716 2019 mirabili-

158 2058 214 2113 tua
243 2070 328 2115 caro.
357 2052 397 2113 lit
428 2052 558 2132 quidem
591 2060 743 2115 creaturan
775 2052 910 2135 dignitas
966 2074 1020 2116 um
1055 2053 1330 2117 mirabilissimum
1365 2071 1601 2134 summumque,
1638 2054 1715 2115 dum

158 2157 256 2230 atque
284 2147 434 2229 lelicitas,
460 2150 536 2213 nnio
564 2150 635 2231 ejus
663 2159 711 2213 θεῖ
739 2159 771 2214 θῖ
797 2170 912 2233 appro-
966 2151 1091 2230 mulier,
1112 2170 1177 2216 non
1202 2171 1239 2213 ex
1264 2150 1345 2213 virili
1373 2150 1506 2228 semine,
1528 2150 1582 2212 sed
1606 2149 1716 2213 divino

158 2247 290 2312 rimatio
313 2249 353 2310 ad
379 2248 580 2327 Creatorem,
605 2250 762 2330 separatio
789 2258 908 2327 autem,
966 2250 1109 2313 radiante
1131 2250 1263 2329 lumine,
1281 2250 1313 2311 in
1334 2248 1457 2311 illibato
1478 2257 1580 2327 utero,
1597 2249 1716 2311 nedum

158 2345 289 2409 miseria
303 2346 385 2428 ejus.
395 2346 614 2429 contemplare
630 2347 747 2428 itaque,
761 2366 819 2430 per
832 2348 909 2428 quid
965 2367 1112 2431 puerum,
1136 2350 1191 2411 sed
1215 2348 1319 2410 virum
1344 2364 1471 2428 quoque
1492 2345 1714 2424 circmndedit,

157 2444 360 2526 qualiterque
379 2446 443 2509 lleo
461 2465 536 2510 caro
558 2453 612 2509 tua
631 2446 755 2510 reunita
775 2456 823 2509 est
838 2465 911 2528 pro-
965 2446 1131 2529 complexa
1152 2454 1200 2509 est
1220 2454 1315 2527 atque
1334 2444 1501 2527 concepit!
1525 2443 1647 2525 Virum,
1668 2444 1717 2505 in-

159 2543 374 2626 pinquiorque
394 2542 522 2607 ellectu.
964 2564 1072 2627 quam,
1089 2544 1257 2627 sapientia,
1275 2562 1339 2607 non
1355 2551 1467 2621 aetate3
1483 2542 1638 2624 dignitate
1654 2542 1717 2605 vir·

195 2641 258 2705 Per
270 2649 314 2722 te,
330 2660 350 2704 o
368 2642 506 2723 gratiosa
524 2642 789 2726 ornatissimaque
802 2642 906 2722 llaria,
964 2646 1124 2725 tutis,non
1139 2644 1314 2726 quantitate
1329 2642 1481 2724 corporis.
1491 2640 1626 2719 Novum,
1638 2642 1715 2703 dum

157 2740 258 2803 etiam
284 2759 359 2803 caro
382 2748 501 2819 nostra,
528 2740 672 2822 angelica
695 2750 801 2805 mente
825 2742 909 2805 Divi·
964 2762 1088 2806 summe
1123 2741 1311 2823 inliniteque
1340 2738 1501 2818 distantia,
1533 2739 1715 2803 immediate

156 2839 250 2902 nitati
266 2838 405 2902 vicinior
418 2838 502 2902 lacta
517 2847 666 2902 censetur
682 2863 689 2901 :
706 2840 824 2921 quippe
838 2860 909 2922 quar
964 2840 1265 2924 suppositaliterque
1285 2838 1414 2903 counita
1434 2846 1527 2917 sunt3
1543 2839 1620 2900 dum
1641 2837 1714 2899 sim·

157 2938 196 2999 ad
221 2937 463 3001 subsistentiam
486 2937 582 3001 Verbi
606 2947 731 3021 sumpta
755 2940 906 3003 creditur.
964 2940 1141 3022 plicissima
1167 2936 1316 3001 divinitas
1345 2939 1492 3001 humane
1520 2936 1620 3015 carni,
1650 2954 1714 3017 qua

41 3053 144 3105 matra.
158 3036 299 3099 Verbum
325 3054 463 3119 quoque,
493 3056 559 3100 non
586 3038 719 3120 angelus
751 3040 806 3101 sed
835 3041 945 3103 carol}
963 3040 996 3101 in
1011 3046 1078 3103 toto
1092 3037 1242 3101 universo
1263 3036 1308 3098 nil
1328 3034 1533 3117 compositius
1555 3034 1713 3115 consistit,

41 3149 143 3200 orae.
158 3134 280 3197 lactum
295 3142 354 3197 est.
371 3134 514 3216 Denique
533 3136 574 3197 de
588 3134 708 3217 Spiritu
723 3136 837 3199 Sancto
858 3156 910 3199 su·
962 3138 1154 3201 indistanter
1173 3134 1347 3217 conjuncta
1367 3142 1425 3196 est.

157 3252 365 3315 peromnem
387 3252 516 3296 earnem
538 3232 705 3297 ellundere
726 3234 837 3297 volens
858 3236 910 3297 Al·
1002 3236 1147 3318 Quinque
1175 3234 1312 3298 uniones
1341 3240 1481 3296 extreme
1515 3231 1714 3313 incompara-

157 3331 314 3411 tissimus,
334 3332 368 3393 in
392 3331 502 3414 primis
527 3331 700 3414 semetipso
724 3333 828 3395 carnis
848 3341 909 3396 tuae
963 3334 1131 3417 biliterque
1152 3332 1352 3395 admirandas
1368 3331 1449 3393 Deus
1471 3330 1615 3393 excelsus
1634 3328 1715 3392 elle·

157 3428 373 3492 castissimum
389 3429 525 3511 replevit
538 3438 677 3510 uterum,
685 3430 822 3512 indeque
837 3449 909 3514 pro
963 3433 1006 3495 cit
1032 3456 1039 3495 :
1062 3432 1142 3495 fidei
1166 3450 1239 3493 cum
1265 3429 1399 3507 ratione,
1422 3427 1614 3509 virginitatis
1639 3446 1712 3489 cum

41 3547 144 3595 mua.
158 3528 289 3608 cedens,
310 3526 504 3590 illuminavit
522 3546 651 3591 omnem
670 3528 831 3592 hominem
855 3548 909 3592 vo-
963 3531 1175 3608 maternitate,
1204 3528 1346 3610 corporis
1375 3525 1488 3589 Christi
1522 3526 1582 3589 suh
1610 3523 1713 3589 lorma

157 3626 301 3688 nientem
326 3624 360 3686 in
385 3625 470 3688 hunc
499 3626 676 3704 mundum3
703 3634 908 3708 reparataque
963 3627 1105 3691 sensibili
1141 3626 1233 3708 panis
1268 3622 1568 3702 transsubstantiati,
1599 3630 1712 3687 creatae

156 3732 204 3786 est
227 3742 287 3805 per
310 3741 439 3786 carnem
462 3731 562 3801 tuam,
588 3724 693 3802 llaria,
721 3743 909 3805 supermun·
962 3725 1077 3787 mentis
1102 3743 1176 3786 cnm
1201 3722 1311 3785 divina
1335 3721 1483 3798 essentia,
1504 3739 1567 3802 qua
1586 3739 1656 3783 eam
1677 3721 1711 3783 in

155 3821 237 3883 dana
252 3819 401 3899 felicitas,
418 3839 492 3885 earo
512 3840 583 3902 quae
604 3821 637 3883 in
659 3822 774 3884 ceteris
789 3829 835 3885 tot
855 3842 907 3885 ex·
961 3822 1063 3906 patria
1090 3840 1148 3903 per
1175 3820 1314 3904 speciem
1343 3826 1522 3899 contuetur,
1552 3826 1584 3881 et
1614 3818 1710 3882 Verbi

154 3921 234 3983 stitit
256 3920 360 4001 culpis
381 3919 580 4003 miseriisque
603 3920 749 3984 obnoxia.
962 3941 1035 3985 cum
1060 3920 1269 3999 humanitate,
1290 3938 1352 4001 qua
1372 3936 1409 3980 ex
1434 3916 1588 3981 ambobus
1612 3916 1711 3998 hypo

192 4018 216 4082 0
231 4017 494 4100 incomparabilis
508 4018 622 4100 gloria,
639 4019 708 4082 laus
726 4019 803 4082 item
825 4018 907 4083 inel—
961 4020 1054 4082 stasis
1068 4039 1132 4081 una
1147 4017 1298 4081 ellioitur.
1316 4016 1376 4079 Sed
1397 4015 1556 4098 prioribus
1575 4022 1711 4096 quatuor

151 4115 263 4180 labilis
285 4116 434 4198 virgineas
453 4117 559 4180 carnis
580 4125 697 4181 sancte
710 4118 835 4196 Puellae,
852 4138 906 4181 cu·
960 4118 1070 4201 quinta
1085 4117 1152 4180 haec
1173 4115 1352 4179 mirabilior
1371 4121 1483 4177 exstat.
1499 4112 1554 4175 Est
1573 4131 1710 4195 namque

151 4216 204 4297 jus
228 4234 306 4299 pars
329 4214 455 4278 modica
477 4224 649 4298 assumpta,
673 4216 817 4279 omnium
839 4220 944 4282 eratl)
960 4218 994 4279 in
1009 4217 1078 4297 ipsa
1093 4215 1191 4279 creati
1207 4212 1404 4294 increatique
1420 4211 1623 4292 conjunctio:
1640 4229 1710 4294 que

153 4313 270 4379 idonea
284 4313 473 4377 saeculomm
493 4314 635 4377 relaxare
656 4314 794 4377 delicta!
811 4316 902 4394 llum,
959 4315 1019 4378 etsi
1047 4315 1080 4377 in
1109 4320 1221 4395 quarta
1248 4330 1375 4394 quoque
1405 4310 1463 4373 rite
1493 4317 1632 4392 putetur,
1658 4329 1712 4374 ve-

152 4413 280 4476 obeata
294 4420 327 4475 et
341 4410 478 4493 benigna
492 4411 596 4490 Maria,
613 4412 747 4494 gloriam
762 4413 904 4495 corporis
959 4421 1138 4476 rumtamen
1162 4411 1238 4475 unio
1263 4410 1319 4472 illa
1342 4408 1540 4491 hypostatica
1563 4427 1627 4473 non
1649 4416 1709 4490 est,

152 4511 197 4573 tui
232 4509 445 4592 contemplor,
475 4510 572 4573 miror
600 4530 658 4593 pro
686 4509 818 4591 viribus,
848 4511 903 4575 sed
959 4521 1110 4593 tanquam
1140 4530 1178 4574 ex
1211 4510 1304 4572 beato
1343 4507 1507 4571 intellectu
1535 4506 1709 4588 divinaque

152 4608 263 4671 mirari
282 4625 348 4670 non
367 4607 509 4672 sullicio.
527 4608 623 4671 Venit
642 4608 789 4690 equidem
808 4609 902 4693 Deus,
960 4609 1100 4674 essentia
1123 4609 1252 4672 resultet
1274 4624 1375 4671 unum
1405 4605 1557 4687 quiddam
1587 4604 1710 4687 simpli·

152 4714 183 4768 et
210 4706 411 4769 mansionem
436 4706 498 4768 sibi
522 4705 555 4767 in
584 4726 680 4770 carne
705 4715 759 4769 tua
787 4708 902 4790 elegit3
959 4710 1039 4774 citer
1053 4728 1111 4773 seu
1125 4727 1182 4791 per
1197 4705 1445 4770 subsistentiam.
1462 4704 1517 4767 list
1531 4704 1618 4768 enim
1633 4704 1710 4768 unio

151 4803 195 4866 ibi
220 4803 388 4882 habitavit,
413 4804 481 4867 illic
504 4805 678 4887 requievit3
700 4825 771 4869 eam
800 4808 905 4870 induit
959 4809 1027 4871 haec
1040 4807 1261 4891 quoadactum
1276 4803 1525 4885 secundum,qui
1539 4811 1587 4867 est
1601 4822 1706 4885 agere,

152 4909 248 4982 atque
272 4903 466 4985 assumpsit;
491 4903 532 4966 ab
555 4923 593 4966 ea
616 4904 754 4986 denique
777 4905 901 4985 nutriri,
959 4914 1070 4988 utputa
1095 4905 1171 4985 lrui,
1187 4902 1295 4968 videre
1319 4910 1413 4985 atque
1438 4902 1592 4991 diligere,
1612 4920 1707 4985 porro

153 5018 289 5082 eamque
315 5008 525 5079 contrectare,
555 5002 693 5065 osculari
721 5010 754 5066 et
784 5004 905 5085 ample-
958 5005 1070 5086 quinta
1085 5001 1261 5085 personalis
1277 5010 1334 5078 est,
1353 5008 1384 5063 θῖ
1403 4998 1507 5082 quoad
1522 5005 1628 5061 actum
1642 4998 1706 5081 pri-

152 5098 218 5160 xari
241 5098 391 5179 dignatus
412 5106 481 5177 est,
502 5118 647 5181 peream
668 5101 904 5182 supersidereas
958 5122 1058 5181 mum,
1085 5102 1140 5183 qui
1164 5108 1213 5165 est
1240 5119 1309 5163 esse
1336 5122 1342 5161 :
1366 5097 1516 5179 quoniam
1541 5098 1579 5159 ad
1604 5096 1708 5159 subsi·
1740 5154 1743 5167 ,
1770 5159 1774 5165 ,
1803 5160 1806 5167 ,

154 5198 336 5260 mansiones
365 5199 591 5280 redintegrare,
622 5198 738 5262 interni
767 5200 904 5264 claustra
959 5201 1107 5265 stantiam
1131 5200 1226 5263 Verbi
1250 5206 1298 5262 est
1321 5202 1483 5277 assumpta
1510 5196 1704 5259 humanitas.

155 5294 367 5377 confringere,
394 5304 427 5358 et
448 5296 622 5361 electorum
644 5307 768 5362 mentes
791 5299 824 5361 in
853 5301 904 5363 via
958 5300 994 5362 ln
1008 5298 1167 5381 prioribus
1186 5315 1263 5360 vero
1282 5294 1382 5359 tribus
1402 5292 1598 5356 mirabilibus
1618 5294 1707 5357 unio-

280 5429 313 5479 Τ.
331 5430 371 5480 35.
1549 5428 1580 5479 32
