4309 6259
444 468 504 533 260
737 482 778 529 mr
798 480 888 529 noms
909 478 1044 527 srmrrus
1066 470 1184 534 smum,
1206 473 1380 521 muomrus
1400 472 1442 519 rr.
1464 492 1506 503 -
1525 472 1650 521 sonmo
1671 474 1703 520 vr

442 675 485 719 an
500 674 538 719 ea
556 654 712 718 faciamus
731 672 772 717 an
793 672 869 717 non.
885 651 973 714 Istud
994 658 1100 714 autem
1117 665 1191 709 oon·
1207 644 1233 707 ll
1248 643 1310 707 ctio
1338 644 1378 706 ad
1402 644 1502 706 Deum
1527 641 1578 705 vel
1604 641 1794 724 proximum,
1821 649 1874 705 aut
1898 662 1989 725 gene-

444 754 552 832 siliari,
574 762 623 816 θεῖ
642 753 694 816 vel
716 771 773 835 per
794 752 930 814 rationes
952 750 1120 827 humanas,
1140 745 1191 809 vel
1248 750 1334 804 ratur
1356 741 1389 804 in
1413 741 1504 805 nobis
1529 742 1704 804 secundum
1727 741 1884 803 dictamen
1910 741 1990 824 prin-

444 872 503 934 per
540 851 804 915 illuminationem
845 850 995 912 divinam.
1034 846 1192 909 Gertitudo
1248 840 1401 922 cipiorum
1415 839 1507 920 juris,
1524 849 1556 902 et
1570 840 1615 902 sic
1630 849 1678 902 ost
1692 840 1793 921 pietas
1808 839 1926 913 virtus3
1941 848 1990 902 aut

444 969 583 1032 namque
610 969 681 1031 qnae
705 957 754 1012 θεῖ
778 968 835 1031 per
859 947 995 1009 rationes
1023 946 1190 1023 humanas,
1248 938 1424 1000 secundum
1437 938 1595 1000 dictamen
1612 936 1841 1019 principiomm
1861 936 1947 1015 fidei,
1963 945 1990 999 et

445 1069 509 1114 non
535 1057 638 1131 potest
663 1049 702 1110 de
726 1045 976 1109 indeterminatis
1005 1063 1076 1106 esse
1103 1040 1193 1104 suffi-
1248 1036 1292 1097 sic
1317 1042 1365 1097 est
1385 1037 1493 1111 pietas
1517 1036 1648 1112 donum,
1671 1043 1703 1097 et
1726 1042 1774 1096 est
1797 1034 1836 1096 de
1858 1032 1906 1095 bis
1926 1053 1990 1115 quae

445 1148 532 1210 ciens
559 1169 566 1207 :
592 1146 710 1209 idcirco
734 1144 903 1225 requiritur
927 1144 1046 1205 donum
1070 1138 1193 1203 consilii
1248 1132 1436 1195 exhibentur
1455 1134 1518 1196 lleo
1542 1133 1593 1195 vel
1619 1131 1739 1196 bomini
1764 1132 1803 1194 ad
1828 1133 1991 1213 promotio

445 1245 542 1308 allec
560 1243 701 1306 infusum
724 1241 893 1324 superbis.
910 1240 997 1304 Unde
1018 1240 1099 1301 siout
1120 1256 1194 1319 pru·
1249 1250 1322 1293 nem
1350 1229 1427 1293 fidei
1456 1230 1488 1291 in
1518 1250 1551 1293 se
1579 1230 1632 1293 vel
1661 1229 1695 1291 in
1724 1230 1834 1307 altero,
1861 1230 1942 1292 sicut
1963 1238 1991 1292 et

445 1342 552 1405 dentia
565 1350 614 1403 est
628 1341 710 1403 inter
730 1339 849 1402 bonum
872 1346 903 1400 et
925 1337 1055 1416 malum,
1072 1336 1117 1397 sie
1140 1335 1195 1397 do
1249 1327 1390 1408 scientia,
1421 1346 1492 1409 qnae
1527 1328 1557 1390 ei
1590 1328 1791 1391 combinatur
1825 1336 1858 1389 et
1891 1327 1991 1409 dirigit

446 1459 524 1502 num
540 1438 662 1502 consilii
677 1446 726 1500 est
740 1438 823 1499 inter
837 1436 956 1499 bonum
971 1443 1003 1497 et
1017 1434 1140 1497 melius.
1153 1468 1195 1477 -
1249 1428 1361 1509 ipsam.
1392 1426 1480 1489 Unde
1515 1426 1673 1509 generalis
1704 1425 1887 1489 differentia
1915 1426 1991 1488 inter

446 1537 565 1600 Deinde
585 1535 693 1599 scribit
706 1534 758 1597 bic
773 1535 884 1597 doctor
902 1534 942 1595 de
962 1533 1046 1596 dono
1060 1533 1194 1609 fortitu·
1249 1525 1379 1588 virtutes
1401 1533 1433 1587 θῖ
1456 1525 1550 1603 dona,
1572 1524 1724 1605 estquod
1747 1525 1879 1587 virtutes
1900 1534 1992 1605 agunt

446 1638 558 1705 dinia-
573 1635 627 1697 sed
642 1633 776 1711 dimitto,
790 1632 865 1713 quia
879 1630 1008 1694 omnino
1024 1629 1195 1693 coneordat
1250 1624 1344 1687 modo
1371 1623 1522 1702 humano,
1553 1641 1652 1704 quum
1682 1622 1793 1703 virtus,
1821 1623 1991 1686 secundum

447 1751 520 1794 cnm
535 1731 628 1793 dictis
647 1731 687 1793 de
706 1731 791 1794 dono
810 1730 872 1793 hoc
890 1728 1066 1791 secundnm
1086 1725 1195 1788 Alber-
1250 1720 1398 1799 Tullium,
1425 1721 1465 1782 sit
1492 1720 1617 1783 babitus
1647 1720 1680 1782 in
1710 1720 1841 1783 modum
1865 1728 1991 1795 nat-ura,

446 1837 512 1893 tum
534 1837 566 1893 et
585 1830 850 1893 Bonaventnram.
1213 1815 1361 1882 Brationi
1386 1827 1638 1897 consentanens3
1665 1819 1748 1882 dona
1771 1827 1877 1881 autem
1902 1826 1994 1899 agunt

485 1929 619 2011 lnsnper
633 1927 676 1990 ait
692 1949 700 1988 :
717 1926 787 1988 Vita
805 1925 909 1988 activa
928 1924 961 1985 in
981 1924 1105 1987 duobus
1121 1940 1196 1985 con·
1251 1918 1344 1980 modo
1363 1916 1464 1980 altiori
1484 1925 1577 1998 atque
1597 1916 1715 1979 divino.
1734 1916 1848 1997 Sicque
1868 1915 1994 1978 virtutes

445 2027 538 2105 sistit,
564 2026 685 2089 scilicet
707 2024 740 2086 in
764 2023 829 2086 fide
852 2031 1005 2103 tanquam
1026 2022 1059 2082 in
1083 2020 1196 2082 funda·
1250 2015 1367 2077 habent
1395 2014 1532 2095 aliquam
1563 2014 1717 2078 rationem
1744 2014 1917 2076 humanam
1941 2031 1994 2095 pro

445 2134 565 2204 mento,
590 2123 677 2187 etin
706 2122 798 2185 bonis
823 2121 963 2184 moribus
987 2128 1139 2200 mnquam
1162 2117 1194 2179 in
1250 2112 1369 2194 regula,
1401 2114 1455 2175 sed
1484 2114 1567 2176 dona
1596 2112 1736 2193 aliquam
1765 2112 1920 2175 rationem
1953 2111 1995 2173 di-

445 2222 591 2285 aedifrcio.
609 2220 756 2296 Quredam
778 2238 854 2300 ergo
874 2220 958 2282 dona
976 2216 1136 2299 pertinent
1156 2217 1194 2279 ad
1250 2212 1367 2274 vinam.
1394 2209 1472 2273 Nam
1503 2212 1601 2294 pietas
1630 2212 1731 2274 virtus
1755 2210 1905 2274 subvenit
1929 2227 1995 2292 pro

445 2320 522 2383 fidei
548 2319 788 2403 perfectionem,
810 2326 844 2379 ut
868 2317 1000 2380 scientia
1019 2323 1051 2377 et
1072 2314 1193 2397 pietas3
1250 2310 1345 2388 ximo,
1367 2310 1400 2371 in
1423 2319 1577 2392 quantum
1602 2308 1730 2391 respicit
1753 2308 1785 2371 in
1811 2328 1851 2372 eo
1875 2308 1996 2373 confor-

445 2419 590 2501 quaedam
605 2419 644 2481 ad
666 2415 896 2500 perfectionem
919 2433 1055 2493 morum,
1073 2421 1107 2475 ut
1122 2432 1197 2476 con·
1250 2408 1391 2471 mitatem
1420 2417 1540 2471 natnrae
1569 2408 1620 2471 vel
1648 2407 1769 2488 aliquid
1800 2408 1994 2483 humanum3

446 2516 553 2579 silium
574 2524 606 2579 et
628 2514 789 2579 fortitudo.
808 2514 931 2577 Donum
955 2529 1030 2594 ergo
1052 2513 1196 2571 scientiae
1251 2508 1305 2569 sod
1326 2506 1424 2587 pietas
1444 2507 1575 2586 donum,
1592 2505 1624 2567 in
1643 2514 1797 2587 quantum
1816 2504 1997 2587 hujusmodi

444 2612 583 2695 pertinet
604 2613 643 2675 ad
667 2611 744 2675 fidei
769 2609 1000 2692 perfectionem
1020 2616 1085 2671 tam
1106 2607 1139 2669 in
1161 2626 1195 2669 se
1251 2620 1347 2684 opera
1367 2602 1484 2685 facere,
1500 2609 1550 2665 est
1568 2622 1648 2685 opus
1663 2603 1726 2667 Deo
1747 2601 1914 2666 conforme
1934 2601 1997 2663 sire

444 2730 541 2793 qnam
570 2711 603 2772 in
631 2710 741 2789 altero,
772 2709 948 2772 secundum
972 2706 1192 2789 Augustinum.
1251 2701 1404 2763 divinum.
1421 2700 1541 2782 ltaque,
1558 2702 1597 2765 do
1618 2702 1738 2764 eisdem
1760 2708 1809 2763 est
1826 2701 1929 2783 pietas
1947 2701 1998 2763 do

444 2808 601 2873 Promotio
628 2826 755 2891 quoqne
779 2806 855 2869 fidei
880 2816 945 2869 tam
974 2806 1006 2867 in
1036 2823 1070 2867 εθ
1099 2822 1195 2885 quam
1251 2819 1329 2862 num
1352 2801 1391 2863 de
1415 2800 1530 2881 quibus
1554 2809 1585 2862 et
1608 2800 1726 2863 donum
1751 2799 1903 2879 scientiae,
1926 2806 1999 2882 puta

445 2908 478 2969 in
502 2907 576 2987 alio,
598 2906 637 2968 fit
659 2906 710 2969 vel
735 2904 844 2984 verbo,
866 2906 942 2968 dum
967 2904 1051 2984 quod
1076 2902 1197 2985 simpli·
1251 2899 1400 2961 derebus
1419 2898 1664 2979 humanisque
1683 2898 1716 2959 in
1737 2917 1813 2960 nsns
1833 2917 2000 2960 assumun-

446 3005 526 3067 citer
554 3006 594 3067 de
624 3004 689 3066 Deo
718 3002 866 3082 creditur,
892 3000 1065 3065 rationibus
1090 2997 1233 3063 ortbo-fl
1253 3006 1303 3059 tur
1332 2997 1486 3060 humanos
1519 3019 1525 3058 :
1554 3016 1617 3060 non
1646 3005 1754 3059 tamen
1783 2997 1822 3059 de
1850 2996 1998 3059 omnibus

445 3102 633 3183 dogmaticis
648 3121 666 3163 a
682 3107 825 3163 creatura
840 3099 973 3180 sumptis
988 3098 1197 3162 confirmetur
1252 3095 1325 3174 illis,
1349 3114 1408 3158 neo
1433 3096 1492 3158 sub
1517 3095 1637 3159 ratione
1662 3095 1785 3173 cadem,
1807 3095 1863 3158 scd
1887 3096 1929 3159 de
1953 3094 1999 3155 bis

445 3200 534 3279 (binc
554 3199 730 3261 secundnm
749 3197 970 3279 Augustinum‚
993 3196 1124 3259 scientia
1148 3203 1196 3258 cst
1252 3194 1366 3275 quibus
1389 3192 1470 3257 fides
1495 3202 1711 3276 promovetur,
1733 3201 1765 3257 et
1788 3192 1849 3255 snb
1871 3193 1933 3256 bac
1954 3210 2000 3255 ra-

446 3298 485 3359 de
501 3296 550 3361 bis
564 3296 678 3377 quibus
697 3294 778 3358 fides
795 3294 1003 3357 saluberrima
1021 3294 1194 3375 gignitur);
1253 3293 1336 3355 tione
1365 3292 1397 3353 in
1427 3300 1581 3373 quantum
1611 3300 1816 3373 promovetur
1834 3292 1904 3373 'per
1936 3310 1997 3353 cas.

446 3394 497 3457 rel
522 3394 678 3475 exemplo,
704 3393 779 3455 dnm
808 3392 892 3473 quod
921 3393 1016 3455 corde
1045 3391 1193 3468 creditur,
1252 3392 1378 3469 lterum,
1406 3390 1530 3472 pietatis
1554 3390 1650 3470 hnjns
1676 3389 1805 3471 qnidam
1836 3397 1885 3452 est
1914 3396 2001 3453 actus

446 3510 542 3574 opere
573 3491 790 3556 confirmatur.
822 3489 909 3565 Quod
944 3489 1113 3571 dupliciter
1144 3488 1194 3567 fit,
1252 3490 1336 3563 eirca
1364 3488 1523 3571 propriam
1550 3488 1725 3566 materiem,
1752 3486 1876 3551 scilicet
1906 3488 2000 3551 iidem

447 3590 568 3653 scilicet
584 3613 591 3651 z
605 3588 747 3672 perfecta
761 3588 974 3652 declinatione
989 3586 1075 3666 mali,
1088 3587 1196 3668 sicque
1252 3604 1438 3668 promovere
1468 3605 1525 3667 per
1554 3605 1650 3669 opera
1674 3584 1800 3668 pietatis
1824 3587 2001 3649 secundum

448 3688 626 3752 attribuitur
660 3687 810 3767 scientim,
840 3687 921 3749 benc
954 3684 1135 3747 conversari
1163 3685 1196 3746 in
1252 3684 1407 3767 principia
1436 3683 1534 3761 fidei3
1561 3693 1593 3746 et
1620 3683 1749 3766 quidum
1779 3683 1865 3747 circa
1891 3683 2000 3762 finem,

329 3805 336 3818 ·
447 3786 551 3850 medio
575 3785 710 3848 nationis
734 3802 912 3866 perversta;
939 3791 1032 3864 atque
1056 3781 1198 3864 perfecta
1252 3782 1400 3845 videlicet
1424 3783 1524 3845 cultui
1545 3782 1698 3845 inhaerere
1720 3782 1830 3845 divino
1856 3806 1863 3843 :
1889 3790 1921 3845 ct
1946 3781 2002 3844 ista

447 3884 630 3967 operatione
652 3882 737 3960 boni,
755 3890 787 3945 et
806 3881 851 3944 sic
870 3880 1052 3944 attribuitur
1070 3880 1100 3942 ei
1120 3888 1198 3942 tcm-
1253 3880 1393 3943 manebit
1420 3880 1452 3941 in
1482 3880 1592 3962 patria.
1618 3880 1740 3942 Primus
1768 3888 1876 3943 autem
1907 3888 2003 3943 mate-

449 3981 609 4063 poralibus
643 3982 725 4043 beno
754 3979 811 4057 nti,
842 3978 989 4042 videlicet
1022 3980 1197 4040 secundum
1252 3978 1370 4041 rialiter
1384 3979 1524 4041 continet
1538 3978 1654 4042 multos
1670 3987 1759 4041 actus
1776 4002 1783 4039 :
1801 3988 1833 4041 ct
1847 3987 2001 4060 quantum

448 4080 532 4160 quod
553 4078 680 4161 expedit
698 4078 738 4140 ad
759 4076 904 4139 salntem.
927 4076 1013 4139 Unde
1035 4077 1073 4139 ad
1097 4076 1198 4139 scieu—
1252 4077 1290 4138 ad
1313 4077 1443 4157 eosqui
1464 4075 1670 4159 perfectionis
1692 4085 1776 4155 sunt,
1795 4085 1829 4138 nt
1852 4076 2001 4159 proximis

448 4177 525 4238 tiam
549 4176 687 4257 pertinet
710 4175 864 4236 industria
888 4173 986 4237 fidem
1010 4173 1145 4236 docendi
1166 4169 1236 4237 etD
1252 4174 1449 4256 congaudere
1473 4174 1505 4235 in
1530 4174 1632 4252 bonis,
1656 4174 1797 4237 manebit
1818 4173 1853 4236 in
1879 4174 1999 4256 patria;

449 4275 530 4337 bene
545 4272 766 4352 conversandi,
774 4273 949 4336 secundum
960 4271 1122 4352 duplicem
1135 4290 1197 4335 mo·
1251 4281 1403 4354 quantum
1419 4273 1458 4334 ad
1479 4271 1549 4334 illos
1569 4272 1623 4354 qni
1643 4271 1895 4355 imperfectionis
1916 4280 1998 4351 sunt,

448 4372 525 4433 dum
539 4370 700 4449 doctrinas,
718 4371 866 4433 videlicet
880 4370 968 4433 verbi
984 4377 1077 4450 atque
1093 4388 1196 4432 exem·
1252 4391 1315 4435 non
1338 4370 1487 4449 manebit,
1510 4379 1544 4433 ut
1566 4371 1703 4453 compati
1727 4370 1828 4433 malis.

448 4469 504 4551 pli.
529 4469 601 4531 Uaec
626 4488 701 4531 vero
725 4468 879 4530 industria
902 4466 1071 4549 dupliciter
1094 4474 1196 4549 potest

448 4566 601 4647 negotiari
619 4590 626 4628 ε
644 4566 757 4647 primo,
779 4566 954 4627 secundum
974 4564 1129 4647 principia
1149 4584 1196 4627 ra·
1491 4588 1673 4653 ADDITIO
1698 4588 1754 4651 VI·

449 4664 542 4728 tionis
558 4664 721 4741 naturalis,
738 4672 768 4726 ct
783 4663 826 4725 ita
840 4672 889 4725 est
902 4662 1013 4741 virtus,
1032 4672 1107 4744 puta
1123 4682 1196 4745 pru-

448 4762 578 4840 dentia3
604 4769 658 4824 aut
678 4762 853 4824 secundum
878 4760 1033 4842 principia
1058 4760 1134 4823 fidei
1158 4780 1196 4823 ac
1320 4762 1495 4826 URANUUS
1532 4780 1628 4842 snper
1663 4760 1788 4823 tertium
1825 4761 2001 4826 Sententia·

448 4860 627 4942 Scriptnrae,
644 4868 676 4921 et
697 4860 740 4921 ita
760 4867 808 4921 est
829 4860 959 4922 donum.
1334 4878 1416 4940 rum,
1436 4859 1609 4941 quaestione
1635 4878 1697 4940 qua
1720 4858 1832 4941 quaerit
1855 4879 1897 4922 an
1920 4860 2111 4926 donatiuum.

487 4958 658 5036 Postremo,
677 4957 776 5040 piatas
795 4966 844 5019 θεῖ
862 4958 1006 5038 quaedam
1025 4958 1124 5020 animi
1144 4959 1197 5021 de·
1251 4960 1315 5023 sint
1347 4959 1458 5022 eadem
1488 4977 1561 5021 cum
1590 4956 1770 5037 virtutibus,
1798 4957 1843 5021 ait
1873 4982 1881 5020 :
1914 4958 2001 5021 Circa

447 5065 521 5121 vota
535 5055 676 5119 affectio.
693 5055 781 5119 Unde
802 5056 979 5118 secundum
998 5056 1194 5137 drogonum,
1251 5058 1333 5120 hanc
1357 5055 1563 5138 quaestionem
1588 5064 1664 5117 sunt
1686 5063 1822 5136 quatuor
1845 5057 1932 5121 modi
1958 5056 2002 5119 di·

446 5155 580 5238 Spiritus
605 5154 739 5216 Sanctns
768 5153 895 5215 instruit
918 5162 1059 5216 mentem
1080 5155 1195 5237 pietate
1252 5154 1354 5234 cendi,
1383 5172 1518 5235 qnorum
1540 5155 1603 5217 dno
1629 5152 1722 5234 primi
1746 5172 1859 5235 parurn
1882 5155 2001 5218 babent

447 5260 557 5322 contra
580 5251 738 5316 duritiam.
759 5251 831 5315 llaec
854 5259 961 5315 antem
983 5252 1095 5317 devota
1116 5251 1196 5315 affe-
1252 5256 1291 5317 de
1309 5252 1541 5335 probabilitate,
1561 5252 1613 5315 alii
1632 5252 1695 5316 dno
1717 5259 1791 5315 sunt
1811 5252 2003 5334 probabilio-
