<?xml version="1.0" encoding="UTF-8"?>
<!DOCTYPE html PUBLIC "-//W3C//DTD XHTML 1.0 Transitional//EN"
    "http://www.w3.org/TR/xhtml1/DTD/xhtml1-transitional.dtd">
<html xmlns="http://www.w3.org/1999/xhtml" xml:lang="en" lang="en">
 <head>
  <title>
</title>
<meta http-equiv="Content-Type" content="text/html;charset=utf-8" />
  <meta name='ocr-system' content='tesseract 3.04.00' />
  <meta name='ocr-capabilities' content='ocr_page ocr_carea ocr_par ocr_line ocrx_word'/>
</head>
<body>
  <div class='ocr_page' id='page_1' title='image "./doctorisecstati02unkngoog/doctorisecstati02unkngoog_0595.png"; bbox 0 0 4309 6259; ppageno 0'>
   <div class='ocr_carea' id='block_1_1' title="bbox 413 494 1700 569">
    <p class='ocr_par' dir='ltr' id='par_1_1' title="bbox 413 494 1700 569">
     <span class='ocr_line' id='line_1_1' title="bbox 413 494 1700 569; baseline 0.003 -16"><span class='ocrx_word' id='word_1_1' title='bbox 413 506 454 553; x_wconf 83' lang='lat' dir='ltr'>oa</span> <span class='ocrx_word' id='word_1_2' title='bbox 473 506 632 554; x_wconf 80' lang='lat' dir='ltr'>rancum</span> <span class='ocrx_word' id='word_1_3' title='bbox 652 504 691 553; x_wconf 73' lang='lat' dir='ltr'>ur</span> <span class='ocrx_word' id='word_1_4' title='bbox 711 506 876 554; x_wconf 86' lang='lat' dir='ltr'>orcurmre</span> <span class='ocrx_word' id='word_1_5' title='bbox 895 504 1012 564; x_wconf 76' lang='lat' dir='ltr'>unare,</span> <span class='ocrx_word' id='word_1_6' title='bbox 1034 508 1122 555; x_wconf 81' lang='lat' dir='ltr'>arnan</span> <span class='ocrx_word' id='word_1_7' title='bbox 1143 508 1186 555; x_wconf 90' lang='lat' dir='ltr'>rv.</span> <span class='ocrx_word' id='word_1_8' title='bbox 1207 527 1248 539; x_wconf 97' lang='lat'><em>-</em></span> <span class='ocrx_word' id='word_1_9' title='bbox 1268 510 1337 556; x_wconf 78' lang='lat' dir='ltr'>aar.</span> <span class='ocrx_word' id='word_1_10' title='bbox 1361 511 1392 569; x_wconf 86' lang='lat' dir='ltr'>x,</span> <span class='ocrx_word' id='word_1_11' title='bbox 1414 512 1447 559; x_wconf 88' lang='lat' dir='ltr'>xr</span> <span class='ocrx_word' id='word_1_12' title='bbox 1640 494 1700 558; x_wconf 80' lang='lat' dir='ltr'>ott</span> 
     </span>
    </p>
   </div>
   <div class='ocr_carea' id='block_1_2' title="bbox 154 672 1845 1634">
    <p class='ocr_par' dir='ltr' id='par_1_2' title="bbox 155 672 1701 959">
     <span class='ocr_line' id='line_1_2' title="bbox 157 672 1698 762; baseline 0.004 -26"><span class='ocrx_word' id='word_1_13' title='bbox 157 672 252 737; x_wconf 82' lang='lat' dir='ltr'>irater</span> <span class='ocrx_word' id='word_1_14' title='bbox 278 681 396 753; x_wconf 89' lang='lat' dir='ltr'>noster,</span> <span class='ocrx_word' id='word_1_15' title='bbox 426 674 555 740; x_wconf 82' lang='lat' dir='ltr'>Creator</span> <span class='ocrx_word' id='word_1_16' title='bbox 581 684 688 740; x_wconf 92' lang='lat' dir='ltr'>noster</span> <span class='ocrx_word' id='word_1_17' title='bbox 720 675 823 739; x_wconf 84' lang='lat' dir='ltr'>laetus</span> <span class='ocrx_word' id='word_1_18' title='bbox 852 677 940 739; x_wconf 80' lang='lat' dir='ltr'>estd</span> <span class='ocrx_word' id='word_1_19' title='bbox 956 676 1183 741; x_wconf 80' lang='lat' dir='ltr'>secundissima</span> <span class='ocrx_word' id='word_1_20' title='bbox 1203 678 1310 761; x_wconf 86' lang='lat' dir='ltr'>Virgo,</span> <span class='ocrx_word' id='word_1_21' title='bbox 1328 678 1558 762; x_wconf 77' lang='lat' dir='ltr'>congratulatio</span> <span class='ocrx_word' id='word_1_22' title='bbox 1577 688 1698 759; x_wconf 85' lang='lat' dir='ltr'>exstat;</span> 
     </span>
     <span class='ocr_line' id='line_1_3' title="bbox 157 773 1701 860; baseline 0.005 -28"><span class='ocrx_word' id='word_1_23' title='bbox 157 773 292 835; x_wconf 88' lang='lat' dir='ltr'>salvator</span> <span class='ocrx_word' id='word_1_24' title='bbox 318 782 445 851; x_wconf 80' lang='lat' dir='ltr'>noster3</span> <span class='ocrx_word' id='word_1_25' title='bbox 476 794 534 856; x_wconf 92' lang='lat' dir='ltr'>per</span> <span class='ocrx_word' id='word_1_26' title='bbox 560 794 655 856; x_wconf 93' lang='lat' dir='ltr'>quam</span> <span class='ocrx_word' id='word_1_27' title='bbox 689 795 753 858; x_wconf 82' lang='lat' dir='ltr'>prae</span> <span class='ocrx_word' id='word_1_28' title='bbox 786 774 900 837; x_wconf 89' lang='lat' dir='ltr'>ceteris</span> <span class='ocrx_word' id='word_1_29' title='bbox 956 783 987 836; x_wconf 88' lang='lat' dir='ltr'>et</span> <span class='ocrx_word' id='word_1_30' title='bbox 1009 776 1087 857; x_wconf 76' lang='lat' dir='ltr'>ipsae</span> <span class='ocrx_word' id='word_1_31' title='bbox 1111 786 1142 839; x_wconf 91' lang='lat' dir='ltr'>to</span> <span class='ocrx_word' id='word_1_32' title='bbox 1165 785 1315 859; x_wconf 90' lang='lat' dir='ltr'>tanquam</span> <span class='ocrx_word' id='word_1_33' title='bbox 1336 778 1517 841; x_wconf 86' lang='lat' dir='ltr'>suavissimi</span> <span class='ocrx_word' id='word_1_34' title='bbox 1538 778 1585 841; x_wconf 94' lang='lat' dir='ltr'>sui</span> <span class='ocrx_word' id='word_1_35' title='bbox 1606 797 1701 860; x_wconf 91' lang='lat' dir='ltr'>spon-</span> 
     </span>
     <span class='ocr_line' id='line_1_4' title="bbox 155 870 1701 959; baseline 0.005 -28"><span class='ocrx_word' id='word_1_36' title='bbox 155 870 301 933; x_wconf 90' lang='lat' dir='ltr'>omnibus</span> <span class='ocrx_word' id='word_1_37' title='bbox 319 872 383 934; x_wconf 86' lang='lat' dir='ltr'>Deo</span> <span class='ocrx_word' id='word_1_38' title='bbox 404 872 576 935; x_wconf 81' lang='lat' dir='ltr'>similiores</span> <span class='ocrx_word' id='word_1_39' title='bbox 598 872 673 935; x_wconf 90' lang='lat' dir='ltr'>iacti</span> <span class='ocrx_word' id='word_1_40' title='bbox 696 892 805 935; x_wconf 91' lang='lat' dir='ltr'>sumus</span> <span class='ocrx_word' id='word_1_41' title='bbox 819 896 827 951; x_wconf 80' lang='lat'>3</span> <span class='ocrx_word' id='word_1_42' title='bbox 843 891 900 955; x_wconf 93' lang='lat' dir='ltr'>per</span> <span class='ocrx_word' id='word_1_43' title='bbox 956 873 983 934; x_wconf 92' lang='lat' dir='ltr'>si</span> <span class='ocrx_word' id='word_1_44' title='bbox 1002 875 1319 956; x_wconf 89' lang='lat' dir='ltr'>superdignissimam</span> <span class='ocrx_word' id='word_1_45' title='bbox 1334 884 1478 954; x_wconf 89' lang='lat' dir='ltr'>matrem,</span> <span class='ocrx_word' id='word_1_46' title='bbox 1496 876 1701 959; x_wconf 78' lang='lat' dir='ltr'>singulariter</span> 
     </span>
    </p>

    <p class='ocr_par' dir='ltr' id='par_1_3' title="bbox 155 969 1845 1347">
     <span class='ocr_line' id='line_1_5' title="bbox 155 969 1702 1056; baseline 0.005 -26"><span class='ocrx_word' id='word_1_47' title='bbox 155 986 248 1048; x_wconf 87' lang='lat' dir='ltr'>quam</span> <span class='ocrx_word' id='word_1_48' title='bbox 272 969 411 1051; x_wconf 89' lang='lat' dir='ltr'>primurn</span> <span class='ocrx_word' id='word_1_49' title='bbox 435 970 476 1032; x_wconf 91' lang='lat' dir='ltr'>dc</span> <span class='ocrx_word' id='word_1_50' title='bbox 499 989 597 1033; x_wconf 89' lang='lat' dir='ltr'>manu</span> <span class='ocrx_word' id='word_1_51' title='bbox 621 971 746 1033; x_wconf 86' lang='lat' dir='ltr'>Domini</span> <span class='ocrx_word' id='word_1_52' title='bbox 775 970 900 1033; x_wconf 90' lang='lat' dir='ltr'>miseri·</span> <span class='ocrx_word' id='word_1_53' title='bbox 955 980 1148 1034; x_wconf 89' lang='lat' dir='ltr'>venerantur</span> <span class='ocrx_word' id='word_1_54' title='bbox 1175 983 1354 1056; x_wconf 89' lang='lat' dir='ltr'>amantque.</span> <span class='ocrx_word' id='word_1_55' title='bbox 1375 974 1479 1055; x_wconf 83' lang='lat' dir='ltr'>llae,o</span> <span class='ocrx_word' id='word_1_56' title='bbox 1506 974 1626 1056; x_wconf 84' lang='lat' dir='ltr'>Regina</span> <span class='ocrx_word' id='word_1_57' title='bbox 1653 994 1702 1038; x_wconf 92' lang='lat' dir='ltr'>re-</span> 
     </span>
     <span class='ocr_line' id='line_1_6' title="bbox 155 1066 1845 1153; baseline 0.007 -26"><span class='ocrx_word' id='word_1_58' title='bbox 155 1066 291 1128; x_wconf 90' lang='lat' dir='ltr'>cordiam</span> <span class='ocrx_word' id='word_1_59' title='bbox 306 1085 416 1129; x_wconf 93' lang='lat' dir='ltr'>sumus</span> <span class='ocrx_word' id='word_1_60' title='bbox 430 1068 568 1129; x_wconf 79' lang='lat' dir='ltr'>assecuti</span> <span class='ocrx_word' id='word_1_61' title='bbox 583 1075 615 1130; x_wconf 91' lang='lat' dir='ltr'>et</span> <span class='ocrx_word' id='word_1_62' title='bbox 629 1068 815 1131; x_wconf 79' lang='lat' dir='ltr'>felicitatem</span> <span class='ocrx_word' id='word_1_63' title='bbox 830 1070 900 1131; x_wconf 83' lang='lat' dir='ltr'>ade</span> <span class='ocrx_word' id='word_1_64' title='bbox 955 1068 1133 1149; x_wconf 89' lang='lat' dir='ltr'>guantium,</span> <span class='ocrx_word' id='word_1_65' title='bbox 1154 1070 1354 1133; x_wconf 89' lang='lat' dir='ltr'>adducuntur</span> <span class='ocrx_word' id='word_1_66' title='bbox 1372 1070 1449 1152; x_wconf 86' lang='lat' dir='ltr'>llegi</span> <span class='ocrx_word' id='word_1_67' title='bbox 1473 1080 1546 1153; x_wconf 92' lang='lat' dir='ltr'>post</span> <span class='ocrx_word' id='word_1_68' title='bbox 1563 1080 1606 1151; x_wconf 90' lang='lat' dir='ltr'>te,</span> <span class='ocrx_word' id='word_1_69' title='bbox 1627 1091 1699 1134; x_wconf 94' lang='lat' dir='ltr'>cum</span> <span class='ocrx_word' id='word_1_70' title='bbox 1714 1092 1845 1145; x_wconf 69' lang='lat' dir='ltr'>ramma.</span> 
     </span>
     <span class='ocr_line' id='line_1_7' title="bbox 155 1164 1701 1250; baseline 0.006 -27"><span class='ocrx_word' id='word_1_71' title='bbox 155 1164 219 1244; x_wconf 89' lang='lat' dir='ltr'>pti;</span> <span class='ocrx_word' id='word_1_72' title='bbox 248 1182 320 1245; x_wconf 77' lang='lat' dir='ltr'>quae</span> <span class='ocrx_word' id='word_1_73' title='bbox 347 1164 440 1227; x_wconf 90' lang='lat' dir='ltr'>uobis</span> <span class='ocrx_word' id='word_1_74' title='bbox 468 1164 577 1226; x_wconf 89' lang='lat' dir='ltr'>lumen</span> <span class='ocrx_word' id='word_1_75' title='bbox 605 1165 769 1247; x_wconf 83' lang='lat' dir='ltr'>peperisti,</span> <span class='ocrx_word' id='word_1_76' title='bbox 799 1166 898 1227; x_wconf 89' lang='lat' dir='ltr'>vitam</span> <span class='ocrx_word' id='word_1_77' title='bbox 955 1182 1018 1245; x_wconf 94' lang='lat' dir='ltr'>quo</span> <span class='ocrx_word' id='word_1_78' title='bbox 1045 1172 1079 1227; x_wconf 93' lang='lat' dir='ltr'>tu</span> <span class='ocrx_word' id='word_1_79' title='bbox 1104 1166 1284 1247; x_wconf 87' lang='lat' dir='ltr'>superdulci</span> <span class='ocrx_word' id='word_1_80' title='bbox 1313 1186 1439 1250; x_wconf 88' lang='lat' dir='ltr'>semper</span> <span class='ocrx_word' id='word_1_81' title='bbox 1465 1188 1502 1231; x_wconf 88' lang='lat' dir='ltr'>ac</span> <span class='ocrx_word' id='word_1_82' title='bbox 1531 1169 1701 1233; x_wconf 90' lang='lat' dir='ltr'>amoriiero</span> 
     </span>
     <span class='ocr_line' id='line_1_8' title="bbox 155 1260 1702 1347; baseline 0.005 -25"><span class='ocrx_word' id='word_1_83' title='bbox 155 1261 301 1341; x_wconf 84' lang='lat' dir='ltr'>genuisti,</span> <span class='ocrx_word' id='word_1_84' title='bbox 319 1261 525 1342; x_wconf 82' lang='lat' dir='ltr'>veritatisque</span> <span class='ocrx_word' id='word_1_85' title='bbox 543 1262 730 1343; x_wconf 87' lang='lat' dir='ltr'>magistrum</span> <span class='ocrx_word' id='word_1_86' title='bbox 747 1263 839 1326; x_wconf 79' lang='lat' dir='ltr'>caecis</span> <span class='ocrx_word' id='word_1_87' title='bbox 854 1272 900 1326; x_wconf 85' lang='lat' dir='ltr'>at·</span> <span class='ocrx_word' id='word_1_88' title='bbox 955 1260 1096 1325; x_wconf 83' lang='lat' dir='ltr'>ocularis</span> <span class='ocrx_word' id='word_1_89' title='bbox 1116 1264 1276 1345; x_wconf 89' lang='lat' dir='ltr'>colloquio</span> <span class='ocrx_word' id='word_1_90' title='bbox 1293 1287 1300 1326; x_wconf 92' lang='lat'>:</span> <span class='ocrx_word' id='word_1_91' title='bbox 1317 1266 1435 1347; x_wconf 90' lang='lat' dir='ltr'>quippe</span> <span class='ocrx_word' id='word_1_92' title='bbox 1449 1284 1544 1347; x_wconf 91' lang='lat' dir='ltr'>quem</span> <span class='ocrx_word' id='word_1_93' title='bbox 1559 1265 1642 1329; x_wconf 82' lang='lat' dir='ltr'>racio</span> <span class='ocrx_word' id='word_1_94' title='bbox 1657 1274 1702 1329; x_wconf 90' lang='lat' dir='ltr'>te-</span> 
     </span>
    </p>

    <p class='ocr_par' dir='ltr' id='par_1_4' title="bbox 154 1359 1702 1444">
     <span class='ocr_line' id='line_1_9' title="bbox 154 1359 1702 1444; baseline 0.005 -24"><span class='ocrx_word' id='word_1_95' title='bbox 154 1378 214 1439; x_wconf 87' lang='lat' dir='ltr'>que</span> <span class='ocrx_word' id='word_1_96' title='bbox 239 1359 272 1421; x_wconf 92' lang='lat' dir='ltr'>in</span> <span class='ocrx_word' id='word_1_97' title='bbox 298 1360 412 1422; x_wconf 89' lang='lat' dir='ltr'>umbra</span> <span class='ocrx_word' id='word_1_98' title='bbox 437 1360 548 1422; x_wconf 92' lang='lat' dir='ltr'>mortis</span> <span class='ocrx_word' id='word_1_99' title='bbox 574 1361 758 1423; x_wconf 86' lang='lat' dir='ltr'>sedentibus</span> <span class='ocrx_word' id='word_1_100' title='bbox 784 1359 900 1424; x_wconf 89' lang='lat' dir='ltr'>eliudi-</span> <span class='ocrx_word' id='word_1_101' title='bbox 954 1378 1015 1422; x_wconf 92' lang='lat' dir='ltr'>nus</span> <span class='ocrx_word' id='word_1_102' title='bbox 1038 1378 1165 1443; x_wconf 90' lang='lat' dir='ltr'>quoque</span> <span class='ocrx_word' id='word_1_103' title='bbox 1198 1363 1405 1444; x_wconf 80' lang='lat' dir='ltr'>corporaliter</span> <span class='ocrx_word' id='word_1_104' title='bbox 1433 1363 1535 1443; x_wconf 89' lang='lat' dir='ltr'>vidos,</span> <span class='ocrx_word' id='word_1_105' title='bbox 1557 1382 1617 1427; x_wconf 90' lang='lat' dir='ltr'>noc</span> <span class='ocrx_word' id='word_1_106' title='bbox 1643 1384 1702 1427; x_wconf 92' lang='lat' dir='ltr'>un-</span> 
     </span>
    </p>

    <p class='ocr_par' dir='ltr' id='par_1_5' title="bbox 155 1456 1538 1541">
     <span class='ocr_line' id='line_1_10' title="bbox 155 1456 1538 1541; baseline 0.004 -23"><span class='ocrx_word' id='word_1_107' title='bbox 155 1457 213 1534; x_wconf 91' lang='lat' dir='ltr'>sti;</span> <span class='ocrx_word' id='word_1_108' title='bbox 229 1475 287 1537; x_wconf 91' lang='lat' dir='ltr'>per</span> <span class='ocrx_word' id='word_1_109' title='bbox 305 1475 401 1538; x_wconf 90' lang='lat' dir='ltr'>quam</span> <span class='ocrx_word' id='word_1_110' title='bbox 422 1456 554 1538; x_wconf 91' lang='lat' dir='ltr'>insuper</span> <span class='ocrx_word' id='word_1_111' title='bbox 573 1458 728 1539; x_wconf 92' lang='lat' dir='ltr'>quidquid</span> <span class='ocrx_word' id='word_1_112' title='bbox 749 1457 824 1522; x_wconf 93' lang='lat' dir='ltr'>boni</span> <span class='ocrx_word' id='word_1_113' title='bbox 844 1460 900 1521; x_wconf 92' lang='lat' dir='ltr'>ba·</span> <span class='ocrx_word' id='word_1_114' title='bbox 954 1475 1049 1537; x_wconf 89' lang='lat' dir='ltr'>qnam</span> <span class='ocrx_word' id='word_1_115' title='bbox 1065 1458 1230 1523; x_wconf 86' lang='lat' dir='ltr'>intendere</span> <span class='ocrx_word' id='word_1_116' title='bbox 1244 1468 1300 1523; x_wconf 90' lang='lat' dir='ltr'>aut</span> <span class='ocrx_word' id='word_1_117' title='bbox 1313 1460 1431 1541; x_wconf 92' lang='lat' dir='ltr'>alloqui</span> <span class='ocrx_word' id='word_1_118' title='bbox 1446 1461 1538 1524; x_wconf 92' lang='lat' dir='ltr'>sinis.</span> 
     </span>
    </p>

    <p class='ocr_par' dir='ltr' id='par_1_6' title="bbox 155 1553 532 1634">
     <span class='ocr_line' id='line_1_11' title="bbox 155 1553 532 1634; baseline 0 -17"><span class='ocrx_word' id='word_1_119' title='bbox 155 1556 276 1634; x_wconf 67' lang='lat' dir='ltr'>minus,</span> <span class='ocrx_word' id='word_1_120' title='bbox 292 1553 395 1619; x_wconf 91' lang='lat' dir='ltr'>sortiti</span> <span class='ocrx_word' id='word_1_121' title='bbox 411 1573 532 1618; x_wconf 90' lang='lat' dir='ltr'>sumus.</span> 
     </span>
    </p>
   </div>
   <div class='ocr_carea' id='block_1_3' title="bbox 1163 1719 1492 1787">
    <p class='ocr_par' dir='ltr' id='par_1_7' title="bbox 1163 1719 1492 1787">
     <span class='ocr_line' id='line_1_12' title="bbox 1163 1719 1492 1787; baseline 0.009 -5"><span class='ocrx_word' id='word_1_122' title='bbox 1163 1719 1409 1787; x_wconf 78' lang='lat' dir='ltr'>ARTICULUS</span> <span class='ocrx_word' id='word_1_123' title='bbox 1431 1722 1492 1785; x_wconf 92' lang='lat' dir='ltr'>XI.</span> 
     </span>
    </p>
   </div>
   <div class='ocr_carea' id='block_1_4' title="bbox 370 1816 1703 1943">
    <p class='ocr_par' dir='ltr' id='par_1_8' title="bbox 370 1816 1703 1943">
     <span class='ocr_line' id='line_1_13' title="bbox 370 1816 1703 1943; baseline 0.005 -19"><span class='ocrx_word' id='word_1_124' title='bbox 370 1816 615 1881; x_wconf 68' lang='lat' dir='ltr'>ARTICULUS</span> <span class='ocrx_word' id='word_1_125' title='bbox 635 1817 679 1881; x_wconf 73' lang='lat' dir='ltr'>X&#39;</span> <span class='ocrx_word' id='word_1_126' title='bbox 916 1858 940 1920; x_wconf 85' lang='grc' dir='ltr'>Β</span> <span class='ocrx_word' id='word_1_127' title='bbox 954 1869 1003 1928; x_wconf 87' lang='lat' dir='ltr'>De</span> <span class='ocrx_word' id='word_1_128' title='bbox 1013 1868 1124 1943; x_wconf 71' lang='lat' dir='ltr'>gloria</span> <span class='ocrx_word' id='word_1_129' title='bbox 1143 1875 1173 1927; x_wconf 90' lang='lat' dir='ltr'>et</span> <span class='ocrx_word' id='word_1_130' title='bbox 1192 1869 1345 1928; x_wconf 84' lang='lat' dir='ltr'>claritate</span> <span class='ocrx_word' id='word_1_131' title='bbox 1362 1872 1475 1930; x_wconf 80' lang='lat' dir='ltr'>carreis</span> <span class='ocrx_word' id='word_1_132' title='bbox 1492 1872 1703 1932; x_wconf 80' lang='lat' dir='ltr'>admirabilis</span> 
     </span>
    </p>
   </div>
   <div class='ocr_carea' id='block_1_5' title="bbox 181 1959 1855 2226">
    <p class='ocr_par' dir='ltr' id='par_1_9' title="bbox 181 1959 1855 2226">
     <span class='ocr_line' id='line_1_14' title="bbox 181 1959 1552 2044; baseline -0.008 -18"><span class='ocrx_word' id='word_1_133' title='bbox 181 1968 229 2026; x_wconf 88' lang='lat' dir='ltr'>De</span> <span class='ocrx_word' id='word_1_134' title='bbox 237 1966 350 2041; x_wconf 69' lang='lat' dir='ltr'>glorio</span> <span class='ocrx_word' id='word_1_135' title='bbox 364 1986 463 2044; x_wconf 81' lang='lat' dir='ltr'>quam</span> <span class='ocrx_word' id='word_1_136' title='bbox 477 1967 571 2025; x_wconf 79' lang='lat' dir='ltr'>tabet</span> <span class='ocrx_word' id='word_1_137' title='bbox 584 1967 698 2027; x_wconf 86' lang='lat' dir='ltr'>Maria</span> <span class='ocrx_word' id='word_1_138' title='bbox 712 1967 747 2025; x_wconf 81' lang='lat' dir='ltr'>iu</span> <span class='ocrx_word' id='word_1_139' title='bbox 763 1967 872 2025; x_wconf 81' lang='lat' dir='ltr'>electis</span> <span class='ocrx_word' id='word_1_140' title='bbox 1101 1964 1132 2017; x_wconf 88' lang='lat' dir='ltr'>et</span> <span class='ocrx_word' id='word_1_141' title='bbox 1153 1959 1404 2033; x_wconf 74' lang='lat' dir='ltr'>magnificandae</span> <span class='ocrx_word' id='word_1_142' title='bbox 1423 1961 1552 2021; x_wconf 72' lang='lat' dir='ltr'>Marica.</span> 
     </span>
     <span class='ocr_line' id='line_1_15' title="bbox 404 2058 644 2134; baseline 0.008 -19"><span class='ocrx_word' id='word_1_143' title='bbox 404 2064 502 2134; x_wconf 82' lang='lat' dir='ltr'>atque</span> <span class='ocrx_word' id='word_1_144' title='bbox 521 2058 644 2117; x_wconf 77' lang='lat' dir='ltr'>Baetis.</span> 
     </span>
     <span class='ocr_line' id='line_1_16' title="bbox 1025 2144 1855 2226; baseline 0.001 -21"><span class='ocrx_word' id='word_1_145' title='bbox 1025 2144 1205 2207; x_wconf 65' lang='lat' dir='ltr'>Poleour</span> <span class='ocrx_word' id='word_1_146' title='bbox 1213 2150 1320 2205; x_wconf 86' lang='lat' dir='ltr'>autem</span> <span class='ocrx_word' id='word_1_147' title='bbox 1340 2146 1555 2221; x_wconf 80' lang='lat' dir='ltr'>corruptibile</span> <span class='ocrx_word' id='word_1_148' title='bbox 1574 2148 1631 2207; x_wconf 83' lang='lat' dir='ltr'>ltoc</span> <span class='ocrx_word' id='word_1_149' title='bbox 1650 2148 1702 2207; x_wconf 81' lang='lat' dir='ltr'>in·</span> <span class='ocrx_word' id='word_1_150' title='bbox 1715 2172 1855 2226; x_wconf 54' lang='lat' dir='ltr'>remu,</span> 
     </span>
    </p>
   </div>
   <div class='ocr_carea' id='block_1_6' title="bbox 51 2241 1848 5367">
    <p class='ocr_par' dir='ltr' id='par_1_10' title="bbox 51 2241 1848 5367">
     <span class='ocr_line' id='line_1_17' title="bbox 52 2241 1703 2320; baseline 0.001 -16"><span class='ocrx_word' id='word_1_151' title='bbox 52 2282 144 2320; x_wconf 65' lang='lat' dir='ltr'>mam,</span> <span class='ocrx_word' id='word_1_152' title='bbox 223 2245 317 2304; x_wconf 74' lang='lat' dir='ltr'>Aru</span> <span class='ocrx_word' id='word_1_153' title='bbox 327 2244 359 2301; x_wconf 88' lang='lat' dir='ltr'>ei</span> <span class='ocrx_word' id='word_1_154' title='bbox 376 2245 417 2303; x_wconf 87' lang='lat' dir='ltr'>de</span> <span class='ocrx_word' id='word_1_155' title='bbox 436 2245 553 2320; x_wconf 78' lang='lat' dir='ltr'>fructu</span> <span class='ocrx_word' id='word_1_156' title='bbox 568 2262 727 2303; x_wconf 82' lang='lat' dir='ltr'>manuum</span> <span class='ocrx_word' id='word_1_157' title='bbox 748 2262 899 2312; x_wconf 81' lang='lat' dir='ltr'>suorum,</span> <span class='ocrx_word' id='word_1_158' title='bbox 1039 2242 1142 2300; x_wconf 82' lang='lat' dir='ltr'>oluere</span> <span class='ocrx_word' id='word_1_159' title='bbox 1156 2241 1485 2316; x_wconf 79' lang='lat' dir='ltr'>incorruptionem,et</span> <span class='ocrx_word' id='word_1_160' title='bbox 1494 2248 1632 2305; x_wconf 83' lang='lat' dir='ltr'>mortale</span> <span class='ocrx_word' id='word_1_161' title='bbox 1645 2247 1703 2305; x_wconf 84' lang='lat' dir='ltr'>ltoc</span> 
     </span>
     <span class='ocr_line' id='line_1_18' title="bbox 233 2339 1704 2421; baseline 0.005 -22"><span class='ocrx_word' id='word_1_162' title='bbox 233 2349 264 2399; x_wconf 88' lang='lat' dir='ltr'>et</span> <span class='ocrx_word' id='word_1_163' title='bbox 278 2342 415 2400; x_wconf 79' lang='lat' dir='ltr'>laudent</span> <span class='ocrx_word' id='word_1_164' title='bbox 433 2360 504 2400; x_wconf 86' lang='lat' dir='ltr'>eom</span> <span class='ocrx_word' id='word_1_165' title='bbox 523 2345 559 2401; x_wconf 80' lang='lat' dir='ltr'>iu</span> <span class='ocrx_word' id='word_1_166' title='bbox 574 2342 683 2418; x_wconf 82' lang='lat' dir='ltr'>portis</span> <span class='ocrx_word' id='word_1_167' title='bbox 699 2358 798 2416; x_wconf 83' lang='lat' dir='ltr'>opera</span> <span class='ocrx_word' id='word_1_168' title='bbox 816 2342 897 2418; x_wconf 84' lang='lat' dir='ltr'>ejus.</span> <span class='ocrx_word' id='word_1_169' title='bbox 955 2341 1096 2399; x_wconf 81' lang='lat' dir='ltr'>induere</span> <span class='ocrx_word' id='word_1_170' title='bbox 1107 2339 1543 2413; x_wconf 82' lang='lat' dir='ltr'>immortalitatem.0uatuor</span> <span class='ocrx_word' id='word_1_171' title='bbox 1556 2343 1605 2421; x_wconf 91' lang='lat' dir='ltr'>(ut</span> <span class='ocrx_word' id='word_1_172' title='bbox 1619 2342 1704 2406; x_wconf 73' lang='lat' dir='ltr'>theo</span> 
     </span>
     <span class='ocr_line' id='line_1_19' title="bbox 51 2435 1701 2522; baseline 0 -19"><span class='ocrx_word' id='word_1_173' title='bbox 51 2460 143 2509; x_wconf 64' lang='lat' dir='ltr'>tum.</span> <span class='ocrx_word' id='word_1_174' title='bbox 156 2438 189 2499; x_wconf 96' lang='lat' dir='ltr'>ln</span> <span class='ocrx_word' id='word_1_175' title='bbox 211 2436 440 2519; x_wconf 89' lang='lat' dir='ltr'>superioribus,</span> <span class='ocrx_word' id='word_1_176' title='bbox 458 2437 485 2499; x_wconf 94' lang='lat' dir='ltr'>si</span> <span class='ocrx_word' id='word_1_177' title='bbox 510 2446 594 2501; x_wconf 90' lang='lat' dir='ltr'>recte</span> <span class='ocrx_word' id='word_1_178' title='bbox 619 2446 722 2516; x_wconf 92' lang='lat' dir='ltr'>teneo,</span> <span class='ocrx_word' id='word_1_179' title='bbox 740 2438 771 2499; x_wconf 94' lang='lat' dir='ltr'>id</span> <span class='ocrx_word' id='word_1_180' title='bbox 793 2438 898 2519; x_wconf 92' lang='lat' dir='ltr'>ipsum</span> <span class='ocrx_word' id='word_1_181' title='bbox 956 2435 1018 2517; x_wconf 92' lang='lat' dir='ltr'>logi</span> <span class='ocrx_word' id='word_1_182' title='bbox 1039 2435 1142 2515; x_wconf 90' lang='lat' dir='ltr'>aiunt)</span> <span class='ocrx_word' id='word_1_183' title='bbox 1161 2442 1236 2497; x_wconf 92' lang='lat' dir='ltr'>sunt</span> <span class='ocrx_word' id='word_1_184' title='bbox 1257 2435 1508 2518; x_wconf 79' lang='lat' dir='ltr'>glorificatorum</span> <span class='ocrx_word' id='word_1_185' title='bbox 1534 2458 1701 2522; x_wconf 90' lang='lat' dir='ltr'>corporum</span> 
     </span>
     <span class='ocr_line' id='line_1_20' title="bbox 156 2532 1699 2618; baseline 0.001 -20"><span class='ocrx_word' id='word_1_186' title='bbox 156 2544 318 2598; x_wconf 86' lang='lat' dir='ltr'>ostensum</span> <span class='ocrx_word' id='word_1_187' title='bbox 336 2542 396 2616; x_wconf 92' lang='lat' dir='ltr'>est,</span> <span class='ocrx_word' id='word_1_188' title='bbox 411 2535 487 2618; x_wconf 90' lang='lat' dir='ltr'>quia</span> <span class='ocrx_word' id='word_1_189' title='bbox 505 2553 568 2617; x_wconf 94' lang='lat' dir='ltr'>quo</span> <span class='ocrx_word' id='word_1_190' title='bbox 587 2533 702 2597; x_wconf 80' lang='lat' dir='ltr'>Filium</span> <span class='ocrx_word' id='word_1_191' title='bbox 724 2554 819 2597; x_wconf 87' lang='lat' dir='ltr'>suurn</span> <span class='ocrx_word' id='word_1_192' title='bbox 839 2535 900 2597; x_wconf 90' lang='lat' dir='ltr'>lla-</span> <span class='ocrx_word' id='word_1_193' title='bbox 954 2534 1054 2610; x_wconf 90' lang='lat' dir='ltr'>dotes,</span> <span class='ocrx_word' id='word_1_194' title='bbox 1094 2532 1332 2613; x_wconf 90' lang='lat' dir='ltr'>impassibilitas</span> <span class='ocrx_word' id='word_1_195' title='bbox 1367 2534 1527 2616; x_wconf 86' lang='lat' dir='ltr'>videlicet,</span> <span class='ocrx_word' id='word_1_196' title='bbox 1563 2537 1699 2618; x_wconf 80' lang='lat' dir='ltr'>agilitas,</span> 
     </span>
     <span class='ocr_line' id='line_1_21' title="bbox 155 2630 1702 2715; baseline 0.002 -20"><span class='ocrx_word' id='word_1_197' title='bbox 155 2642 201 2695; x_wconf 89' lang='lat' dir='ltr'>ter</span> <span class='ocrx_word' id='word_1_198' title='bbox 213 2634 307 2715; x_wconf 85' lang='lat' dir='ltr'>virgo</span> <span class='ocrx_word' id='word_1_199' title='bbox 320 2634 422 2715; x_wconf 90' lang='lat' dir='ltr'>magis</span> <span class='ocrx_word' id='word_1_200' title='bbox 436 2632 556 2711; x_wconf 87' lang='lat' dir='ltr'>dilexit,</span> <span class='ocrx_word' id='word_1_201' title='bbox 572 2652 611 2697; x_wconf 92' lang='lat' dir='ltr'>eo</span> <span class='ocrx_word' id='word_1_202' title='bbox 630 2634 739 2714; x_wconf 91' lang='lat' dir='ltr'>utique</span> <span class='ocrx_word' id='word_1_203' title='bbox 758 2631 899 2695; x_wconf 81' lang='lat' dir='ltr'>fructum</span> <span class='ocrx_word' id='word_1_204' title='bbox 955 2630 1112 2693; x_wconf 86' lang='lat' dir='ltr'>subtilitas</span> <span class='ocrx_word' id='word_1_205' title='bbox 1131 2637 1163 2692; x_wconf 89' lang='lat' dir='ltr'>ct</span> <span class='ocrx_word' id='word_1_206' title='bbox 1180 2630 1307 2693; x_wconf 86' lang='lat' dir='ltr'>claritas</span> <span class='ocrx_word' id='word_1_207' title='bbox 1325 2655 1332 2693; x_wconf 76' lang='grc' dir='ltr'><strong><em>ε</em></strong></span> <span class='ocrx_word' id='word_1_208' title='bbox 1348 2650 1419 2712; x_wconf 82' lang='lat' dir='ltr'>quae</span> <span class='ocrx_word' id='word_1_209' title='bbox 1438 2640 1543 2696; x_wconf 91' lang='lat' dir='ltr'>tamen</span> <span class='ocrx_word' id='word_1_210' title='bbox 1565 2653 1603 2698; x_wconf 91' lang='lat' dir='ltr'>eo</span> <span class='ocrx_word' id='word_1_211' title='bbox 1625 2636 1702 2699; x_wconf 89' lang='lat' dir='ltr'>cmi-</span> 
     </span>
     <span class='ocr_line' id='line_1_22' title="bbox 155 2728 1700 2814; baseline 0.003 -22"><span class='ocrx_word' id='word_1_212' title='bbox 155 2731 311 2811; x_wconf 91' lang='lat' dir='ltr'>passionis</span> <span class='ocrx_word' id='word_1_213' title='bbox 334 2731 561 2814; x_wconf 87' lang='lat' dir='ltr'>sanguinisque</span> <span class='ocrx_word' id='word_1_214' title='bbox 586 2732 687 2814; x_wconf 92' lang='lat' dir='ltr'>ipsius</span> <span class='ocrx_word' id='word_1_215' title='bbox 711 2730 900 2813; x_wconf 79' lang='lat' dir='ltr'>praecordia-</span> <span class='ocrx_word' id='word_1_216' title='bbox 954 2728 1091 2791; x_wconf 90' lang='lat' dir='ltr'>nentiori</span> <span class='ocrx_word' id='word_1_217' title='bbox 1118 2730 1211 2792; x_wconf 93' lang='lat' dir='ltr'>modo</span> <span class='ocrx_word' id='word_1_218' title='bbox 1235 2730 1392 2793; x_wconf 84' lang='lat' dir='ltr'>exsistunt</span> <span class='ocrx_word' id='word_1_219' title='bbox 1414 2731 1448 2792; x_wconf 92' lang='lat' dir='ltr'>in</span> <span class='ocrx_word' id='word_1_220' title='bbox 1472 2750 1615 2814; x_wconf 88' lang='lat' dir='ltr'>corpore,</span> <span class='ocrx_word' id='word_1_221' title='bbox 1637 2752 1700 2814; x_wconf 93' lang='lat' dir='ltr'>quo</span> 
     </span>
     <span class='ocr_line' id='line_1_23' title="bbox 154 2826 1701 2913; baseline 0.002 -23"><span class='ocrx_word' id='word_1_222' title='bbox 154 2829 213 2891; x_wconf 88' lang='lat' dir='ltr'>lius</span> <span class='ocrx_word' id='word_1_223' title='bbox 232 2828 428 2911; x_wconf 87' lang='lat' dir='ltr'>concupivit.</span> <span class='ocrx_word' id='word_1_224' title='bbox 445 2829 598 2911; x_wconf 83' lang='lat' dir='ltr'>Denique,</span> <span class='ocrx_word' id='word_1_225' title='bbox 615 2848 679 2910; x_wconf 93' lang='lat' dir='ltr'>quo</span> <span class='ocrx_word' id='word_1_226' title='bbox 700 2830 786 2892; x_wconf 90' lang='lat' dir='ltr'>buno</span> <span class='ocrx_word' id='word_1_227' title='bbox 805 2829 901 2891; x_wconf 88' lang='lat' dir='ltr'>vebc-</span> <span class='ocrx_word' id='word_1_228' title='bbox 954 2826 1132 2890; x_wconf 90' lang='lat' dir='ltr'>sublimiori</span> <span class='ocrx_word' id='word_1_229' title='bbox 1147 2826 1364 2908; x_wconf 89' lang='lat' dir='ltr'>intimioriquc</span> <span class='ocrx_word' id='word_1_230' title='bbox 1380 2827 1473 2891; x_wconf 93' lang='lat' dir='ltr'>modo</span> <span class='ocrx_word' id='word_1_231' title='bbox 1489 2828 1587 2892; x_wconf 86' lang='lat' dir='ltr'>luerit</span> <span class='ocrx_word' id='word_1_232' title='bbox 1608 2832 1701 2913; x_wconf 91' lang='lat' dir='ltr'>spiri-</span> 
     </span>
     <span class='ocr_line' id='line_1_24' title="bbox 153 2924 1699 3011; baseline 0.004 -23"><span class='ocrx_word' id='word_1_233' title='bbox 153 2926 291 2989; x_wconf 89' lang='lat' dir='ltr'>mentius</span> <span class='ocrx_word' id='word_1_234' title='bbox 305 2928 488 3009; x_wconf 87' lang='lat' dir='ltr'>suspiravit,</span> <span class='ocrx_word' id='word_1_235' title='bbox 504 2946 542 2991; x_wconf 90' lang='lat' dir='ltr'>eo</span> <span class='ocrx_word' id='word_1_236' title='bbox 556 2928 590 2989; x_wconf 92' lang='lat' dir='ltr'>in</span> <span class='ocrx_word' id='word_1_237' title='bbox 605 2928 676 3010; x_wconf 90' lang='lat' dir='ltr'>ipso</span> <span class='ocrx_word' id='word_1_238' title='bbox 688 2927 755 3008; x_wconf 85' lang='lat' dir='ltr'>jam</span> <span class='ocrx_word' id='word_1_239' title='bbox 769 2927 899 2992; x_wconf 92' lang='lat' dir='ltr'>obtento</span> <span class='ocrx_word' id='word_1_240' title='bbox 953 2933 1005 2987; x_wconf 91' lang='lat' dir='ltr'>tus</span> <span class='ocrx_word' id='word_1_241' title='bbox 1018 2924 1198 2987; x_wconf 88' lang='lat' dir='ltr'>Divinitatis</span> <span class='ocrx_word' id='word_1_242' title='bbox 1221 2924 1282 2987; x_wconf 91' lang='lat' dir='ltr'>luci</span> <span class='ocrx_word' id='word_1_243' title='bbox 1305 2926 1424 2987; x_wconf 93' lang='lat' dir='ltr'>unitus.</span> <span class='ocrx_word' id='word_1_244' title='bbox 1442 2925 1596 3000; x_wconf 87' lang='lat' dir='ltr'>Quoniam</span> <span class='ocrx_word' id='word_1_245' title='bbox 1611 2947 1699 3011; x_wconf 92' lang='lat' dir='ltr'>ergo,</span> 
     </span>
     <span class='ocr_line' id='line_1_25' title="bbox 154 3022 1845 3108; baseline 0.002 -21"><span class='ocrx_word' id='word_1_246' title='bbox 154 3034 244 3107; x_wconf 88' lang='lat' dir='ltr'>atque</span> <span class='ocrx_word' id='word_1_247' title='bbox 258 3026 386 3108; x_wconf 91' lang='lat' dir='ltr'>adepto,</span> <span class='ocrx_word' id='word_1_248' title='bbox 402 3026 626 3089; x_wconf 83' lang='lat' dir='ltr'>exuberantius</span> <span class='ocrx_word' id='word_1_249' title='bbox 640 3028 765 3108; x_wconf 90' lang='lat' dir='ltr'>gaudet.</span> <span class='ocrx_word' id='word_1_250' title='bbox 916 3022 938 3084; x_wconf 85' lang='lat' dir='ltr'><strong>G</strong></span> <span class='ocrx_word' id='word_1_251' title='bbox 952 3024 1041 3106; x_wconf 82' lang='lat' dir='ltr'>juxta</span> <span class='ocrx_word' id='word_1_252' title='bbox 1075 3023 1282 3106; x_wconf 80' lang='lat' dir='ltr'>praeinducta,</span> <span class='ocrx_word' id='word_1_253' title='bbox 1312 3022 1574 3104; x_wconf 91' lang='lat' dir='ltr'>incomparabilis</span> <span class='ocrx_word' id='word_1_254' title='bbox 1604 3026 1700 3089; x_wconf 93' lang='lat' dir='ltr'>nimis</span> <span class='ocrx_word' id='word_1_255' title='bbox 1713 3054 1751 3098; x_wconf 69' lang='lat' dir='ltr'>ru,</span> <span class='ocrx_word' id='word_1_256' title='bbox 1765 3054 1845 3108; x_wconf 58' lang='lat' dir='ltr'>rum,</span> 
     </span>
     <span class='ocr_line' id='line_1_26' title="bbox 190 3119 1793 3206; baseline 0.001 -21"><span class='ocrx_word' id='word_1_257' title='bbox 190 3123 306 3205; x_wconf 89' lang='lat' dir='ltr'>lugens</span> <span class='ocrx_word' id='word_1_258' title='bbox 330 3142 406 3205; x_wconf 91' lang='lat' dir='ltr'>ergo</span> <span class='ocrx_word' id='word_1_259' title='bbox 430 3124 536 3203; x_wconf 95' lang='lat' dir='ltr'>tibi,o</span> <span class='ocrx_word' id='word_1_260' title='bbox 559 3124 742 3205; x_wconf 81' lang='lat' dir='ltr'>imperatrix</span> <span class='ocrx_word' id='word_1_261' title='bbox 767 3125 896 3206; x_wconf 83' lang='lat' dir='ltr'>inclyta,</span> <span class='ocrx_word' id='word_1_262' title='bbox 953 3130 1001 3183; x_wconf 89' lang='lat' dir='ltr'>est</span> <span class='ocrx_word' id='word_1_263' title='bbox 1025 3122 1127 3185; x_wconf 82' lang='lat' dir='ltr'>Mariae</span> <span class='ocrx_word' id='word_1_264' title='bbox 1146 3121 1179 3183; x_wconf 94' lang='lat' dir='ltr'>in</span> <span class='ocrx_word' id='word_1_265' title='bbox 1198 3129 1304 3184; x_wconf 92' lang='lat' dir='ltr'>mente</span> <span class='ocrx_word' id='word_1_266' title='bbox 1326 3119 1475 3200; x_wconf 81' lang='lat' dir='ltr'>felicitas,</span> <span class='ocrx_word' id='word_1_267' title='bbox 1498 3130 1612 3205; x_wconf 90' lang='lat' dir='ltr'>estque</span> <span class='ocrx_word' id='word_1_268' title='bbox 1630 3134 1702 3206; x_wconf 91' lang='lat' dir='ltr'>post</span> <span class='ocrx_word' id='word_1_269' title='bbox 1715 3129 1743 3169; x_wconf 72' lang='lat'>&#39;¹·</span> <span class='ocrx_word' id='word_1_270' title='bbox 1757 3131 1793 3163; x_wconf 85' lang='lat'>&#39;¹¹·</span> 
     </span>
     <span class='ocr_line' id='line_1_27' title="bbox 153 3218 1702 3302; baseline 0 -18"><span class='ocrx_word' id='word_1_271' title='bbox 153 3239 172 3284; x_wconf 96' lang='lat' dir='ltr'>o</span> <span class='ocrx_word' id='word_1_272' title='bbox 194 3220 334 3302; x_wconf 90' lang='lat' dir='ltr'>gratiosa</span> <span class='ocrx_word' id='word_1_273' title='bbox 357 3221 463 3299; x_wconf 80' lang='lat' dir='ltr'>Maria,</span> <span class='ocrx_word' id='word_1_274' title='bbox 486 3229 535 3284; x_wconf 90' lang='lat' dir='ltr'>est</span> <span class='ocrx_word' id='word_1_275' title='bbox 557 3222 735 3301; x_wconf 86' lang='lat' dir='ltr'>exsultatio,</span> <span class='ocrx_word' id='word_1_276' title='bbox 751 3222 828 3284; x_wconf 93' lang='lat' dir='ltr'>dum</span> <span class='ocrx_word' id='word_1_277' title='bbox 852 3221 900 3284; x_wconf 91' lang='lat' dir='ltr'>di·</span> <span class='ocrx_word' id='word_1_278' title='bbox 952 3219 1067 3282; x_wconf 82' lang='lat' dir='ltr'>Christi</span> <span class='ocrx_word' id='word_1_279' title='bbox 1089 3219 1229 3281; x_wconf 90' lang='lat' dir='ltr'>animam</span> <span class='ocrx_word' id='word_1_280' title='bbox 1252 3218 1378 3282; x_wconf 90' lang='lat' dir='ltr'>cunctis</span> <span class='ocrx_word' id='word_1_281' title='bbox 1401 3219 1562 3283; x_wconf 90' lang='lat' dir='ltr'>mentibus</span> <span class='ocrx_word' id='word_1_282' title='bbox 1586 3222 1702 3286; x_wconf 90' lang='lat' dir='ltr'>creatis</span> 
     </span>
     <span class='ocr_line' id='line_1_28' title="bbox 154 3316 1700 3401; baseline 0.003 -20"><span class='ocrx_word' id='word_1_283' title='bbox 154 3319 224 3381; x_wconf 89' lang='lat' dir='ltr'>lecti</span> <span class='ocrx_word' id='word_1_284' title='bbox 244 3319 293 3381; x_wconf 92' lang='lat' dir='ltr'>tui</span> <span class='ocrx_word' id='word_1_285' title='bbox 308 3327 442 3382; x_wconf 87' lang='lat' dir='ltr'>mortem</span> <span class='ocrx_word' id='word_1_286' title='bbox 462 3327 494 3381; x_wconf 90' lang='lat' dir='ltr'>et</span> <span class='ocrx_word' id='word_1_287' title='bbox 508 3319 695 3401; x_wconf 91' lang='lat' dir='ltr'>sanguinem</span> <span class='ocrx_word' id='word_1_288' title='bbox 711 3320 744 3381; x_wconf 94' lang='lat' dir='ltr'>in</span> <span class='ocrx_word' id='word_1_289' title='bbox 764 3327 810 3383; x_wconf 90' lang='lat' dir='ltr'>tot</span> <span class='ocrx_word' id='word_1_290' title='bbox 828 3320 899 3382; x_wconf 89' lang='lat' dir='ltr'>mil·</span> <span class='ocrx_word' id='word_1_291' title='bbox 953 3316 1162 3380; x_wconf 90' lang='lat' dir='ltr'>ineiiabiliter</span> <span class='ocrx_word' id='word_1_292' title='bbox 1181 3316 1244 3379; x_wconf 88' lang='lat' dir='ltr'>Deo</span> <span class='ocrx_word' id='word_1_293' title='bbox 1266 3316 1403 3382; x_wconf 89' lang='lat' dir='ltr'>vicinior</span> <span class='ocrx_word' id='word_1_294' title='bbox 1427 3327 1519 3401; x_wconf 87' lang='lat' dir='ltr'>atque</span> <span class='ocrx_word' id='word_1_295' title='bbox 1545 3319 1700 3399; x_wconf 91' lang='lat' dir='ltr'>intimior,</span> 
     </span>
     <span class='ocr_line' id='line_1_29' title="bbox 155 3413 1702 3499; baseline 0.005 -22"><span class='ocrx_word' id='word_1_296' title='bbox 155 3415 237 3479; x_wconf 92' lang='lat' dir='ltr'>libus</span> <span class='ocrx_word' id='word_1_297' title='bbox 268 3417 468 3494; x_wconf 86' lang='lat' dir='ltr'>Sanctorum,</span> <span class='ocrx_word' id='word_1_298' title='bbox 499 3417 533 3477; x_wconf 91' lang='lat' dir='ltr'>in</span> <span class='ocrx_word' id='word_1_299' title='bbox 564 3424 611 3480; x_wconf 90' lang='lat' dir='ltr'>tot</span> <span class='ocrx_word' id='word_1_300' title='bbox 638 3417 744 3480; x_wconf 90' lang='lat' dir='ltr'>decios</span> <span class='ocrx_word' id='word_1_301' title='bbox 780 3418 899 3481; x_wconf 90' lang='lat' dir='ltr'>millies</span> <span class='ocrx_word' id='word_1_302' title='bbox 955 3416 1125 3477; x_wconf 88' lang='lat' dir='ltr'>innotescit</span> <span class='ocrx_word' id='word_1_303' title='bbox 1139 3413 1289 3496; x_wconf 89' lang='lat' dir='ltr'>quoniam</span> <span class='ocrx_word' id='word_1_304' title='bbox 1304 3415 1446 3495; x_wconf 90' lang='lat' dir='ltr'>corporis</span> <span class='ocrx_word' id='word_1_305' title='bbox 1465 3436 1591 3499; x_wconf 92' lang='lat' dir='ltr'>quoque</span> <span class='ocrx_word' id='word_1_306' title='bbox 1612 3419 1702 3483; x_wconf 89' lang='lat' dir='ltr'>dotes</span> 
     </span>
     <span class='ocr_line' id='line_1_30' title="bbox 155 3511 1580 3594; baseline 0.002 -17"><span class='ocrx_word' id='word_1_307' title='bbox 155 3514 297 3577; x_wconf 88' lang='lat' dir='ltr'>centenis</span> <span class='ocrx_word' id='word_1_308' title='bbox 321 3513 464 3577; x_wconf 92' lang='lat' dir='ltr'>millibus</span> <span class='ocrx_word' id='word_1_309' title='bbox 487 3515 662 3578; x_wconf 89' lang='lat' dir='ltr'>electorum</span> <span class='ocrx_word' id='word_1_310' title='bbox 685 3515 899 3579; x_wconf 88' lang='lat' dir='ltr'>lmctilicasse</span> <span class='ocrx_word' id='word_1_311' title='bbox 954 3512 1232 3594; x_wconf 86' lang='lat' dir='ltr'>proportionaliter</span> <span class='ocrx_word' id='word_1_312' title='bbox 1253 3511 1356 3575; x_wconf 91' lang='lat' dir='ltr'>eidem</span> <span class='ocrx_word' id='word_1_313' title='bbox 1377 3514 1580 3580; x_wconf 89' lang='lat' dir='ltr'>conveniant.</span> 
     </span>
     <span class='ocr_line' id='line_1_31' title="bbox 156 3609 1702 3696; baseline 0.003 -22"><span class='ocrx_word' id='word_1_314' title='bbox 156 3612 307 3689; x_wconf 87' lang='lat' dir='ltr'>intendis,</span> <span class='ocrx_word' id='word_1_315' title='bbox 336 3611 413 3675; x_wconf 91' lang='lat' dir='ltr'>dum</span> <span class='ocrx_word' id='word_1_316' title='bbox 440 3630 498 3695; x_wconf 89' lang='lat' dir='ltr'>per</span> <span class='ocrx_word' id='word_1_317' title='bbox 524 3619 556 3675; x_wconf 95' lang='lat' dir='ltr'>te</span> <span class='ocrx_word' id='word_1_318' title='bbox 584 3612 779 3675; x_wconf 85' lang='lat' dir='ltr'>sanctissimi</span> <span class='ocrx_word' id='word_1_319' title='bbox 812 3613 900 3676; x_wconf 90' lang='lat' dir='ltr'>illius</span> <span class='ocrx_word' id='word_1_320' title='bbox 994 3611 1033 3673; x_wconf 88' lang='lat' dir='ltr'>Et</span> <span class='ocrx_word' id='word_1_321' title='bbox 1047 3610 1174 3691; x_wconf 90' lang='lat' dir='ltr'>quidem</span> <span class='ocrx_word' id='word_1_322' title='bbox 1189 3611 1229 3671; x_wconf 91' lang='lat' dir='ltr'>de</span> <span class='ocrx_word' id='word_1_323' title='bbox 1244 3609 1386 3673; x_wconf 85' lang='lat' dir='ltr'>claritate</span> <span class='ocrx_word' id='word_1_324' title='bbox 1400 3610 1471 3691; x_wconf 89' lang='lat' dir='ltr'>ejus</span> <span class='ocrx_word' id='word_1_325' title='bbox 1492 3612 1569 3693; x_wconf 95' lang='lat' dir='ltr'>quid</span> <span class='ocrx_word' id='word_1_326' title='bbox 1592 3614 1702 3696; x_wconf 91' lang='lat' dir='ltr'>utique</span> 
     </span>
     <span class='ocr_line' id='line_1_32' title="bbox 155 3706 1848 3793; baseline 0.002 -20"><span class='ocrx_word' id='word_1_327' title='bbox 155 3710 256 3792; x_wconf 87' lang='lat' dir='ltr'>pretio</span> <span class='ocrx_word' id='word_1_328' title='bbox 277 3709 442 3791; x_wconf 88' lang='lat' dir='ltr'>sanguinis</span> <span class='ocrx_word' id='word_1_329' title='bbox 463 3709 511 3773; x_wconf 89' lang='lat' dir='ltr'>sic</span> <span class='ocrx_word' id='word_1_330' title='bbox 531 3710 638 3773; x_wconf 89' lang='lat' dir='ltr'>cernis</span> <span class='ocrx_word' id='word_1_331' title='bbox 658 3710 830 3793; x_wconf 87' lang='lat' dir='ltr'>despoliari</span> <span class='ocrx_word' id='word_1_332' title='bbox 852 3712 900 3774; x_wconf 91' lang='lat' dir='ltr'>in·</span> <span class='ocrx_word' id='word_1_333' title='bbox 955 3709 1083 3770; x_wconf 86' lang='lat' dir='ltr'>dicarat</span> <span class='ocrx_word' id='word_1_334' title='bbox 1098 3706 1235 3785; x_wconf 86' lang='lat' dir='ltr'>Etenim,</span> <span class='ocrx_word' id='word_1_335' title='bbox 1252 3706 1277 3767; x_wconf 93' lang='lat' dir='ltr'>si</span> <span class='ocrx_word' id='word_1_336' title='bbox 1293 3706 1326 3769; x_wconf 92' lang='lat' dir='ltr'>in</span> <span class='ocrx_word' id='word_1_337' title='bbox 1341 3706 1393 3769; x_wconf 92' lang='lat' dir='ltr'>die</span> <span class='ocrx_word' id='word_1_338' title='bbox 1408 3707 1464 3771; x_wconf 93' lang='lat' dir='ltr'>illo</span> <span class='ocrx_word' id='word_1_339' title='bbox 1478 3710 1538 3772; x_wconf 91' lang='lat' dir='ltr'>crit</span> <span class='ocrx_word' id='word_1_340' title='bbox 1552 3710 1606 3773; x_wconf 84' lang='lat' dir='ltr'>lux</span> <span class='ocrx_word' id='word_1_341' title='bbox 1626 3713 1702 3776; x_wconf 90' lang='lat' dir='ltr'>solis</span> <span class='ocrx_word' id='word_1_342' title='bbox 1716 3740 1745 3784; x_wconf 71' lang='lat'>1..</span> <span class='ocrx_word' id='word_1_343' title='bbox 1755 3754 1804 3793; x_wconf 76' lang='lat' dir='ltr'>ux.</span> <span class='ocrx_word' id='word_1_344' title='bbox 1813 3743 1848 3788; x_wconf 59' lang='grc' dir='ltr'>η,</span> 
     </span>
     <span class='ocr_line' id='line_1_33' title="bbox 155 3803 1702 3891; baseline 0.004 -24"><span class='ocrx_word' id='word_1_345' title='bbox 155 3806 250 3887; x_wconf 90' lang='lat' dir='ltr'>leros,</span> <span class='ocrx_word' id='word_1_346' title='bbox 266 3806 383 3869; x_wconf 85' lang='lat' dir='ltr'>salvari</span> <span class='ocrx_word' id='word_1_347' title='bbox 404 3806 563 3885; x_wconf 88' lang='lat' dir='ltr'>homines,</span> <span class='ocrx_word' id='word_1_348' title='bbox 580 3808 697 3890; x_wconf 91' lang='lat' dir='ltr'>repleri</span> <span class='ocrx_word' id='word_1_349' title='bbox 716 3809 826 3872; x_wconf 86' lang='lat' dir='ltr'>coelos.</span> <span class='ocrx_word' id='word_1_350' title='bbox 842 3810 901 3872; x_wconf 85' lang='lat' dir='ltr'>De-</span> <span class='ocrx_word' id='word_1_351' title='bbox 955 3803 1215 3888; x_wconf 88' lang='lat' dir='ltr'>septempliciter,</span> <span class='ocrx_word' id='word_1_352' title='bbox 1238 3812 1270 3866; x_wconf 93' lang='lat' dir='ltr'>et</span> <span class='ocrx_word' id='word_1_353' title='bbox 1293 3822 1331 3867; x_wconf 90' lang='lat' dir='ltr'>oa</span> <span class='ocrx_word' id='word_1_354' title='bbox 1349 3804 1450 3870; x_wconf 89' lang='lat' dir='ltr'>nihilo</span> <span class='ocrx_word' id='word_1_355' title='bbox 1468 3806 1576 3870; x_wconf 87' lang='lat' dir='ltr'>minus</span> <span class='ocrx_word' id='word_1_356' title='bbox 1597 3810 1702 3891; x_wconf 90' lang='lat' dir='ltr'>splen-</span> 
     </span>
     <span class='ocr_line' id='line_1_34' title="bbox 154 3902 1703 3991; baseline 0.005 -25"><span class='ocrx_word' id='word_1_357' title='bbox 154 3904 250 3986; x_wconf 93' lang='lat' dir='ltr'>nique</span> <span class='ocrx_word' id='word_1_358' title='bbox 278 3904 313 3967; x_wconf 91' lang='lat' dir='ltr'>in</span> <span class='ocrx_word' id='word_1_359' title='bbox 339 3904 391 3967; x_wconf 93' lang='lat' dir='ltr'>bis</span> <span class='ocrx_word' id='word_1_360' title='bbox 416 3905 474 3986; x_wconf 92' lang='lat' dir='ltr'>qui</span> <span class='ocrx_word' id='word_1_361' title='bbox 501 3913 532 3968; x_wconf 92' lang='lat' dir='ltr'>te</span> <span class='ocrx_word' id='word_1_362' title='bbox 556 3906 607 3968; x_wconf 90' lang='lat' dir='ltr'>vel</span> <span class='ocrx_word' id='word_1_363' title='bbox 631 3914 821 3987; x_wconf 87' lang='lat' dir='ltr'>genuerunt,</span> <span class='ocrx_word' id='word_1_364' title='bbox 847 3914 903 3969; x_wconf 89' lang='lat' dir='ltr'>aut</span> <span class='ocrx_word' id='word_1_365' title='bbox 955 3903 1078 3967; x_wconf 92' lang='lat' dir='ltr'>didiora</span> <span class='ocrx_word' id='word_1_366' title='bbox 1107 3910 1200 3967; x_wconf 89' lang='lat' dir='ltr'>crunt</span> <span class='ocrx_word' id='word_1_367' title='bbox 1228 3902 1323 3966; x_wconf 90' lang='lat' dir='ltr'>etiam</span> <span class='ocrx_word' id='word_1_368' title='bbox 1352 3903 1539 3968; x_wconf 79' lang='lat' dir='ltr'>inferiorum</span> <span class='ocrx_word' id='word_1_369' title='bbox 1569 3926 1703 3991; x_wconf 91' lang='lat' dir='ltr'>corpora</span> 
     </span>
     <span class='ocr_line' id='line_1_35' title="bbox 154 4000 1703 4088; baseline 0.003 -22"><span class='ocrx_word' id='word_1_370' title='bbox 154 4004 346 4085; x_wconf 89' lang='lat' dir='ltr'>gignendam</span> <span class='ocrx_word' id='word_1_371' title='bbox 359 4003 558 4083; x_wconf 88' lang='lat' dir='ltr'>cecinerunt,</span> <span class='ocrx_word' id='word_1_372' title='bbox 574 4002 770 4066; x_wconf 87' lang='lat' dir='ltr'>Patriarcbas</span> <span class='ocrx_word' id='word_1_373' title='bbox 788 4004 902 4087; x_wconf 93' lang='lat' dir='ltr'>loquor</span> <span class='ocrx_word' id='word_1_374' title='bbox 956 4002 1143 4065; x_wconf 90' lang='lat' dir='ltr'>Sanctorum</span> <span class='ocrx_word' id='word_1_375' title='bbox 1164 4024 1171 4062; x_wconf 93' lang='lat'><strong>:</strong></span> <span class='ocrx_word' id='word_1_376' title='bbox 1196 4000 1269 4081; x_wconf 91' lang='lat' dir='ltr'>quis</span> <span class='ocrx_word' id='word_1_377' title='bbox 1299 4000 1443 4065; x_wconf 90' lang='lat' dir='ltr'>divinare</span> <span class='ocrx_word' id='word_1_378' title='bbox 1475 4005 1576 4085; x_wconf 90' lang='lat' dir='ltr'>possit</span> <span class='ocrx_word' id='word_1_379' title='bbox 1607 4025 1703 4088; x_wconf 90' lang='lat' dir='ltr'>quam</span> 
     </span>
     <span class='ocr_line' id='line_1_36' title="bbox 155 4098 1704 4187; baseline 0.003 -23"><span class='ocrx_word' id='word_1_380' title='bbox 155 4110 244 4184; x_wconf 84' lang='lat' dir='ltr'>utque</span> <span class='ocrx_word' id='word_1_381' title='bbox 258 4101 440 4183; x_wconf 90' lang='lat' dir='ltr'>Prophetas,</span> <span class='ocrx_word' id='word_1_382' title='bbox 448 4102 561 4165; x_wconf 88' lang='lat' dir='ltr'>meritc</span> <span class='ocrx_word' id='word_1_383' title='bbox 575 4102 683 4184; x_wconf 89' lang='lat' dir='ltr'>utique</span> <span class='ocrx_word' id='word_1_384' title='bbox 698 4102 790 4165; x_wconf 86' lang='lat' dir='ltr'>valde</span> <span class='ocrx_word' id='word_1_385' title='bbox 805 4103 902 4166; x_wconf 86' lang='lat' dir='ltr'>exsul·</span> <span class='ocrx_word' id='word_1_386' title='bbox 955 4098 1176 4181; x_wconf 87' lang='lat' dir='ltr'>multipliciter</span> <span class='ocrx_word' id='word_1_387' title='bbox 1190 4098 1292 4162; x_wconf 92' lang='lat' dir='ltr'>solare</span> <span class='ocrx_word' id='word_1_388' title='bbox 1306 4098 1411 4180; x_wconf 86' lang='lat' dir='ltr'>jubar,</span> <span class='ocrx_word' id='word_1_389' title='bbox 1421 4101 1547 4165; x_wconf 88' lang='lat' dir='ltr'>claritas</span> <span class='ocrx_word' id='word_1_390' title='bbox 1562 4105 1704 4187; x_wconf 91' lang='lat' dir='ltr'>corporis</span> 
     </span>
     <span class='ocr_line' id='line_1_37' title="bbox 154 4196 1706 4287; baseline 0.003 -24"><span class='ocrx_word' id='word_1_391' title='bbox 154 4210 222 4278; x_wconf 77' lang='lat' dir='ltr'>tas3</span> <span class='ocrx_word' id='word_1_392' title='bbox 237 4201 378 4282; x_wconf 88' lang='lat' dir='ltr'>itemque</span> <span class='ocrx_word' id='word_1_393' title='bbox 396 4200 431 4261; x_wconf 93' lang='lat' dir='ltr'>in</span> <span class='ocrx_word' id='word_1_394' title='bbox 452 4200 517 4263; x_wconf 90' lang='lat' dir='ltr'>illis</span> <span class='ocrx_word' id='word_1_395' title='bbox 537 4219 610 4263; x_wconf 93' lang='lat' dir='ltr'>cum</span> <span class='ocrx_word' id='word_1_396' title='bbox 631 4200 748 4282; x_wconf 92' lang='lat' dir='ltr'>quibus</span> <span class='ocrx_word' id='word_1_397' title='bbox 769 4201 847 4265; x_wconf 92' lang='lat' dir='ltr'>olim</span> <span class='ocrx_word' id='word_1_398' title='bbox 867 4202 901 4263; x_wconf 95' lang='lat' dir='ltr'>in</span> <span class='ocrx_word' id='word_1_399' title='bbox 916 4204 942 4267; x_wconf 85' lang='lat' dir='ltr'>o</span> <span class='ocrx_word' id='word_1_400' title='bbox 957 4196 1114 4280; x_wconf 89' lang='lat' dir='ltr'>principis</span> <span class='ocrx_word' id='word_1_401' title='bbox 1138 4197 1223 4275; x_wconf 76' lang='lat' dir='ltr'>vita,</span> <span class='ocrx_word' id='word_1_402' title='bbox 1237 4198 1323 4278; x_wconf 93' lang='lat' dir='ltr'>quod</span> <span class='ocrx_word' id='word_1_403' title='bbox 1348 4198 1445 4261; x_wconf 87' lang='lat' dir='ltr'>Deum</span> <span class='ocrx_word' id='word_1_404' title='bbox 1470 4200 1504 4261; x_wconf 95' lang='lat' dir='ltr'>in</span> <span class='ocrx_word' id='word_1_405' title='bbox 1527 4220 1562 4264; x_wconf 90' lang='lat' dir='ltr'>sc</span> <span class='ocrx_word' id='word_1_406' title='bbox 1585 4204 1706 4287; x_wconf 91' lang='lat' dir='ltr'>recepit</span> 
     </span>
     <span class='ocr_line' id='line_1_38' title="bbox 157 4293 1707 4379; baseline 0.003 -18"><span class='ocrx_word' id='word_1_407' title='bbox 157 4299 247 4361; x_wconf 89' lang='lat' dir='ltr'>terris</span> <span class='ocrx_word' id='word_1_408' title='bbox 272 4307 337 4361; x_wconf 87' lang='lat' dir='ltr'>tarn</span> <span class='ocrx_word' id='word_1_409' title='bbox 365 4297 576 4379; x_wconf 78' lang='lat' dir='ltr'>familiariter,</span> <span class='ocrx_word' id='word_1_410' title='bbox 602 4307 746 4362; x_wconf 89' lang='lat' dir='ltr'>amanter</span> <span class='ocrx_word' id='word_1_411' title='bbox 773 4299 902 4361; x_wconf 89' lang='lat' dir='ltr'>humili·</span> <span class='ocrx_word' id='word_1_412' title='bbox 957 4296 1118 4375; x_wconf 90' lang='lat' dir='ltr'>vitamque</span> <span class='ocrx_word' id='word_1_413' title='bbox 1152 4293 1325 4373; x_wconf 85' lang='lat' dir='ltr'>inchoavit,</span> <span class='ocrx_word' id='word_1_414' title='bbox 1358 4297 1513 4360; x_wconf 80' lang='lat' dir='ltr'>excellatl</span> <span class='ocrx_word' id='word_1_415' title='bbox 1542 4299 1707 4367; x_wconf 87' lang='lat' dir='ltr'>Verumta-</span> 
     </span>
     <span class='ocr_line' id='line_1_39' title="bbox 156 4392 1706 4479; baseline 0.003 -20"><span class='ocrx_word' id='word_1_416' title='bbox 156 4404 266 4479; x_wconf 88' lang='lat' dir='ltr'>terque</span> <span class='ocrx_word' id='word_1_417' title='bbox 292 4405 478 4461; x_wconf 89' lang='lat' dir='ltr'>conversata</span> <span class='ocrx_word' id='word_1_418' title='bbox 501 4415 557 4475; x_wconf 87' lang='lat' dir='ltr'>es;</span> <span class='ocrx_word' id='word_1_419' title='bbox 582 4416 692 4459; x_wconf 89' lang='lat' dir='ltr'>mrsus</span> <span class='ocrx_word' id='word_1_420' title='bbox 716 4415 843 4479; x_wconf 92' lang='lat' dir='ltr'>quoqne</span> <span class='ocrx_word' id='word_1_421' title='bbox 868 4398 902 4460; x_wconf 92' lang='lat' dir='ltr'>in</span> <span class='ocrx_word' id='word_1_422' title='bbox 956 4412 1043 4473; x_wconf 85' lang='lat' dir='ltr'>rnen,</span> <span class='ocrx_word' id='word_1_423' title='bbox 1059 4393 1136 4455; x_wconf 91' lang='lat' dir='ltr'>dum</span> <span class='ocrx_word' id='word_1_424' title='bbox 1161 4392 1338 4455; x_wconf 87' lang='lat' dir='ltr'>claritatem</span> <span class='ocrx_word' id='word_1_425' title='bbox 1363 4395 1575 4461; x_wconf 82' lang='lat' dir='ltr'>serenissimae</span> <span class='ocrx_word' id='word_1_426' title='bbox 1600 4402 1706 4464; x_wconf 85' lang='lat' dir='ltr'>caruis</span> 
     </span>
     <span class='ocr_line' id='line_1_40' title="bbox 157 4490 1707 4578; baseline 0.004 -21"><span class='ocrx_word' id='word_1_427' title='bbox 157 4494 207 4558; x_wconf 92' lang='lat' dir='ltr'>bis</span> <span class='ocrx_word' id='word_1_428' title='bbox 225 4494 282 4578; x_wconf 92' lang='lat' dir='ltr'>qni</span> <span class='ocrx_word' id='word_1_429' title='bbox 302 4504 332 4559; x_wconf 91' lang='lat' dir='ltr'>ta</span> <span class='ocrx_word' id='word_1_430' title='bbox 357 4496 391 4557; x_wconf 94' lang='lat' dir='ltr'>in</span> <span class='ocrx_word' id='word_1_431' title='bbox 410 4496 471 4559; x_wconf 89' lang='lat' dir='ltr'>boc</span> <span class='ocrx_word' id='word_1_432' title='bbox 491 4495 611 4558; x_wconf 90' lang='lat' dir='ltr'>mundo</span> <span class='ocrx_word' id='word_1_433' title='bbox 630 4503 694 4557; x_wconf 90' lang='lat' dir='ltr'>tarn</span> <span class='ocrx_word' id='word_1_434' title='bbox 713 4495 827 4559; x_wconf 92' lang='lat' dir='ltr'>devote</span> <span class='ocrx_word' id='word_1_435' title='bbox 850 4514 903 4559; x_wconf 91' lang='lat' dir='ltr'>co-</span> <span class='ocrx_word' id='word_1_436' title='bbox 958 4499 1075 4555; x_wconf 72' lang='lat' dir='ltr'>sanctaa</span> <span class='ocrx_word' id='word_1_437' title='bbox 1090 4490 1229 4572; x_wconf 88' lang='lat' dir='ltr'>Virginis</span> <span class='ocrx_word' id='word_1_438' title='bbox 1248 4493 1458 4574; x_wconf 87' lang='lat' dir='ltr'>contemplari</span> <span class='ocrx_word' id='word_1_439' title='bbox 1479 4494 1636 4578; x_wconf 86' lang='lat' dir='ltr'>desidem,</span> <span class='ocrx_word' id='word_1_440' title='bbox 1653 4518 1707 4563; x_wconf 90' lang='lat' dir='ltr'>ve·</span> 
     </span>
     <span class='ocr_line' id='line_1_41' title="bbox 158 4589 1703 4675; baseline 0.005 -20"><span class='ocrx_word' id='word_1_441' title='bbox 158 4592 296 4675; x_wconf 80' lang='lat' dir='ltr'>luertmt,</span> <span class='ocrx_word' id='word_1_442' title='bbox 313 4602 377 4657; x_wconf 90' lang='lat' dir='ltr'>tarn</span> <span class='ocrx_word' id='word_1_443' title='bbox 396 4592 601 4675; x_wconf 87' lang='lat' dir='ltr'>singulariter</span> <span class='ocrx_word' id='word_1_444' title='bbox 615 4594 757 4657; x_wconf 89' lang='lat' dir='ltr'>venerati</span> <span class='ocrx_word' id='word_1_445' title='bbox 778 4601 852 4657; x_wconf 91' lang='lat' dir='ltr'>sunt</span> <span class='ocrx_word' id='word_1_446' title='bbox 871 4604 903 4658; x_wconf 91' lang='lat' dir='ltr'>et</span> <span class='ocrx_word' id='word_1_447' title='bbox 958 4591 1124 4654; x_wconf 88' lang='lat' dir='ltr'>bemonter</span> <span class='ocrx_word' id='word_1_448' title='bbox 1142 4589 1333 4671; x_wconf 87' lang='lat' dir='ltr'>obstupesco</span> <span class='ocrx_word' id='word_1_449' title='bbox 1356 4608 1549 4673; x_wconf 90' lang='lat' dir='ltr'>prorsusque</span> <span class='ocrx_word' id='word_1_450' title='bbox 1573 4594 1703 4663; x_wconf 87' lang='lat' dir='ltr'>delicio.</span> 
     </span>
     <span class='ocr_line' id='line_1_42' title="bbox 160 4686 1707 4776; baseline 0.002 -21"><span class='ocrx_word' id='word_1_451' title='bbox 160 4692 205 4756; x_wconf 90' lang='lat' dir='ltr'>sic</span> <span class='ocrx_word' id='word_1_452' title='bbox 219 4693 367 4756; x_wconf 88' lang='lat' dir='ltr'>ardenter</span> <span class='ocrx_word' id='word_1_453' title='bbox 379 4700 577 4772; x_wconf 88' lang='lat' dir='ltr'>amaverunt,</span> <span class='ocrx_word' id='word_1_454' title='bbox 594 4711 691 4773; x_wconf 90' lang='lat' dir='ltr'>seque</span> <span class='ocrx_word' id='word_1_455' title='bbox 710 4712 769 4775; x_wconf 90' lang='lat' dir='ltr'>per</span> <span class='ocrx_word' id='word_1_456' title='bbox 787 4701 817 4755; x_wconf 87' lang='lat' dir='ltr'>tc</span> <span class='ocrx_word' id='word_1_457' title='bbox 836 4712 903 4776; x_wconf 83' lang='lat' dir='ltr'>spe</span> <span class='ocrx_word' id='word_1_458' title='bbox 957 4689 1089 4751; x_wconf 88' lang='lat' dir='ltr'>intendo</span> <span class='ocrx_word' id='word_1_459' title='bbox 1103 4706 1219 4769; x_wconf 87' lang='lat' dir='ltr'>nempe</span> <span class='ocrx_word' id='word_1_460' title='bbox 1241 4686 1274 4747; x_wconf 95' lang='lat' dir='ltr'>in</span> <span class='ocrx_word' id='word_1_461' title='bbox 1295 4687 1420 4770; x_wconf 91' lang='lat' dir='ltr'>primis,</span> <span class='ocrx_word' id='word_1_462' title='bbox 1435 4707 1499 4770; x_wconf 95' lang='lat' dir='ltr'>quo</span> <span class='ocrx_word' id='word_1_463' title='bbox 1519 4692 1631 4756; x_wconf 89' lang='lat' dir='ltr'>deccat</span> <span class='ocrx_word' id='word_1_464' title='bbox 1650 4695 1707 4759; x_wconf 91' lang='lat' dir='ltr'>bo-</span> 
     </span>
     <span class='ocr_line' id='line_1_43' title="bbox 160 4786 1703 4873; baseline 0.003 -20"><span class='ocrx_word' id='word_1_465' title='bbox 160 4790 283 4854; x_wconf 89' lang='lat' dir='ltr'>cialiter</span> <span class='ocrx_word' id='word_1_466' title='bbox 305 4791 433 4872; x_wconf 86' lang='lat' dir='ltr'>adjutos</span> <span class='ocrx_word' id='word_1_467' title='bbox 455 4809 492 4853; x_wconf 89' lang='grc' dir='ltr'>ρο</span> <span class='ocrx_word' id='word_1_468' title='bbox 518 4799 719 4873; x_wconf 90' lang='lat' dir='ltr'>recuperatos</span> <span class='ocrx_word' id='word_1_469' title='bbox 745 4791 901 4873; x_wconf 79' lang='lat' dir='ltr'>laetantur,</span> <span class='ocrx_word' id='word_1_470' title='bbox 958 4806 1035 4851; x_wconf 90' lang='lat' dir='ltr'>nore</span> <span class='ocrx_word' id='word_1_471' title='bbox 1053 4786 1149 4849; x_wconf 86' lang='lat' dir='ltr'>talem</span> <span class='ocrx_word' id='word_1_472' title='bbox 1169 4793 1302 4848; x_wconf 90' lang='lat' dir='ltr'>matrem</span> <span class='ocrx_word' id='word_1_473' title='bbox 1321 4805 1340 4848; x_wconf 90' lang='lat' dir='ltr'>a</span> <span class='ocrx_word' id='word_1_474' title='bbox 1358 4786 1413 4848; x_wconf 90' lang='lat' dir='ltr'>tali</span> <span class='ocrx_word' id='word_1_475' title='bbox 1438 4786 1510 4851; x_wconf 88' lang='lat' dir='ltr'>lilio</span> <span class='ocrx_word' id='word_1_476' title='bbox 1534 4794 1703 4858; x_wconf 90' lang='lat' dir='ltr'>venerari:</span> 
     </span>
     <span class='ocr_line' id='line_1_44' title="bbox 160 4884 1707 4974; baseline 0.003 -23"><span class='ocrx_word' id='word_1_477' title='bbox 160 4889 193 4952; x_wconf 91' lang='lat' dir='ltr'>in</span> <span class='ocrx_word' id='word_1_478' title='bbox 216 4890 331 4972; x_wconf 91' lang='lat' dir='ltr'>quibus</span> <span class='ocrx_word' id='word_1_479' title='bbox 355 4888 502 4953; x_wconf 91' lang='lat' dir='ltr'>nonnulli</span> <span class='ocrx_word' id='word_1_480' title='bbox 528 4896 603 4951; x_wconf 92' lang='lat' dir='ltr'>sunt</span> <span class='ocrx_word' id='word_1_481' title='bbox 625 4889 680 4970; x_wconf 93' lang='lat' dir='ltr'>qui</span> <span class='ocrx_word' id='word_1_482' title='bbox 703 4896 767 4952; x_wconf 91' lang='lat' dir='ltr'>tam</span> <span class='ocrx_word' id='word_1_483' title='bbox 792 4891 905 4974; x_wconf 87' lang='lat' dir='ltr'>despe·</span> <span class='ocrx_word' id='word_1_484' title='bbox 957 4884 1254 4967; x_wconf 90' lang='lat' dir='ltr'>quoniamquidem</span> <span class='ocrx_word' id='word_1_485' title='bbox 1270 4892 1371 4946; x_wconf 90' lang='lat' dir='ltr'>mater</span> <span class='ocrx_word' id='word_1_486' title='bbox 1384 4884 1454 4966; x_wconf 91' lang='lat' dir='ltr'>ipsa</span> <span class='ocrx_word' id='word_1_487' title='bbox 1475 4886 1707 4969; x_wconf 87' lang='lat' dir='ltr'>benignissima</span> 
     </span>
     <span class='ocr_line' id='line_1_45' title="bbox 160 4982 1707 5068; baseline 0.002 -18"><span class='ocrx_word' id='word_1_488' title='bbox 160 4988 231 5068; x_wconf 92' lang='lat' dir='ltr'>rati,</span> <span class='ocrx_word' id='word_1_489' title='bbox 251 4987 383 5051; x_wconf 87' lang='lat' dir='ltr'>desolati</span> <span class='ocrx_word' id='word_1_490' title='bbox 409 5007 445 5050; x_wconf 89' lang='lat' dir='ltr'>ac</span> <span class='ocrx_word' id='word_1_491' title='bbox 470 4986 615 5051; x_wconf 88' lang='lat' dir='ltr'>scelerati</span> <span class='ocrx_word' id='word_1_492' title='bbox 639 4986 717 5050; x_wconf 91' lang='lat' dir='ltr'>olim</span> <span class='ocrx_word' id='word_1_493' title='bbox 740 4986 873 5052; x_wconf 86' lang='lat' dir='ltr'>luerunt</span> <span class='ocrx_word' id='word_1_494' title='bbox 894 5014 901 5052; x_wconf 79' lang='lat' dir='ltr'><strong><em>z</em></strong></span> <span class='ocrx_word' id='word_1_495' title='bbox 958 4992 1016 5064; x_wconf 88' lang='lat' dir='ltr'>est,</span> <span class='ocrx_word' id='word_1_496' title='bbox 1033 4982 1315 5061; x_wconf 78' lang='lat' dir='ltr'>affectuosissima,</span> <span class='ocrx_word' id='word_1_497' title='bbox 1332 4982 1511 5046; x_wconf 90' lang='lat' dir='ltr'>castissima</span> <span class='ocrx_word' id='word_1_498' title='bbox 1525 4993 1619 5068; x_wconf 87' lang='lat' dir='ltr'>etque</span> <span class='ocrx_word' id='word_1_499' title='bbox 1634 5008 1707 5053; x_wconf 90' lang='lat' dir='ltr'>san-</span> 
     </span>
     <span class='ocr_line' id='line_1_46' title="bbox 160 5078 1707 5169; baseline 0.001 -21"><span class='ocrx_word' id='word_1_500' title='bbox 160 5086 279 5148; x_wconf 89' lang='lat' dir='ltr'>etenim</span> <span class='ocrx_word' id='word_1_501' title='bbox 301 5085 335 5147; x_wconf 94' lang='lat' dir='ltr'>bi</span> <span class='ocrx_word' id='word_1_502' title='bbox 359 5085 468 5167; x_wconf 91' lang='lat' dir='ltr'>utique</span> <span class='ocrx_word' id='word_1_503' title='bbox 488 5086 547 5149; x_wconf 93' lang='lat' dir='ltr'>tibi</span> <span class='ocrx_word' id='word_1_504' title='bbox 568 5086 687 5169; x_wconf 88' lang='lat' dir='ltr'>gratias</span> <span class='ocrx_word' id='word_1_505' title='bbox 709 5107 802 5169; x_wconf 87' lang='lat' dir='ltr'>agere</span> <span class='ocrx_word' id='word_1_506' title='bbox 823 5108 905 5151; x_wconf 93' lang='lat' dir='ltr'>nnn·</span> <span class='ocrx_word' id='word_1_507' title='bbox 958 5081 1128 5159; x_wconf 66' lang='lat' dir='ltr'>ctissime,</span> <span class='ocrx_word' id='word_1_508' title='bbox 1135 5098 1229 5163; x_wconf 93' lang='lat' dir='ltr'>porro</span> <span class='ocrx_word' id='word_1_509' title='bbox 1254 5078 1324 5145; x_wconf 85' lang='lat' dir='ltr'>tilio</span> <span class='ocrx_word' id='word_1_510' title='bbox 1349 5081 1415 5144; x_wconf 90' lang='lat' dir='ltr'>baec</span> <span class='ocrx_word' id='word_1_511' title='bbox 1440 5100 1566 5164; x_wconf 92' lang='lat' dir='ltr'>quoque</span> <span class='ocrx_word' id='word_1_512' title='bbox 1591 5104 1707 5151; x_wconf 90' lang='lat' dir='ltr'>conve·</span> 
     </span>
     <span class='ocr_line' id='line_1_47' title="bbox 160 5178 1706 5266; baseline 0.001 -18"><span class='ocrx_word' id='word_1_513' title='bbox 160 5202 256 5266; x_wconf 88' lang='lat' dir='ltr'>qnam</span> <span class='ocrx_word' id='word_1_514' title='bbox 269 5183 437 5247; x_wconf 89' lang='lat' dir='ltr'>desistunt.</span> <span class='ocrx_word' id='word_1_515' title='bbox 453 5183 558 5261; x_wconf 89' lang='lat' dir='ltr'>Porro,</span> <span class='ocrx_word' id='word_1_516' title='bbox 575 5184 608 5245; x_wconf 94' lang='lat' dir='ltr'>in</span> <span class='ocrx_word' id='word_1_517' title='bbox 624 5183 834 5249; x_wconf 87' lang='lat' dir='ltr'>mundissimo</span> <span class='ocrx_word' id='word_1_518' title='bbox 848 5185 904 5249; x_wconf 94' lang='lat' dir='ltr'>illo</span> <span class='ocrx_word' id='word_1_519' title='bbox 958 5181 1051 5242; x_wconf 91' lang='lat' dir='ltr'>niunt</span> <span class='ocrx_word' id='word_1_520' title='bbox 1065 5180 1154 5261; x_wconf 89' lang='lat' dir='ltr'>(quia</span> <span class='ocrx_word' id='word_1_521' title='bbox 1170 5178 1273 5259; x_wconf 87' lang='lat' dir='ltr'>qualis</span> <span class='ocrx_word' id='word_1_522' title='bbox 1288 5187 1400 5259; x_wconf 88' lang='lat' dir='ltr'>mater,</span> <span class='ocrx_word' id='word_1_523' title='bbox 1417 5180 1489 5243; x_wconf 92' lang='lat' dir='ltr'>talis</span> <span class='ocrx_word' id='word_1_524' title='bbox 1504 5190 1536 5245; x_wconf 91' lang='lat' dir='ltr'>et</span> <span class='ocrx_word' id='word_1_525' title='bbox 1550 5182 1664 5266; x_wconf 84' lang='lat' dir='ltr'>lilius),</span> <span class='ocrx_word' id='word_1_526' title='bbox 1674 5195 1706 5249; x_wconf 90' lang='lat' dir='ltr'>et</span> 
     </span>
     <span class='ocr_line' id='line_1_48' title="bbox 160 5276 1703 5367; baseline 0.002 -22"><span class='ocrx_word' id='word_1_527' title='bbox 160 5283 309 5363; x_wconf 89' lang='lat' dir='ltr'>dulcique</span> <span class='ocrx_word' id='word_1_528' title='bbox 333 5280 495 5363; x_wconf 87' lang='lat' dir='ltr'>virginum</span> <span class='ocrx_word' id='word_1_529' title='bbox 519 5282 627 5360; x_wconf 90' lang='lat' dir='ltr'>cboro,</span> <span class='ocrx_word' id='word_1_530' title='bbox 654 5280 767 5363; x_wconf 90' lang='lat' dir='ltr'>ingens</span> <span class='ocrx_word' id='word_1_531' title='bbox 790 5282 859 5363; x_wconf 87' lang='lat' dir='ltr'>tibi,</span> <span class='ocrx_word' id='word_1_532' title='bbox 883 5303 904 5347; x_wconf 91' lang='lat' dir='ltr'>o</span> <span class='ocrx_word' id='word_1_533' title='bbox 959 5279 991 5342; x_wconf 96' lang='lat' dir='ltr'>id</span> <span class='ocrx_word' id='word_1_534' title='bbox 1004 5278 1148 5362; x_wconf 88' lang='lat' dir='ltr'>insuper,</span> <span class='ocrx_word' id='word_1_535' title='bbox 1163 5277 1248 5358; x_wconf 90' lang='lat' dir='ltr'>quod</span> <span class='ocrx_word' id='word_1_536' title='bbox 1263 5276 1427 5341; x_wconf 79' lang='lat' dir='ltr'>immensa</span> <span class='ocrx_word' id='word_1_537' title='bbox 1447 5287 1497 5342; x_wconf 91' lang='lat' dir='ltr'>est</span> <span class='ocrx_word' id='word_1_538' title='bbox 1516 5282 1703 5367; x_wconf 84' lang='lat' dir='ltr'>majestatis,</span> 
     </span>
    </p>
   </div>
   <div class='ocr_carea' id='block_1_7' title="bbox 0 0 2173 6259">
    <p class='ocr_par' dir='ltr' id='par_1_11' title="bbox 0 0 2173 6259">
     <span class='ocr_line' id='line_1_49' title="bbox 0 0 2173 6259; baseline 0 0"><span class='ocrx_word' id='word_1_539' title='bbox 0 0 2173 6259; x_wconf 95' lang='lat' dir='ltr'> </span> 
     </span>
    </p>
   </div>
  </div>
 </body>
</html>
