4309 6259
315 517 576 569 onsaoasrranro
598 517 726 563 aarsnrs
748 518 785 563 nr
806 518 904 563 iussa
925 516 1152 563 encaeniarum
1174 515 1332 563 nrsnoous.
1355 533 1396 543 —
1416 514 1485 562 aar.
1509 516 1551 561 vn
1646 497 1705 561 389

156 689 270 753 fideles
289 689 395 770 ipsum
415 688 449 749 in
468 687 597 751 carihte
618 687 821 771 accipientes,
837 686 941 749 vir-d
958 694 1058 749 statur
1072 696 1103 750 te
1117 686 1287 751 Dominum
1301 686 1408 749 lesum
1423 685 1582 749 Christum
1604 685 1637 747 in
1657 686 1706 747 his

40 797 222 860 tueturtute
237 796 270 850 et
283 788 383 869 gratia
397 786 468 868 ejus
482 785 685 868 spiritualiter
698 805 797 848 unum
819 784 902 847 liunt
957 784 1096 847 materiis
1122 786 1361 849 commendasse
1389 792 1422 847 et
1444 783 1619 847 instituisse
1645 784 1705 847 hoe

156 895 187 950 et
211 895 287 949 sunt
309 904 383 949 cum
406 885 528 949 Christo
554 884 655 967 capite
679 903 749 964 suo,
772 892 804 946 et
827 904 900 947 cum
957 890 1202 961 sacramentum,
1228 881 1374 945 videlicet
1397 881 1429 943 in
1457 900 1538 963 pane
1563 888 1594 945 et
1617 880 1705 959 vino,

45 1006 114 1061 prea.
129 985 289 1067 1,fflySti00
304 1002 435 1065 corpore
448 983 532 1063 ejus,
546 984 632 1064 quod
647 991 696 1045 est
708 990 817 1045 saneta
832 1000 903 1045 mea
957 998 1027 1060 quae
1042 998 1079 1042 ex
1095 979 1202 1041 multis
1218 979 1402 1061 rediguntur
1417 980 1451 1041 in
1471 999 1570 1041 unum
1585 980 1708 1061 (quem-

40 1071 143 1179 {fig
154 1082 307 1160 Ecclesia,
323 1082 416 1162 cujus
430 1081 491 1162 ipsi
506 1089 580 1142 sunt
601 1081 754 1158 membra,
770 1088 802 1143 et
820 1079 903 1141 inter
957 1078 1128 1141 admodum
1144 1078 1236 1158 penis
1252 1097 1289 1140 ex
1304 1077 1412 1141 multis
1427 1078 1544 1159 menis,
1552 1086 1583 1140 et
1597 1077 1707 1141 vinum

41 1171 42 1174 ¹
155 1200 188 1243 se
205 1180 353 1243 invicem.
371 1178 490 1261 Nempe
505 1197 563 1260 per
575 1178 672 1260 hujus
686 1177 901 1260 sumptionem
958 1195 996 1238 ex
1024 1175 1168 1256 pluribus
1198 1176 1294 1257 uvis),
1321 1176 1405 1239 sieut
1433 1184 1463 1238 et
1492 1175 1709 1238 ecclesiastica

156 1278 507 1361 frequentationemque
541 1276 742 1352 sacramenti,
779 1276 902 1339 Christo
958 1274 1062 1335 unitas
1086 1292 1124 1336 ex
1152 1274 1260 1336 multis
1285 1272 1415 1336 resultat
1438 1272 1588 1336 fidelibus
1612 1272 1708 1353 hujus

156 1376 398 1441 communicans
414 1374 591 1456 copulatur,
607 1382 640 1437 et
653 1382 783 1452 contra,
800 1382 832 1435 et
846 1392 903 1455 ρον
958 1372 1148 1434 sacramenti
1172 1371 1414 1453 participatione
1437 1371 1546 1433 unitis.

156 1476 265 1557 gratiae
289 1473 494 1537 inhaesionem
517 1492 555 1535 ac
580 1472 786 1551 incrementa,
811 1472 844 1533 in
868 1491 903 1534 se
999 1469 1147 1533 Vestras.
1169 1471 1275 1532 —Tu
1301 1488 1376 1551 ergo
1400 1478 1432 1533 et
1456 1469 1560 1533 omnis
1585 1468 1639 1550 qui
1663 1487 1711 1530 se-

155 1574 294 1637 invicem
319 1580 478 1635 manent:
501 1570 565 1633 imo
588 1590 646 1653 per
669 1571 808 1633 caritatis
832 1590 904 1653 pro
959 1567 1092 1631 lubriter
1106 1568 1194 1650 cupit
1212 1568 1371 1631 celebrare
1392 1578 1446 1631 aut
1461 1568 1710 1646 communicare,

155 1672 288 1750 fectum,
317 1671 497 1733 membrum
524 1688 598 1732 cum
632 1670 735 1750 capite
763 1670 904 1751 quotidie
959 1685 1087 1747 semper
1101 1666 1170 1729 sitis
1186 1666 1311 1729 solliciti
1328 1685 1455 1729 servare
1470 1666 1626 1729 unitatem
1648 1664 1712 1747 spi·
1724 1690 1848 1747 opocen.

155 1769 259 1851 magis
278 1788 315 1831 ae
338 1768 438 1849 magis
457 1786 557 1829 unum
575 1766 725 1830 efficitur.
742 1767 814 1830 Ideo
833 1769 902 1830 ait:
960 1765 1040 1827 ritus
1068 1764 1101 1826 in
1130 1764 1259 1828 vinculo
1288 1764 1386 1845 pacis,
1417 1772 1510 1845 atque
1539 1764 1572 1827 id
1606 1764 1711 1847 ipsum
1725 1756 1808 1859 {pm
1824 1816 1857 1857 ω,

104 1868 214 1943 ⁸etOui
250 1869 422 1930 manducat
456 1884 560 1928 meam
595 1884 724 1928 carnem
760 1872 792 1928 et
827 1865 942 1928 bibitB
960 1862 1073 1925 dicatis
1089 1881 1211 1942 omnes,
1228 1862 1411 1925 etabsinta
1430 1862 1520 1925 vobis
1540 1862 1711 1926 schismata
1811 1846 1816 1867 '

40 1954 59 1991 '⁷'
155 1985 262 2028 meum
292 1965 492 2047 sangninem,
519 1963 552 2025 in
579 1982 631 2025 me
659 1971 766 2025 manet
790 1970 822 2025 et
847 1981 905 2044 ego
960 1970 992 2023 et
1019 1962 1168 2024 scandala
1193 1968 1318 2023 cuncta.
1344 1960 1430 2023 Nihil
1456 1980 1513 2043 per
1537 1960 1857 2033 contentio-ratumne

155 2065 187 2125 in
210 2064 276 2127 illo.
298 2064 355 2127 Per
374 2064 434 2126 hoc
453 2062 549 2125 etiam
569 2070 804 2125 sacramentum
824 2079 907 2124 com·
961 2078 1035 2121 nem
1050 2060 1218 2121 inanemvo
1234 2058 1368 2140 gloriam
1385 2057 1523 2136 faciatiS,
1541 2058 1595 2121 sed
1616 2076 1712 2119 unus-
1726 2042 1746 2081 ³·

155 2162 330 2225 municatio
371 2160 480 2241 gloriae
523 2160 709 2242 angelorum
751 2160 905 2241 signatur,
961 2157 1094 2239 quisque
1109 2176 1166 2239 per
1181 2164 1323 2219 sanctam
1339 2154 1549 2218 humilitatem
1564 2153 1713 2237 preferat

155 2280 255 2343 quum
284 2269 316 2322 et
338 2258 543 2322 Eucharistiae
572 2258 770 2340 participatio
800 2257 842 2319 sit
868 2256 907 2319 fi·
961 2254 1021 2317 sibi
1050 2255 1211 2338 proximos
1240 2274 1324 2319 suos.
1351 2253 1449 2317 Nemo
1474 2260 1585 2315 eontra
1613 2252 1712 2315 alium

155 2378 246 2439 gnra,
271 2358 397 2439 signum
420 2364 453 2419 et
476 2356 570 2419 arrha
593 2355 707 2417 futurae
732 2354 904 2432 fruitionis,
962 2352 1134 2434 concipiat,
1157 2360 1246 2433 geret
1270 2360 1323 2416 aut
1346 2360 1452 2415 teneat
1475 2349 1712 2431 displicentiam

154 2464 251 2536 atque
275 2474 332 2536 per
351 2455 422 2534 ejus
445 2453 593 2517 idoneam
619 2451 906 2535 frequentationem
962 2450 1211 2513 irrationabilem
1227 2458 1258 2512 et
1279 2450 1441 2531 injustam,
1463 2468 1522 2511 nee
1544 2449 1639 2512 homo
1658 2449 1714 2510 ho·
1727 2464 1868 2515 deleme

156 2553 249 2615 ruina
282 2560 446 2633 reperetur
473 2550 630 2632 angelica,
660 2558 692 2612 et
724 2550 793 2630 ipse
821 2568 907 2613 com·
962 2549 1041 2612 mini
1070 2556 1175 2610 servet
1200 2547 1290 2627 irem,
1313 2567 1354 2609 ne
1379 2546 1496 2609 lmstra
1521 2546 1581 2609 sibi
1607 2566 1625 2607 a
1649 2530 1746 2609 Dco³'

156 2648 326 2710 municans
349 2646 501 2728 angelice
522 2654 681 2709 mereatur
701 2646 907 2709 beatitudinis
962 2654 1081 2727 quierat
1107 2645 1263 2708 medelam
1289 2668 1296 2706 :
1319 2645 1382 2708 imo
1406 2652 1471 2708 tam
1492 2644 1590 2708 fortes
1612 2653 1644 2707 et
1665 2664 1714 2707 ro-

156 2746 333 2808 veritatem.
354 2744 486 2821 Rursus,
511 2763 568 2826 per
591 2752 825 2806 sacramentum
846 2746 907 2808 hoc
963 2744 1061 2808 horati
1077 2745 1109 2806 in
1125 2744 1253 2807 caritate
1269 2744 1444 2825 ceterisque
1458 2742 1628 2806 virtutibus
1643 2761 1713 2804 esse
1763 2809 1767 2815 ,

156 2844 279 2906 meritis
307 2842 582 2906 communicamus
611 2861 648 2905 ac
676 2842 816 2924 premiis
841 2861 908 2906 om·
962 2841 1097 2921 debetis,
1121 2849 1155 2903 ut
1181 2860 1263 2904 unus
1289 2860 1353 2904 non
1379 2841 1479 2922 possit
1503 2839 1643 2903 faciliter
1666 2837 1714 2901 of-

156 2942 247 3005 nium
275 2942 454 3021 Beatorum,
484 2939 539 3022 qui
569 2949 633 3002 tam
661 2938 693 3000 in
730 2940 780 3001 via
812 2958 907 3021 quam
962 2939 1063 3018 leudi,
1085 2938 1289 3002 scandalizari
1309 2946 1364 3001 aut
1383 2937 1559 3020 perturbari
1578 2938 1619 3001 ab
1638 2937 1712 3015 alio,

155 3040 187 3102 in
206 3041 323 3122 patria,
338 3039 475 3102 invicem
496 3037 556 3100 sibi
576 3036 814 3101 communicant
830 3037 944 3101 mul-G
963 3058 1022 3100 nee
1043 3037 1126 3100 mele
1153 3036 1307 3119 suspicari
1332 3038 1371 3099 de
1397 3036 1462 3101 illo.
1485 3036 1595 3100 Nonne
1620 3036 1714 3099 vehe-

157 3138 318 3201 tiformem
348 3136 481 3219 gratiam
511 3156 601 3198 suam
629 3144 661 3197 et
689 3135 821 3216 gloriam
851 3154 907 3215 ρον
963 3144 1087 3198 menter
1101 3142 1149 3197 est
1164 3135 1384 3197 detestandum
1398 3134 1483 3215 quod
1496 3134 1633 3196 ministri
1648 3141 1713 3196 tam

157 3236 297 3300 cecitatis
324 3236 507 3317 juncturam
541 3233 804 3317 spiritualemque
836 3234 907 3295 uni·
961 3232 1218 3297 excellentissimi
1244 3232 1433 3296 sacramenti
1458 3231 1562 3294 adhue
1587 3232 1631 3293 ita
1656 3250 1714 3312 pu-

40 3352 61 3392 ».
79 3366 121 3394 a„
156 3344 265 3415 tatem,
280 3335 370 3416 juxta
383 3335 467 3415 quod
482 3334 637 3415 scriptum
656 3340 706 3395 est
722 3356 729 3395 :
746 3332 906 3412 Particeps
962 3331 1038 3409 silli,
1054 3339 1119 3393 tam
1135 3330 1276 3412 fragiles
1295 3331 1391 3411 leves,
1409 3329 1547 3411 pueriles
1567 3337 1621 3391 aut
1641 3347 1713 3409 pas-

156 3454 215 3516 ego
237 3453 309 3496 sum
334 3432 476 3495 omnium
499 3431 678 3493 timentium
701 3439 731 3493 te
751 3438 783 3493 et
803 3438 906 3493 custo·
962 3428 1076 3491 sionati
1093 3428 1266 3491 exsistenti
1282 3428 1350 3490 Sint
1370 3447 1445 3509 ergo
1465 3426 1524 3489 viri
1545 3426 1711 3504 virtutum,

156 3533 314 3596 diontium
339 3531 487 3593 mandata
510 3538 574 3593 tua.
601 3530 728 3607 lterum,
751 3530 825 3611 quia
849 3548 906 3610 per
961 3526 1113 3609 discipuli
1134 3526 1306 3607 sapientie,
1324 3524 1569 3606 magisterioque
1588 3523 1710 3587 ooelcsti

155 3630 348 3694 sacramenti
370 3628 467 3711 hujus
488 3630 700 3709 sumptionem
716 3627 828 3691 fideles
849 3647 907 3709 per
961 3624 1145 3689 obedientes
1167 3642 1203 3685 ac
1226 3624 1296 3704 ejus
1320 3622 1456 3685 humiles
1477 3624 1658 3701 auditores;
1679 3630 1711 3685 et

156 3729 321 3791 caritatem
341 3728 529 3808 junguntur,
545 3734 577 3788 et
595 3724 667 3787 aliis
687 3724 808 3787 faciunt
822 3726 905 3806 quod
961 3724 1040 3785 tanti
1069 3722 1258 3784 sacramenti
1283 3739 1401 3799 amore,
1428 3728 1481 3782 aut
1509 3721 1620 3783 saltem
1646 3738 1710 3783 suae

155 3828 214 3889 sibi
241 3824 471 3888 rationabiliter
499 3823 570 3885 fieri
596 3823 728 3901 volunt;
751 3824 825 3885 hinc
849 3843 907 3905 per
962 3819 1175 3883 damnationis
1191 3819 1316 3898 timore,
1329 3818 1513 3899 indulgeant
1528 3826 1647 3897 mutuo,
1664 3826 1709 3879 at-

154 3924 363 3987 Euebaristite
387 3930 620 3985 sacramentum
646 3930 677 3984 et
700 3921 796 4002 hujus
821 3941 907 3983 sum·
961 3936 1023 3999 que
1038 3918 1205 3981 unanimes
1220 3936 1285 3980 uno
1300 3936 1354 3981 ore
1369 3914 1583 3979 honorificent
1596 3916 1706 3979 Deum.
1721 3932 1855 3981 meua.

154 4024 300 4105 ptionem
325 4027 570 4103 supportantes
593 4026 704 4081 mutuo
728 4018 904 4096 caritative,

154 4141 191 4184 ac
211 4120 397 4198 condolent,
413 4127 445 4181 et
465 4136 563 4199 opera
583 4116 710 4199 pietatis
732 4116 907 4198 corporalia

154 4227 186 4281 et
209 4215 391 4300 spiritualia
419 4214 553 4296 impleut
578 4237 585 4275 :
613 4214 677 4277 imo
706 4214 947 4295 passionibusl)
1162 4181 1408 4245 ARTICULUS
1432 4180 1506 4243 VH·

155 4314 398 4380 ⁰⁰¹⁰ffl¹¹¹¹f⁰³flt
432 4312 546 4375 Christi
583 4321 677 4393 at‘1¹¹0
706 4313 906 4391 S⁸fl⁰f⁰f¹¹¹¹¹r
962 4334 1010 4393 De
1026 4331 1211 4390 rationibus
1225 4332 1367 4389 aliorum
1384 4338 1528 4409 quatuor
1543 4332 1712 4391 nominum

155 4434 293 4497 quorum
315 4412 566 4496 persecutiones,
586 4410 790 4489 afflictiones,
811 4410 909 4472 mole-
1228 4421 1445 4479 Sace-amenti,

155 4514 235 4575 stias
260 4520 356 4594 atque
383 4510 518 4592 injurias
543 4508 685 4572 sentiunt
707 4510 798 4591 quasi
823 4528 906 4570 suas.

154 4612 195 4673 Se
220 4611 311 4692 ipsos
330 4611 459 4672 demum
482 4616 514 4670 et
538 4607 646 4670 omnia
670 4626 727 4669 sua
751 4607 836 4668 istud
862 4626 910 4669 se-
1004 4606 1151 4667 Veamas.
1169 4640 1209 4649 -
1223 4602 1351 4665 Constat
1365 4603 1421 4665 tibi
1436 4622 1475 4665 er
1494 4603 1711 4684 praeinductis,

156 4728 231 4771 cum
263 4706 527 4789 participantibus
555 4712 788 4768 sacramentum
824 4724 909 4767 com·
964 4724 1022 4766 cur
1035 4700 1234 4764 Eucharistiae
1248 4701 1424 4763 rectissime
1435 4701 1553 4763 donum
1570 4711 1712 4781 vocetur,

156 4808 336 4870 municant.
965 4800 1160 4866 beneficium
1189 4818 1315 4881 quoque
1351 4818 1489 4879 congrue
1524 4800 1712 4882 appelletur,

196 4906 369 4969 Sacranos.
393 4938 435 4949 —-
458 4902 503 4964 Ex
531 4902 601 4964 istis
625 4902 785 4984 perpendo
814 4920 909 4983 quam
965 4901 1039 4981 quia
1054 4919 1093 4961 ex
1109 4918 1188 4980 pura
1207 4898 1336 4960 caritate
1356 4916 1505 4978 mensque
1526 4897 1713 4961 liberalitate

156 5023 234 5066 vere
257 5002 382 5065 locutus
406 5000 447 5063 sit
468 5000 663 5081 Augustinus
685 5023 693 5061 ε
714 5000 772 5074 Qui
794 4999 910 5080 accipit
967 4999 1029 5061 mei
1044 4999 1083 5060 ad
1108 4996 1251 5060 homiues
1273 4995 1392 5058 contuli
1416 4996 1462 5057 eis
1483 5004 1547 5058 tam
1563 4995 1711 5059 eximium

158 5102 289 5182 signum
316 5099 454 5175 unitatis,
477 5106 509 5161 et
536 5116 602 5161 non
631 5106 718 5161 tenet
747 5097 910 5160 vinculum
966 5098 1098 5173 bonum,
1115 5114 1181 5157 non
1202 5113 1239 5157 en
1261 5092 1436 5175 indigentia
1455 5114 1535 5171 mea,
1557 5102 1611 5157 aut
1630 5114 1714 5158 com-

158 5199 262 5281 pacis,
277 5217 343 5262 uon
364 5196 478 5278 accipit
498 5196 685 5277 mysterium
708 5213 765 5276 pro
786 5216 831 5273 se,
855 5196 909 5257 sed
968 5194 1055 5257 modi
1071 5194 1134 5257 mei
1155 5192 1284 5272 intuitu,
1302 5194 1356 5254 sed
1380 5211 1436 5273 pro
1456 5191 1581 5255 illorum
1602 5194 1713 5274 salute,

158 5296 378 5362 testimonium
405 5302 516 5359 contra
544 5313 588 5358 se.
616 5294 655 5357 Et
678 5294 783 5358 denuo
808 5302 912 5377 prote·
968 5300 1125 5375 quatenus
1148 5312 1205 5375 per
1228 5292 1313 5355 dona
1334 5292 1393 5353 vie
1411 5310 1447 5353 ac
1472 5290 1630 5354 beneficia
1648 5311 1717 5375 gra-
