4309 6259
452 462 512 525 306
738 480 779 527 ΒΕ
800 480 949 529 PASSIONE
970 480 1080 528 DOllel
1101 480 1287 527 SALVATORIS
1307 480 1466 527 omtottos.
1490 498 1530 509 -·
1550 481 1619 529 aar.
1642 481 1717 527 xxvt

452 648 585 712 lentiam
605 648 869 732 nobilitatemque
891 657 1045 731 spectare,
1062 648 1131 731 ipse
1152 650 1314 728 estates,
1346 668 1380 713 se
1411 649 1551 713 invicem
1579 650 1731 713 intuendo
1760 668 1798 713 ac
1825 648 1986 732 diligendo,

452 756 485 810 et
506 747 539 809 in
561 748 630 828 ipso
652 756 709 810 est.
730 749 770 811 Et
788 756 907 830 quanto
928 748 962 810 in
981 748 1041 810 hac
1061 755 1202 810 contem·
1257 762 1459 808 communem
1475 746 1597 828 spirant
1612 764 1763 823 amorem,
1780 764 1896 809 nexum
1910 764 1988 809 oscu-

452 844 603 926 plationis
631 846 738 929 specie
766 846 868 928 magis
895 845 1084 924 excreveris,
1114 853 1201 908 tanto
1256 840 1385 923 lumque
1420 842 1584 905 amborum
1620 850 1652 905 et
1682 842 1988 925 supersuavissimum

453 943 619 1025 limpidius
633 945 821 1026 acutiusque
836 943 959 1007 videbis
973 962 1067 1025 quam
1084 944 1201 1007 incom·
1256 940 1437 1022 amplexum
1459 958 1581 1005 eorum.

453 1041 680 1123 prehensibilis
695 1043 736 1105 sit
757 1043 825 1125 ipse
846 1042 1019 1104 altissimus
1034 1041 1116 1103 Deus
1133 1065 1140 1103 ε
1157 1042 1201 1103 ita
1295 1038 1513 1120 Contemplarc
1534 1056 1714 1119 proposse,
1735 1038 1986 1119 quemadmodum

452 1140 536 1219 quod
566 1159 585 1200 a
611 1139 707 1221 plena
729 1139 1075 1221 comprehensibilitate
1099 1138 1199 1220 ipsius
1255 1134 1288 1196 iu
1316 1135 1376 1197 hac
1408 1135 1664 1217 superessentiali
1696 1143 1728 1197 et
1758 1134 1990 1217 superfelicissi-

451 1246 483 1299 et
510 1237 774 1319 comprehensiva
802 1238 971 1301 intuitione
995 1238 1066 1319 ejus
1094 1237 1197 1300 omnis
1255 1252 1307 1295 ma
1335 1240 1366 1294 et
1389 1232 1717 1314 superjucundissima
1742 1233 1895 1295 Trinitate
1918 1252 1989 1314 qua

450 1354 541 1398 meus
563 1344 678 1417 creata,
701 1336 796 1399 etiam
817 1336 995 1415 Raetorum,
1018 1334 1129 1398 delicit
1150 1336 1198 1397 in·
1255 1329 1333 1391 libet
1346 1330 1455 1391 divina
1477 1330 1616 1393 increata
1636 1350 1672 1394 ac
1693 1330 1851 1393 adoranda
1865 1330 1988 1394 Persona

449 1432 553 1497 finite.
584 1433 635 1496 Sic
671 1434 790 1497 uniaris
824 1433 854 1496 ci
885 1441 1037 1514 tanquam
1068 1451 1197 1515 prorsus
1255 1446 1288 1490 so
1309 1428 1409 1510 ipsam
1429 1436 1461 1491 et
1479 1427 1556 1490 alias
1575 1428 1686 1491 ambas
1705 1428 1880 1492 clarissime
1899 1430 1989 1491 iutue

449 1531 569 1613 ignoto,
586 1532 744 1614 loquendo
765 1532 805 1595 de
819 1532 880 1595 iste
900 1532 1197 1614 incomprehensiva
1254 1534 1315 1605 tur,
1337 1533 1368 1588 ct
1389 1525 1517 1590 infinito
1539 1526 1720 1590 dilectionis
1742 1527 1852 1590 ardore
1874 1547 1929 1590 seu
1949 1528 1989 1589 iu-

448 1629 561 1692 notitia
579 1648 643 1711 qua
663 1650 713 1693 res
733 1638 796 1692 tam
815 1630 956 1711 perfecte
975 1648 1012 1692 ac
1031 1628 1124 1710 plene
1146 1648 1198 1690 co·
1253 1624 1375 1687 teusive
1404 1623 1534 1687 infinito
1561 1624 1723 1688 essentiali
1751 1642 1858 1688 amore
1882 1624 1987 1706 diligit.

447 1727 613 1807 gnoscitur
642 1728 725 1790 sicut
751 1747 789 1790 ex
817 1746 874 1789 sua
899 1726 1197 1806 comprehensibilis
1253 1722 1342 1785 Pater
1371 1740 1446 1785 vero
1473 1730 1505 1785 et
1531 1721 1630 1786 Filius
1658 1724 1754 1786 etiam
1779 1723 1932 1787 uotiouali
1957 1743 1988 1786 ac

448 1833 497 1886 est
515 1831 639 1906 natura,
657 1825 701 1888 ita
722 1826 806 1907 quod
828 1824 918 1905 quasi
940 1824 1023 1886 inter
1043 1824 1196 1887 terminos
1214 1826 1238 1889 Β
1254 1820 1412 1901 personali
1427 1838 1545 1899 amore,
1562 1821 1617 1901 qui
1639 1828 1687 1883 est
1701 1822 1836 1903 Spiritus
1852 1821 1988 1898 Sanetus,

448 1924 634 2004 capacitatis
662 1932 693 1986 et
728 1923 921 2005 cognitionis
952 1922 1052 2004 ipsius
1081 1941 1196 2003 cogno
1253 1938 1286 1981 se
1310 1918 1449 2000 diligunt
1469 1926 1590 1982 mutuo.
1608 1919 1675 1981 Jam
1696 1919 1760 1997 hic,
1782 1920 1809 1981 si
1829 1928 1930 2001 potes,
1949 1939 1991 1981 re

448 2021 566 2083 scentis
577 2022 757 2085 continetur
768 2030 861 2102 atque
872 2019 1080 2083 concluditur.
1088 2019 1198 2094 Quem·
1252 2025 1397 2080 verenter
1411 2037 1448 2081 ac
1467 2017 1613 2095 dulciter,
1631 2036 1776 2081 amorosa
1791 2027 1821 2081 et
1841 2018 1987 2094 hilariter,

448 2119 616 2183 admodum
632 2128 719 2181 stans
733 2120 773 2180 ad
789 2119 890 2201 ripam
905 2118 1032 2196 Oceani,
1040 2118 1197 2199 conspicit
1252 2116 1417 2179 sinceriter
1431 2125 1462 2179 et
1476 2116 1640 2179 humiliter
1658 2117 1874 2201 contemplare
1890 2136 1990 2199 quem-

448 2217 564 2280 Oceaui
594 2217 816 2296 substantiam,
844 2224 951 2297 utpote
978 2234 1104 2297 aquam,
1131 2235 1194 2279 non
1250 2216 1421 2277 admodum
1456 2215 1545 2277 Pater
1579 2222 1716 2277 aeternus
1755 2234 1828 2277 cum
1868 2215 1990 2278 infinita

448 2323 555 2377 tamen
577 2316 821 2397 longitudinem,
838 2314 1036 2376 latitudinem
1055 2322 1111 2376 aut
1124 2334 1196 2397 pro
1250 2312 1492 2395 complacentia,
1523 2312 1744 2392 delectatione,
1774 2312 1895 2391 latitia,
1925 2314 1990 2376 Uni-

446 2412 636 2476 funditatem
664 2414 779 2476 Oceani
804 2420 907 2495 potest
932 2411 1002 2474 visu
1026 2411 1191 2494 attingere,
1248 2412 1391 2493 genitum
1412 2430 1505 2473 suum
1528 2412 1874 2493 superpulcherrimum
1897 2412 1991 2475 intua

446 2512 501 2573 sed
517 2511 578 2574 hoc
592 2520 640 2573 est
655 2512 684 2573 ei
699 2512 859 2574 Oceanum
874 2510 1003 2591 intueri,
1020 2529 1084 2574 non
1100 2528 1193 2593 posse
1248 2517 1319 2571 atur
1338 2517 1369 2571 et
1388 2508 1713 2592 superardentissimae
1738 2510 1921 2573 dilectionis
1943 2530 1990 2573 ve

444 2607 551 2689 ipsum
576 2609 646 2672 visu
667 2608 773 2671 metiri
787 2632 795 2686 ;
810 2627 904 2691 porro
920 2609 1007 2671 visus
1023 2609 1193 2671 caecutiens
1248 2608 1409 2670 hamentia
1424 2607 1652 2689 complectatur
1665 2610 1832 2687 eumdem;
1848 2610 1991 2672 similiter

444 2725 504 2769 uec
519 2707 622 2789 ipsam
636 2726 751 2790 aquam
766 2707 881 2770 Oceam
900 2714 1005 2789 potest
1019 2708 1104 2770 clare
1119 2726 1193 2770 con·
1247 2706 1345 2768 Filius
1360 2706 1493 2786 Patrem,
1509 2707 1599 2769 Pater
1619 2726 1745 2789 quoque
1766 2716 1798 2771 et
1813 2708 1914 2772 Filius
1928 2710 1991 2791 Spi-

444 2805 737 2887 spicere:sicBeati
752 2804 786 2867 in
800 2806 902 2887 patria
917 2806 1192 2887 cernuntquidem
1248 2804 1343 2866 ritum
1372 2804 1534 2886 Sanctum,
1561 2813 1593 2868 et
1617 2805 1755 2888 Spiritus
1783 2806 1919 2869 Sanctus
1942 2807 1992 2870 Pa-

443 2902 574 2965 Deitatis
598 2904 769 2967 essentiam
792 2905 890 2983 (unde
914 2912 947 2966 et
969 2904 1190 2986 aliquomodo
1247 2911 1327 2965 trem
1362 2910 1394 2965 et
1428 2902 1553 2965 Filium.
1583 2904 1664 2967 Ecce
1698 2904 1748 2968 hae
1782 2914 1991 2987 supersancta

442 3003 725 3083 comprehensores
739 3004 990 3082 vocantur),nou
1003 3010 1106 3065 tamen
1119 3022 1192 3085 que·
1211 3005 1232 3068 G
1248 3010 1278 3063 et
1294 3000 1566 3064 reverendissimae
1580 3002 1725 3066 Persona
1744 3023 1818 3066 cum
1833 3004 1992 3087 voluptate

443 3106 502 3159 unt
515 3099 618 3180 ipsius
629 3108 794 3181 penetrare
805 3100 1075 3179 infinitatem,nec
1088 3102 1190 3182 ipsam
1247 3100 1373 3181 penitus
1397 3098 1526 3161 infinita
1550 3099 1700 3163 fruuntur
1724 3120 1757 3163 se
1785 3102 1939 3181 invicem,
1963 3110 1992 3165 et

443 3195 621 3277 intelligere
645 3205 710 3259 tam
732 3197 872 3279 perfecte
898 3197 980 3260 sicut
1000 3218 1038 3260 ex
1059 3218 1116 3261 sua
1136 3219 1192 3262 ua·
1246 3215 1320 3259 cum
1335 3196 1463 3259 infinita
1482 3197 1692 3279 gratulatione
1713 3218 1746 3262 se
1767 3200 1909 3263 invicem
1923 3220 1994 3264 eon-

442 3300 513 3355 tura
547 3293 760 3376 intelligibilis
795 3302 916 3374 exstat3
946 3296 1083 3359 viatores
1113 3316 1189 3361 vero
1246 3295 1566 3377 temptantur,amant
1580 3297 1886 3379 etamplexantur.0
1901 3318 1991 3381 quam

441 3391 572 3454 Deitatis
586 3394 757 3456 essentiam
772 3394 806 3455 in
821 3412 856 3455 se
870 3394 939 3476 ipsa
953 3393 987 3456 iu
1001 3394 1063 3459 hoc
1078 3396 1189 3459 exsilio
1245 3392 1469 3476 superinfinita
1491 3394 1593 3457 dulcis
1615 3403 1663 3457 cst
1684 3397 1929 3479 complacentia,
1950 3398 1994 3459 in·

441 3498 604 3571 nequeunt
624 3492 780 3555 contueri.
1244 3491 1336 3554 tuitio
1351 3511 1387 3555 ac
1402 3492 1531 3555 dilectio
1545 3492 1616 3555 illat
1628 3493 1708 3556 Huic
1723 3495 1993 3577 superbenedicta

479 3590 612 3671 losupcr
630 3609 667 3652 ex
685 3590 746 3654 hac
768 3589 1015 3672 simplicissimae
1034 3600 1066 3654 et
1083 3602 1190 3655 actua·
1245 3589 1405 3652 Trinitatis
1420 3589 1565 3653 felicitati
1585 3610 1622 3653 ae
1641 3592 1750 3673 gloria
1771 3611 1884 3656 omues
1909 3595 1994 3657 eires

439 3687 570 3750 lissima
584 3688 714 3750 Deitatis
729 3689 1009 3770 contemplatione,
1025 3691 1065 3752 ed
1081 3709 1189 3771 super·
1245 3688 1373 3768 superni
1397 3707 1471 3750 cum
1496 3708 1620 3751 summa
1643 3698 1676 3751 ct
1699 3690 1919 3754 inestimabili
1949 3712 1993 3754 re-

439 3784 677 3865 gloriosissimae
703 3785 864 3848 Trinitatis
886 3788 1188 3869 contemplationem
1244 3786 1387 3848 verentia
1401 3786 1490 3867 quasi
1506 3786 1630 3849 attoniti
1646 3789 1781 3868 adstant,
1793 3788 1910 3853 intime
1925 3810 1995 3853 con·

440 3889 471 3943 te
485 3882 571 3964 erige
593 3891 624 3945 ct
645 3883 835 3947 conscende.
852 3884 986 3947 Attende
1000 3886 1085 3967 quod
1107 3886 1190 3949 sicut
1243 3884 1442 3965 gratulantur
1455 3904 1492 3947 ac
1505 3883 1756 3967 profundissime
1772 3886 1992 3951 inclinantur:

440 3980 522 4041 Deus
548 3988 596 4043 cst
620 3980 746 4044 bonitas
771 4001 850 4062 pura
874 3991 907 4044 et
927 3981 1066 4064 infinita,
1088 3983 1130 4047 ita
1155 3985 1188 4046 in
1245 3981 1353 4063 sicque
1378 3981 1564 4045 felicitatem
1590 3982 1678 4046 illam
1699 3992 1731 4047 et
1750 3985 1887 4066 gloriam
1912 3987 1995 4049 clare

440 4076 511 4158 ipso
525 4086 574 4140 est
587 4077 766 4141 fecunditas
787 4098 916 4160 prorsus
931 4079 1088 4144 immensa
1105 4104 1111 4142 :
1129 4082 1189 4145 sic·
1244 4099 1281 4142 ac
1306 4079 1463 4143 lacialiter
1486 4082 1651 4160 intuenda,
1676 4084 1925 4147 astuantissime
1950 4085 1996 4146 di-

440 4192 502 4255 que
525 4176 607 4238 Deus
633 4195 666 4237 se
687 4177 793 4258 ipsum
814 4177 907 4258 plene
928 4185 961 4240 et
980 4180 1188 4261 comprehen-
1203 4180 1229 4241 D
1244 4180 1372 4261 ligendc
1386 4188 1480 4261 atque
1494 4180 1679 4244 dulcissime
1693 4182 1906 4265 degustando,
1923 4204 1997 4249 con·

440 4273 509 4335 sive
532 4280 563 4335 et
586 4272 718 4337 omnino
742 4273 882 4355 perfecte
910 4274 1129 4359 intelligendo,
1155 4279 1186 4341 id
1243 4286 1343 4341 sortes
1364 4278 1434 4358 ejus
1456 4279 1640 4342 redduntur.

438 4372 524 4453 quod
538 4372 577 4434 de
599 4390 633 4434 se
654 4372 896 4454 comprehendit
915 4382 1009 4454 atque
1025 4374 1184 4457 intelligit,
1280 4376 1433 4440 Praeterea
1458 4377 1581 4441 intuere
1606 4381 1764 4461 quomodo
1789 4382 1823 4445 in
1848 4385 1998 4466 superdi-

437 4469 504 4531 hoc*
520 4468 604 4532 intre
624 4488 658 4531 se
680 4470 871 4532 eternaliter
892 4470 1186 4554 invariabiliterque
1240 4474 1394 4557 guissima
1409 4475 1560 4539 Trinitatc
1582 4477 1624 4540 sit
1644 4480 1748 4542 omnis
1768 4499 1805 4544 ac
1825 4481 1998 4563 perfectis-

435 4566 557 4648 profert
580 4574 611 4629 ct
635 4568 794 4648 exprimit,
815 4587 852 4630 ao
877 4568 927 4630 sui
950 4567 1051 4649 ipsius
1073 4588 1185 4634 conce-
1240 4574 1322 4635 sima
1345 4572 1425 4637 ratio
1449 4582 1566 4637 mutuae
1590 4575 1771 4640 dilectionis
1796 4588 1829 4641 et
1849 4582 1997 4663 compla-

434 4673 524 4746 ptum
553 4683 590 4727 ac
618 4664 751 4727 verbum
779 4666 819 4727 ad
844 4666 928 4728 intra
950 4666 1053 4747 gignit
1078 4687 1114 4730 ac
1140 4669 1185 4733 lo-
1239 4671 1351 4735 ceutiae
1380 4681 1505 4735 sancta.
1536 4674 1685 4738 Rationes
1712 4676 1832 4759 quippe
1859 4680 1996 4743 amandi

434 4762 552 4844 quitur,
583 4771 615 4825 et
643 4763 704 4826 hoc
739 4764 873 4826 verbum
901 4772 950 4826 est
977 4765 1119 4845 perfecta
1146 4788 1182 4832 ac
1238 4770 1334 4831 alium
1356 4779 1429 4834 suut
1454 4771 1579 4835 bonitas
1601 4781 1633 4836 et
1658 4774 1824 4857 perfactio,
1846 4796 1999 4843 commu-

433 4860 589 4923 neturalis
614 4860 719 4943 imago
740 4861 796 4923 Dei
821 4862 921 4925 Patris
944 4871 977 4925 ct
998 4863 1181 4946 unigenitus
1237 4868 1366 4948 nicetio,
1383 4870 1614 4952 propinquitas,
1632 4871 1820 4954 similitudo,
1833 4877 1997 4959 cognitio,

432 4958 532 5021 Pilius
546 4957 629 5040 ejus,
640 4959 674 5021 in
690 4978 753 5040 quo
768 4960 923 5042 quidquid
937 4961 1036 5024 Patris
1051 4971 1110 5044 est,
1119 4964 1183 5045 ple·
1237 4966 1450 5030 beneficentia
1475 4975 1506 5030 et
1526 4986 1615 5031 amor
1634 4970 1729 5032 amati
1750 4972 1788 5033 ad
1813 4986 1996 5039 amantem.

431 5050 564 5120 nissime
586 5057 741 5139 splendet.
762 5058 853 5120 Pater
872 5077 998 5141 quoquc
1018 5069 1050 5122 et
1067 5060 1178 5143 Pilius,
1236 5063 1400 5145 Quumque
1415 5073 1478 5127 tras
1498 5065 1665 5130 adorandae
1685 5068 1828 5134 Persona
1849 5071 1924 5136 sint
1944 5094 2000 5158 pe-

432 5174 530 5237 quum
545 5155 641 5218 unius
662 5164 694 5219 at
714 5154 859 5236 ejusdem
880 5156 944 5217 sint
958 5157 1131 5221 voluntatis
1150 5167 1181 5223 at
1236 5162 1323 5224 nitus
1345 5165 1531 5245 coaequales,
1548 5174 1673 5228 constat
1689 5168 1774 5248 quod
1794 5168 1829 5231 in
1843 5174 1999 5252 qualibet

433 5252 494 5317 sibi
516 5252 655 5321 invicem
681 5252 745 5315 sint
769 5253 955 5335 plenissime
980 5257 1180 5339 complacen-
1238 5280 1347 5324 earum
1380 5262 1420 5324 sit
1454 5262 1589 5345 bonitas,
1620 5266 1782 5346 sanctitas,
1814 5270 1997 5357 sapientia,
