4309 6259
491 1077 765 1199 INDEX
825 1072 1378 1197 ANALYTICUS

518 1659 555 1733 Α

160 1840 365 1897 4443471884
387 1842 509 1911 possunt
534 1841 564 1895 et
590 1839 697 1895 debent
723 1836 754 1893 in
783 1836 909 1909 capitulo

196 1930 320 1987 verbum
340 1928 390 1985 Dei
408 1944 578 2001 proponere,
592 1928 646 1984 sub
664 1926 823 1983 directione
837 1942 910 1997 4444-

197 2018 336 2082 latorum,
359 2016 449 2074 4444.
474 2046 509 2059 -
534 2016 675 2081 Quoenam
703 2015 745 2073 eis
772 2015 912 2071 debeatur

199 2106 375 2169 obedientia,
389 2104 487 2162 utu.

160 2195 254 2253 44444,
277 2194 442 2268 patriarcba
463 2193 625 2251 oblationes
646 2193 779 2255 oderem,
801 2191 911 2248 sacriti-

199 2284 280 2343 eium
294 2284 388 2341 4444444
406 2284 611 2356 praesignabat,
626 2281 729 2347 3903’,
743 2285 805 2339 444
822 2280 911 2337 tratre

198 2373 321 2438 occisus,
346 2373 440 2445 ligura
465 2370 522 2429 init
548 2370 662 2434 Christi,
691 2386 779 2442 quem
806 2368 913 2426 occidit

199 2465 362 2535 synogoga,
378 2462 471 2517 3724.
486 2460 592 2517 -Cur
611 2460 640 2515 in
659 2460 774 2517 644444
794 2461 913 2516 vocetur

199 2569 274 2625 puer
289 2556 317 2608 et
326 2552 434 2624 444444,
450 2550 550 2606 3744.

160 2640 325 2697 natatio.
343 2640 416 2696 Vide
429 2639 560 2711 Negatio.

159 2729 333 2786 4444444444
361 2731 444 2802 pater
464 2727 599 2784 omnium
627 2725 808 2783 credentium
836 2730 912 2784 reete

199 2818 317 2880 dicitur,
332 2818 441 2883 3744’;
455 2820 659 2874 verumtamen
680 2831 737 2871 non
755 2815 845 2872 semel
860 2816 913 2873 du-

200 2909 307 2965 bitasse
320 2907 444 2969 videtur,
459 2906 560 2969 443444,
575 2908 605 2963 44
618 2905 675 2961 444
693 2904 779 2976 longe
794 2902 914 2960 interior

198 3000 245 3054 est
262 2997 294 3052 B.
309 2995 431 3070 Virgini,
446 2995 544 3051 betc‘.
562 3026 592 3036 -
614 2994 688 3061 Quia
706 2994 842 3050 sacerdos
860 2992 914 3049 4444

199 3090 228 3143 44
246 3086 340 3158 ligura
358 3085 408 3143 Dei
427 3084 529 3149 Patris,
545 3084 634 3149 37244,
649 3082 680 3138 44
699 3082 815 3139 canone
833 3081 913 3139 invo-

201 3179 294 3240 catur,
309 3174 412 3239 3744’,
429 3174 470 3230 b'.

159 3264 391 3321 ABSTINENTIA
410 3262 478 3320 terit
495 3261 593 3319 caruis
615 3261 793 3333 superbiam,
814 3262 863 3316 424
873 3260 912 3326 B’,

199 3356 228 3410 et
251 3353 288 3410 ad
311 3352 457 3409 orandum
480 3351 613 3408 enimam
640 3349 779 3423 disponit,
805 3350 912 3417 4244)’;

198 3441 300 3498 sedin
323 3440 428 3497 merito
451 3440 527 3498 cedit
548 3438 730 3505 obedientiae,
752 3438 855 3495 44644.
878 3468 914 3480 -

199 3531 259 3587 Etsi
292 3547 311 3588 4
337 3529 497 3587 defectibus
530 3528 738 3586 communibus
767 3527 816 3584 rix
848 3528 915 3600 quis

199 3620 347 3676 abstinere
361 3620 460 3691 possit,
475 3618 572 3684 tutc’,
588 3635 606 3675 a
624 3618 797 3675 mortalibus
814 3620 913 3674 tamen

199 3713 228 3766 et
240 3707 404 3766 venialibus
421 3708 587 3765 abstinendi
604 3707 783 3765 voluntatem
799 3723 915 3779 semper

199 3800 308 3855 habere
322 3798 416 3863 debet,
431 3797 532 3854 43444.
547 3828 580 3839 -
596 3797 642 3869 Cf.
657 3796 815 3869 lejuninm.

161 3888 334 3945 dCClliliNS
352 3888 389 3944 ab
407 3886 620 3960 omnipotentia
642 3886 741 3943 divina
759 3884 819 3941 rim
838 3885 914 3941 acci·

199 3993 268 4049 pere
299 3979 393 4049 potest
420 3992 479 4048 qua
504 3975 641 4031 accidens
672 3974 710 4030 sit
735 3977 764 4032 et
790 3974 821 4031 in
852 3990 914 4031 4444

199 4068 381 4140 permaneat,
400 4066 516 4131 4334)’;
537 4066 615 4121 4444
639 4064 671 4121 44
699 4069 730 4121 44
752 4065 915 4122 4444444444

199 4157 285 4230 panis
303 4157 332 4212 et
354 4155 414 4211 vini
434 4155 465 4211 in
484 4156 682 4220 Sacramento,
698 4156 914 4212 transsubstan-

198 4246 279 4303 tiatis
301 4244 482 4309 substantiis,
507 4247 707 4316 permaneant,
727 4245 755 4300 et
781 4243 915 4316 proprias

198 4336 329 4393 actiones
343 4351 377 4390 ac
396 4333 545 4406 passiones
559 4332 712 4397 retineant,
723 4334 774 4389 364
784 4334 824 4396 B',
836 4335 915 4405 quod

199 4424 396 4483 admiratione
406 4423 511 4496 444444
521 4440 580 4480 non
590 4423 784 4487 caretltldll'.
792 4423 917 4495 04844)-

200 4515 318 4571 stantia.

163 4604 293 4662 acuum
315 4603 495 4660 sacerdotem
515 4618 632 4659 summe
654 4603 782 4667 dedecet,
802 4603 913 4670 4024’;

200 4693 387 4751 Psalmorum
402 4693 491 4748 cantu
504 4689 631 4764 fugatur,
643 4691 742 4748 toon‘.
756 4693 801 4765 Cf.
814 4694 914 4765 Tepor.

165 4784 279 4841 40740.
298 4782 342 4838 ild
365 4783 513 4854 agendum
537 4779 662 4853 44444444
684 4782 740 4837 tria
762 4782 916 4855 requirun-

201 4878 252 4931 tur
267 4888 274 4927 :
289 4869 411 4928 scientia
424 4885 482 4926 noo
498 4870 694 4935 obtenebrata,
708 4870 842 4928 voluntas
856 4887 914 4928 non

202 4960 355 5024 invidiosa,
369 4958 499 5032 potentia
517 4975 576 5015 non
597 4958 747 5030 impedita,
761 4960 812 5016 604
824 4960 865 5016 4’.
882 4992 914 5002 -

202 5054 298 5109 Omne
311 5064 402 5121 agens
419 5048 457 5104 ab
476 5046 576 5120 aliquo
593 5048 708 5105 orditur
725 5052 755 5105 44
771 5050 802 5105 io
816 5049 915 5121 aliquo

201 5138 335 5215 quiescit,
358 5139 451 5202 4024,
474 5140 504 5193 44
522 5153 558 5194 ex
585 5138 725 5195 distantia
751 5138 870 5195 termini
897 5156 916 5195 4

201 5244 261 5301 quo
274 5229 313 5284 sd
326 5225 488 5284 terminum
505 5227 545 5283 ad
562 5242 661 5299 quem,
676 5226 836 5285 attenditur
853 5227 916 5300 ejus

202 5316 304 5383 rirtus,
317 5317 400 5373 4024
410 5334 418 5384 ;
434 5316 666 5389 unumquodque
684 5313 773 5373 etiam
792 5315 823 5373 ln
841 5315 916 5375 illud

997 1655 1201 1713 4444444444τί
1226 1656 1333 1714 dieitur
1356 1657 1439 1730 cujus
1458 1656 1608 1729 potissime
1626 1655 1715 1714 actio·

1000 1762 1051 1802 nes
1065 1743 1207 1808 imitetur,
1222 1746 1315 1801 2954).
1326 1777 1359 1787 -
1374 1746 1499 1803 4444444
1515 1745 1713 1802 humanorum

1001 1834 1108 1905 duplex
1123 1837 1166 1890 444
1180 1834 1368 1907 principium,
1382 1835 1491 1899 anima,
1507 1851 1524 1891 4
1543 1852 1601 1907 qua
1615 1833 1715 1891 oriun-

999 1927 1048 1979 tur
1065 1926 1149 1979 actue
1165 1923 1322 1987 naturales,
1342 1924 1396 1979 332
1403 1923 1441 1989 C',
1457 1927 1485 1980 et
1504 1922 1605 1997 gratia,
1621 1940 1638 1979 4
1657 1938 1715 1995 qua

1000 2014 1164 2084 procedunt
1185 2014 1267 2069 actus
1286 2011 1438 2075 meritorii,
1453 2012 1507 2069 332
1514 2012 1563 2078 Ι)’;
1579 2011 1717 2070 similiter

1001 2100 1109 2173 duplex
1119 2103 1164 2157 444
1172 2100 1381 2173 regula,altera
1390 2100 1539 2165 naturalis,
1547 2117 1610 2173 qum
1620 2104 1664 2158 est
1673 2117 1717 2158 ra-

998 2190 1050 2255 tio,
1059 2188 1151 2247 altera
1165 2190 1404 2262 supernaturalis,
1416 2205 1481 2262 que
1495 2193 1538 2247 est
1547 2189 1593 2247 lex
1606 2188 1714 2254 divina,

1000 2279 1092 2337 2000.
1120 2281 1268 2338 Bonorum
1297 2279 1445 2337 actionum
1474 2294 1562 2336 44444
1589 2279 1717 2337 efficiens

1003 2370 1100 2441 prima
1121 2372 1166 2426 est
1189 2371 1272 2433 Dens,
1290 2368 1389 2433 4744’,
1406 2368 1456 2440 qui
1475 2368 1554 2425 44444
1578 2367 1718 2425 informat

1001 2462 1084 2515 44444
1103 2462 1246 2523 strenuos,
1267 2458 1341 2515 dans
1359 2456 1445 2514 nobis
1462 2460 1492 2515 et
1509 2458 1581 2515 velle
1604 2461 1633 2515 44
1655 2474 1717 2529 per·

1003 2548 1097 2613 licere,
1107 2548 1196 2607 4474,
1208 2563 1296 2603 eausa
1312 2544 1443 2603 iormslis
1456 2550 1500 2604 444
1514 2546 1617 2619 gratia,
1628 2562 1717 2605 44444

1002 2634 1237 2692 instrumentalis
1268 2636 1410 2699 ereatura,
1440 2635 1488 2691 474
1504 2634 1545 2691 4“.
1574 2634 1717 2701 Quaelibet

1002 2724 1078 2781 aetio
1096 2723 1226 2781 virtuosa
1246 2726 1373 2781 mentem
1393 2723 1532 2796 plenioris
1553 2724 1654 2797 gratiae
1668 2740 1718 2781 ea·

1004 2813 1430 2886 paoemetlicit,tlt01l’;eed
1453 2817 1535 2870 44444
1558 2812 1609 2885 qui
1632 2813 1663 2869 in
1686 2830 1716 2872 44

1003 2904 1097 2959 bonus
1111 2904 1162 2966 444,
1179 2918 1230 2973 444
1241 2901 1376 2959 accidens
1388 2901 1510 2958 vitiosus
1523 2902 1597 2959 44444
1612 2904 1716 2975 potest,

1002 2994 1073 3049 dum
1099 3007 1117 3046 a
1140 2990 1253 3049 meliori
1272 2994 1340 3048 4444
1361 2991 1394 3046 44
1412 2990 1607 3063 impeditivus,
1625 2992 1715 3048 4874.

1002 3111 1039 3122 -
1056 3079 1156 3137 delire
1173 3079 1242 3143 vita,
1263 3080 1358 3153 quoad
1377 3080 1521 3137 rationem
1542 3080 1717 3153 dirigentem

1003 3169 1153 3242 perficitur
1166 3186 1218 3242 per
1227 3170 1303 3225 dona
1314 3167 1429 3225 consilii
1443 3169 1716 3237 etscientiae,2tltlll,

1003 3260 1101 3332 quoad
1119 3260 1255 3316 allectum
1275 3262 1491 3331 exsequentem,
1512 3276 1564 3332 per
1584 3259 1661 3317 dona
1682 3259 1719 3315 ti·

1004 3349 1095 3405 moris
1117 3351 1147 3405 et
1168 3346 1358 3412 fortitudinis,
1386 3349 1474 3414 25044,
1499 3350 1595 3420 quoad
1618 3349 1717 3415 fldem,

1004 3455 1056 3511 per
1074 3438 1152 3493 doua
1171 3437 1300 3494 44444444
1323 3441 1351 3494 44
1374 3437 1498 3510 pictatis,
1514 3438 1568 3495 260
1576 3440 1606 3503 B,
1621 3440 1718 3510 quoad

1004 3543 1122 3585 morum
1146 3525 1363 3599 perlectionem,
1384 3543 1435 3598 per
1457 3528 1535 3585 dona
1558 3526 1719 3585 4444444444

1005 3615 1194 3679 tortitudinis,
1209 3616 1263 3688 260
1271 3616 1301 3671 Β.
1319 3647 1351 3657 -
1367 3616 1413 3689 Cf.
1430 3616 1531 3688 Opera,
1548 3616 1621 3672 Vita.

969 3705 1077 3761 AGl'US
1105 3706 1149 3761 444
1175 3704 1238 3775 ipsa
1265 3703 1393 3777 operatio
1416 3706 1446 3761 44
1468 3721 1538 3761 usus
1556 3704 1608 3771 rei,
1629 3706 1717 3772 46644,

1005 3795 1083 3851 unde
1111 3793 1264 3851 actualiter
1284 3792 1372 3849 alicui
1395 3793 1489 3850 inesse
1513 3809 1546 3850 ea
1570 3793 1718 3857 dicuntur,

1006 3899 1131 3955 quorum
1147 3882 1329 3956 operationes
1343 3886 1466 3946 exercet,
1483 3883 1571 3940 46644.
1583 3914 1616 3925 -
1632 3886 1719 3940 44444

1004 3974 1160 4036 secundus,
1176 3975 1209 4029 ut
1227 3976 1270 4031 444
1288 3988 1382 4046 agere,
1398 3971 1597 4045 praesupponit
1619 3975 1718 4030 actum

1005 4062 1147 4135 primum,
1162 4060 1213 4135 qui
1234 4065 1277 4119 444
1294 4078 1365 4127 4444,
1381 4062 1413 4117 24
1423 4061 1464 4127 B',
1480 4062 1557 4117 unde
1575 4062 1613 4118 ad
1631 4078 1719 4135 agen·

1005 4154 1076 4209 dum
1107 4151 1279 4209 naturaiiter
1304 4150 1464 4223 requiritur
1489 4168 1551 4209 esse
1575 4152 1717 4218 44444444,

1005 4242 1043 4297 ad
1058 4243 1207 4314 agendum
1224 4240 1380 4305 meritorie,
1390 4256 1450 4297 4444
1464 4240 1624 4312 spirituale,
1632 4242 1717 4298 tltC.

1004 4362 1040 4372 -
1063 4334 1152 4387 44444
1184 4330 1345 4387 activorum
1379 4329 1409 4386 in
1442 4330 1620 4403 patientibus
1650 4332 1721 4389 reei-

1005 4420 1128 4493 piuntur
1155 4419 1311 4492 dispositis,
1340 4419 1432 4484 2094,
1455 4420 1554 4476 26944.
1582 4452 1619 4463 -
1645 4424 1720 4488 044-

1006 4511 1094 4566 modo
1109 4509 1224 4566 dicatur
1237 4508 1312 4565 [leus
1326 4511 1407 4565 actus
1422 4511 1718 4580 numennumen.

1005 4628 1041 4642 -
1055 4598 1101 4670 Cf.
1119 4598 1248 4655 Habitus.

970 4689 1171 4745 4444144440.
1192 4687 1273 4743 84444
1295 4685 1452 4743 admiratio
1475 4688 1569 4760 major
1591 4689 1720 4747 excludit

1006 4778 1161 4839 minorem,
1175 4778 1266 4838 3984,
1281 4776 1323 4833 444
1343 4776 1524 4834 mirabilium
1544 4780 1716 4847 multorum,

1005 4868 1029 4923 44
1052 4883 1121 4923 cum
1143 4866 1204 4923 suis
1228 4866 1388 4924 rationibus
1410 4866 1605 4933 conterantur,
1626 4874 1719 4927 cessat

1005 4974 1040 5014 ex
1057 4971 1165 5028 magna
1179 4960 1260 5027 parte
1275 4955 1401 5015 miralio.
1417 4956 1468 5011 434
1477 4956 1516 5012 C'.
1526 4988 1563 4998 -
1576 4957 1718 5015 Mirabilis

1006 5044 1100 5101 multa
1127 5043 1158 5100 in
1187 5048 1293 5101 natura
1318 5044 1434 5101 assidue
1459 5044 1542 5110 liunt,
1570 5045 1661 5111 4334),
1686 5046 1716 5102 44

1005 5132 1442 5205 Synagogolactasunt,i601i,
1458 5137 1487 5191 44
1501 5134 1629 5206 quotidie
1644 5135 1719 5192 liunt

1006 5224 1037 5279 in
1055 5222 1193 5287 44444444,
1212 5224 1265 5279 460
1274 5223 1305 5285 l),
1321 5222 1450 5279 maxime
1469 5222 1500 5279 in
1518 5225 1716 5291 sacramento,

1005 5313 1083 5371 circa
1111 5328 1217 5386 eorpus
1242 5311 1359 5380 Christi,
1380 5312 1474 5389 4324,
1503 5313 1598 5381 4334,
1621 5314 1717 5383 4344,
1754 5350 1762 5356 -
