4309 6259
476 468 537 533 348
999 492 1158 540 anrosrrro
1177 492 1286 538 ursan.
1308 510 1349 523 -
1369 490 1438 539 aar.
1462 493 1503 539 xv

476 654 638 737 videlicet,
654 658 724 740 ipsa
743 659 868 722 bonitas
886 659 941 721 Dei
967 659 1166 723 considerata
1190 659 1222 721 in
1238 658 1264 721 t
1278 659 1352 723 ldeo
1373 678 1510 742 namque
1530 679 1587 742 per
1604 660 1716 723 lsaiam
1737 660 1886 724 Dominus
1909 661 1977 723 dicit
1994 685 1999 722 :

477 774 523 836 se,
544 764 575 817 et
598 755 758 821 beneficia
780 757 851 840 ejus
874 758 967 822 nobis
992 758 1117 821 collata.
1143 758 1223 819 Laus
1278 758 1343 839 Ego
1357 759 1521 836 Dominus,
1538 759 1598 822 hoc
1614 767 1661 821 est
1676 776 1794 822 nomen
1815 760 2090 841 menm3glo1,‚m„

478 872 553 935 ergo
567 873 630 936 qua
644 856 816 919 bonitatem
831 856 973 920 divinam
992 856 1167 919 secundum
1190 875 1223 917 se
1279 858 1359 921 riam
1378 876 1481 919 meam
1500 856 1591 919 alteri
1615 875 1679 919 non
1704 857 1796 919 dabo.
1814 857 1945 939 Denique
1962 858 2001 937 ju-

478 960 510 1015 et
533 962 662 1036 propter
685 974 719 1017 se
742 956 918 1034 laudamus,
939 954 1130 1037 glorificatio
1159 954 1223 1017 dici
1280 965 1362 1019 stum
1383 965 1431 1019 est
1449 976 1507 1021 nos
1529 958 1592 1021 Deo
1611 957 1728 1038 gratias
1752 976 1856 1037 agere,
1872 958 2000 1038 quonian

478 1058 591 1131 potest.
607 1052 668 1115 Sed
688 1054 763 1115 dum
782 1054 881 1116 Deum
906 1053 1071 1116 laudamus
1097 1061 1225 1135 propter
1280 1055 1348 1138 ipse
1374 1064 1421 1118 est
1444 1055 1533 1118 Pater
1561 1064 1678 1134 noster,
1705 1054 1756 1118 cui
1782 1054 1917 1136 quotidie
1938 1055 2000 1117 dici-

478 1148 733 1233 beneficiamus,
749 1152 1018 1234 gratiarumactio
1034 1152 1222 1234 appellatur,
1279 1173 1349 1216 mus
1367 1178 1373 1215 :
1390 1155 1480 1216 Pater
1494 1162 1601 1217 noster
1615 1153 1668 1235 qui
1684 1172 1718 1215 es
1734 1153 1767 1216 in
1783 1153 1882 1216 ooelis.
1897 1154 1998 1216 lustum
2009 1180 2063 1223 nan
2074 1195 2091 1227 η,

331 1254 429 1300 1rnm.
442 1268 465 1306 v,
479 1248 518 1310 ad
537 1267 632 1329 quam
653 1249 797 1312 hortatur
810 1251 978 1331 Apostolus
995 1274 1001 1312 :
1018 1251 1053 1312 ln
1075 1249 1224 1313 omnibus
1279 1258 1326 1313 est
1341 1244 1426 1312 enim
1442 1250 1528 1313 lilios
1542 1249 1697 1313 honorare
1717 1257 1864 1332 parentes
1880 1272 1886 1311 ε
1903 1246 2023 1331 queuto'·

333 1322 386 1425 ¹23„
400 1382 464 1433 ψ,
479 1346 595 1426 gratias
617 1347 700 1427 agite
714 1371 722 1424 3
738 1355 769 1410 et
788 1348 951 1411 Psalmista
968 1372 975 1409 :
991 1348 1140 1425 Benedic,
1158 1348 1225 1409 ani·
1278 1350 1380 1430 magis
1392 1349 1514 1431 justum
1529 1356 1577 1411 est
1590 1347 1672 1412 Patri
1689 1347 1811 1410 coelesti
1834 1356 1864 1410 et
1883 1347 1998 1411 Creatori

478 1462 531 1505 ma
547 1463 627 1522 mea,
644 1445 789 1524 Domino,
805 1455 836 1508 et
857 1447 922 1508 noli
944 1446 1091 1509 oblivisci
1114 1464 1224 1509 omnes
1278 1446 1488 1527 omnipotenti
1508 1465 1544 1508 ac
1568 1454 1676 1509 sancto
1691 1446 1845 1509 honorem
1860 1444 1999 1526 impende·

479 1541 703 1605 retributiones
717 1543 798 1625 ejus.
815 1543 902 1606 Unde
923 1543 1055 1605 illustris
1077 1544 1132 1606 ille
1153 1544 1225 1607 Pro-
1279 1564 1312 1607 re
1336 1545 1515 1626 gratiasque
1540 1544 1681 1607 referret
1705 1544 1835 1626 Propter
1859 1544 1936 1625 quod
1956 1562 1999 1623 per

479 1639 585 1721 pheta,
601 1640 804 1703 beatissimus
817 1640 925 1718 lsaias,
942 1642 976 1703 in
992 1660 1069 1705 voce
1089 1642 1225 1703 exsulta·
1278 1642 1461 1705 llalachiam
1477 1641 1628 1705 Dominus
1643 1642 1704 1704 ait:
1715 1641 1747 1705 Si
1762 1659 1822 1723 ego
1837 1660 1904 1703 sum
1918 1649 1997 1722 pater,
2010 1668 2090 1714 qm,

339 1748 435 1799 reum,
443 1750 463 1790 ⁷·
479 1739 575 1801 tionis
590 1739 736 1802 decantat
753 1763 760 1801 ε
777 1739 1013 1803 ldiserationum
1028 1740 1152 1803 Domini
1177 1760 1224 1803 rc·
1279 1741 1333 1803 ubi
1353 1748 1400 1803 est
1424 1741 1527 1805 honor
1550 1743 1662 1802 mcusl
1677 1740 1714 1801 Et
1738 1740 1765 1801 si
1791 1740 1935 1803 Dominus
1954 1735 2025 1818 egoi

478 1838 642 1915 eordabor,
659 1838 784 1899 laudem
804 1838 929 1901 Domini
955 1857 1050 1919 super
1073 1838 1223 1901 omnibus
1242 1840 1361 1919 Bsum,
1379 1838 1433 1901 ubi
1448 1846 1496 1901 est
1511 1838 1607 1901 timor
1622 1839 1727 1900 meust
1739 1838 1872 1919 AEquum
1887 1856 1953 1899 vero
1964 1845 2000 1898 est

477 1936 569 1998 bonis
583 1954 654 2016 quae
669 1936 806 1998 reddidit
827 1936 930 2013 uobis,
947 1944 978 1998 et
998 1955 1069 2017 quaa
1092 1936 1223 2017 largitus
1279 1957 1337 2001 nos
1352 1938 1414 2001 Deo
1430 1936 1547 2018 gratias
1562 1956 1666 2017 agere,
1684 1937 1806 1999 ratione
1825 1955 1888 1998 suta
1906 1935 2000 1997 divina

478 2040 526 2096 est
550 2034 641 2097 nobis
665 2034 841 2095 secundum
866 2034 1095 2115 indulgentiam
1120 2053 1220 2097 suam.
1279 2044 1398 2099 naturae
1422 2044 1453 2097 et
1478 2035 1613 2097 infinitae
1640 2034 1836 2097 excellentiae
1862 2058 1869 2095 :
1895 2042 2001 2116 propter

342 2140 410 2195 Arot-
434 2153 463 2193 ιι.
477 2132 514 2194 Et
528 2133 664 2195 loannes
681 2132 713 2193 in
728 2132 916 2214 Apocalypsi
933 2132 977 2195 ait
994 2157 1000 2193 :
1018 2132 1139 2195 Gmtias
1158 2133 1223 2214 agi·
1279 2135 1362 2216 quod
1377 2134 1514 2213 additur,
1528 2154 1544 2193 e
1560 2142 1676 2196 aeterne
1691 2133 1773 2194 Deus
1790 2155 1818 2195 a.
1831 2132 1885 2194 Est
1897 2149 2000 2212 quoque

332 2204 366 2245 ¹⁷'
477 2251 549 2293 mus
571 2230 641 2309 tibi,
667 2230 800 2295 Domino
824 2231 905 2293 Deus
929 2231 1142 2312 omnipotens
1167 2231 1223 2312 qui
1280 2235 1339 2297 hoe
1369 2233 1473 2315 ipsum
1501 2232 1592 2295 valde
1627 2231 1800 2294 salutare:
1833 2230 2001 2313 ingmtitudo

478 2349 523 2409 eS,
540 2338 572 2392 et
592 2329 647 2411 qui
670 2348 751 2391 cras.
1279 2351 1415 2413 namque
1431 2338 1596 2413 peccatum
1611 2338 1660 2392 est
1674 2330 1906 2392 maximum-
1919 2329 2001 2391 Potest

516 2428 623 2509 ltaque
638 2427 671 2488 in
687 2426 883 2506 Praelatione,
899 2446 969 2508 quae
985 2426 1055 2489 ideo
1070 2427 1116 2489 sic
1132 2446 1224 2489 voca·
1279 2428 1373 2490 etiam
1396 2427 1487 2489 aliter
1505 2426 1568 2489 dici
1587 2449 1593 2486 :
1612 2435 1646 2487 ut
1666 2425 1797 2507 dignum
1819 2424 1860 2487 sit
1882 2443 1934 2487 nos
1952 2424 2001 2485 Deo

474 2533 527 2587 tur
539 2524 691 2607 quoniam
711 2544 864 2588 canonem
880 2543 938 2606 per
951 2526 1079 2588 modum
1100 2525 1221 2607 prologi
1277 2526 1395 2608 gratias
1410 2544 1514 2607 agere,
1532 2525 1652 2587 ratione
1674 2544 1738 2587 suae
1760 2524 1948 2606 maiestatis3
1963 2524 2001 2602 ju·
2101 2586 2102 2589 ,

476 2624 645 2701 antecedit,
663 2622 1096 2687 etanteeumdiciseuiari
1115 2624 1220 2703 habet,
1278 2634 1374 2703 stum,
1399 2632 1528 2705 propter
1551 2624 1634 2686 dona
1658 2631 1779 2685 naturae
1804 2622 1896 2685 nobis
1917 2622 1951 2683 ab
1972 2638 2001 2681 eo
2101 2624 2102 2667 Ὗ

477 2722 624 2785 sacerdos
647 2722 745 2785 choro
767 2722 965 2785 concordans
986 2721 1030 2783 ait
1048 2744 1054 2782 :
1278 2724 1412 2801 donata3
1428 2741 1565 2803 aequum,
1582 2729 1710 2803 propter
1730 2718 1891 2783 beneficia
1902 2718 2000 2801 gnua.

525 2825 602 2883 Vere
629 2822 768 2897 clipeum
796 2830 826 2880 et
845 2822 977 2897 justum
1006 2830 1065 2890 est,
1092 2840 1222 2899 (equum
1278 2830 1341 2883 tam
1368 2819 1530 2902 generalia
1554 2838 1648 2900 quam
1674 2818 1849 2900 specialia3
1875 2816 2000 2889 salutare,

474 2929 505 2979 et
533 2923 691 2989 salutare,
718 2938 775 2978 noa
804 2920 866 2978 tibi
893 2937 1018 2994 semper
1045 2928 1075 2978 et
1104 2920 1223 2997 ubique
1279 2919 1310 2980 in
1325 2919 1437 2981 ordine
1452 2919 1491 2980 ad
1507 2917 1770 3000 promissaznam
1786 2917 1868 2979 bona
1884 2912 2001 2977 nobisin

473 3019 604 3095 pretias
632 3036 739 3093 apere.
765 3016 834 3078 Alia
864 3016 984 3078 ratione
1012 3016 1145 3097 dignum
1175 3024 1223 3077 est
1242 3018 1264 3082 C
1280 3015 1369 3079 eoelis
1385 3014 1541 3098 promissa
1560 3022 1653 3095 atque
1675 3020 1795 3095 parata,
1813 3013 1902 3075 aliter
1921 3008 2003 3089 adipi·

380 3168 384 3176 .
475 3114 539 3177 Deo
567 3114 684 3195 gratias
712 3133 817 3194 agere,
844 3113 906 3175 alia
936 3113 1056 3176 ratione
1085 3122 1133 3176 est
1162 3114 1221 3176 hoc
1279 3114 1324 3177 sci
1345 3132 1408 3177 non
1434 3131 1602 3195 possumus
1626 3111 1688 3175 nisi
1707 3112 1747 3173 de
1767 3110 1930 3174 beneficiis
1949 3108 2001 3189 jau

477 3213 610 3294 justum,
627 3219 721 3291 atque
735 3210 797 3272 alia
813 3211 933 3273 ratione
954 3229 1092 3291 aequum,
1109 3220 1140 3273 et
1159 3212 1222 3274 alia
1279 3212 1436 3293 susceptis
1457 3211 1521 3272 Deo
1543 3210 1659 3291 gratias
1683 3208 1869 3271 referamus.

477 3311 600 3373 ratione
616 3310 752 3372 salutare
768 3332 775 3369 :
792 3326 925 3388 quarum
942 3308 1099 3371 rationum
1119 3310 1222 3371 diver·
1319 3310 1474 3371 Debemus
1490 3326 1565 3369 vero
1580 3306 1697 3388 gratias
1718 3306 1782 3369 Deo
1802 3305 1883 3368 Patri
1905 3304 2002 3367 relcrre

477 3412 554 3472 sitas
579 3407 653 3469 elici
679 3414 782 3487 potest
807 3425 844 3467 err
869 3406 974 3468 verbis
1003 3407 1219 3496 sequentibus

476 3507 615 3582 Quattuor
629 3504 716 3568 euim
736 3512 922 3585 sequuntur,
938 3503 1099 3581 videlicet,
1115 3508 1223 3566 Domi-

476 3627 517 3667 rte
531 3614 651 3675 sancte,
659 3608 761 3665 Pater
775 3604 1114 3678 otnnipotena,oeterne
1125 3608 1222 3674 Deus,

474 3723 536 3782 per
564 3705 729 3765 Christum
757 3703 934 3763 Dominum
964 3710 1124 3771 nostrum,
1154 3719 1223 3781 quae

477 3802 636 3885 praedictis
659 3808 794 3881 quatuor
818 3798 923 3860 verbis
948 3799 1220 3880 correspondent:

477 3902 551 3984 quia
565 3900 651 3961 enim
667 3900 748 3961 Deus
763 3906 810 3959 est
831 3905 958 3959 sanctus
973 3897 1137 3976 Dominus,
1151 3898 1222 3961 ideo

477 3998 610 4080 dignum
631 4004 679 4058 est
699 4012 756 4057 nos
776 3993 803 4055 ei
824 3994 941 4074 gratias
962 4013 1077 4075 agere;
1094 4002 1126 4057 et
1148 3994 1223 4075 quia

1279 3426 1335 3489 per
1354 3406 1511 3470 Christum
1529 3404 1644 3466 Filium
1670 3404 1740 3484 ejus
1758 3428 1764 3464 :
1782 3422 1847 3467 non
1871 3403 1914 3465 sic
1935 3400 2002 3482 quod

1279 3505 1382 3587 primo
1397 3512 1428 3567 et
1443 3502 1624 3566 immediate
1639 3502 1811 3564 debeamus
1827 3502 1905 3563 Filio
1918 3516 2003 3579 regra-
2100 3544 2101 3551 ,

1279 3603 1361 3679 tiari,
1379 3610 1410 3663 et
1424 3601 1503 3663 Patri
1521 3600 1709 3684 peripsum,
1726 3600 1817 3680 quasi
1838 3594 2003 3661 secundario

1279 3708 1309 3761 et
1335 3699 1492 3778 mediate;
1518 3698 1573 3760 sed
1598 3698 1674 3779 quia
1698 3716 1755 3779 por
1784 3697 1897 3759 Filium
1923 3691 2003 3757 creati

1280 3818 1389 3861 sumus
1404 3807 1435 3860 et
1451 3797 1582 3860 recreati
1599 3796 1719 3877 (omnia
1733 3795 1821 3858 enim
1844 3816 1899 3878 per
1918 3794 2003 3875 ipsum
2014 3808 2095 3856 ratam

1280 3898 1363 3959 lacta
1385 3904 1467 3973 sunt,
1486 3905 1517 3959 et
1541 3896 1649 3958 omnia
1673 3914 1729 3977 per
1753 3895 1858 3976 ipsum
1884 3900 2004 3975 reparata

1280 3998 1378 4075 sunt),
1396 3995 1466 4057 ideo
1488 4014 1545 4076 per
1566 3993 1694 4072 Filium,
1711 4001 1862 4075 tanquam
1878 4012 1929 4074 per
1945 4006 2003 4051 eum

478 4105 527 4159 est
540 4096 630 4157 Pater
644 4092 858 4172 omnipotens,
875 4091 946 4155 ideo
960 4092 1081 4172 justum
1097 4100 1144 4154 est
1166 4112 1224 4155 nos
1279 4112 1445 4175 perquem
1461 4092 1689 4155 omnebonum
1704 4099 1769 4153 tam
1792 4100 1908 4154 natura
1926 4104 2004 4170 quarn

478 4196 508 4258 ei
523 4193 640 4276 gratias
655 4210 763 4273 agere;
780 4198 812 4251 et
826 4190 900 4271 quia
915 4199 963 4252 est
977 4199 1113 4253 aeternus
1129 4192 1222 4268 DeuS,
1239 4194 1264 4256 D
1279 4192 1387 4273 gratim
1415 4190 1609 4270 accepimus,
1634 4189 1714 4251 Patri
1743 4190 1861 4271 gratias
1889 4188 2002 4269 agimus

479 4294 599 4357 idcirco
613 4308 739 4370 aequum
754 4296 802 4350 est
816 4288 893 4365 hoc;
910 4290 1060 4369 quoniam
1077 4309 1152 4351 vero
1169 4309 1225 4370 per
1278 4290 1317 4353 Et
1348 4288 1445 4351 simili
1475 4288 1568 4350 modo
1598 4287 1839 4369 intelligendum
1868 4296 1912 4349 est
1936 4280 2004 4364 quod

477 4392 593 4454 Filium
615 4408 707 4451 suum
729 4405 787 4449 uos
808 4387 848 4449 de
869 4395 969 4449 morte
992 4386 1136 4458 redemit,
1154 4407 1225 4468 pro·
1280 4386 1443 4469 sequitur:

479 4500 586 4572 pterea
601 4488 736 4550 salutaro
751 4493 800 4547 est
813 4484 980 4547 hoo:ideo
995 4485 1081 4547 onim
1097 4484 1225 4565 subjun-
1319 4490 1387 4548 Per
1415 4504 1509 4564 quem
1538 4484 1739 4560 majestatem
1770 4493 1860 4543 tuam
1887 4482 2005 4542 nudant
2099 4482 2100 4489 ’

478 4585 574 4669 gitur,
582 4607 598 4643 u
612 4604 668 4665 per
682 4583 839 4645 Christum
852 4582 1021 4644 Dominum
1038 4590 1180 4645 nostrum
1195 4605 1222 4644 a.
1279 4583 1441 4661 angeltln
1456 4581 1543 4646 omni
1559 4580 1646 4643 euim
1662 4580 1821 4643 locutione
1836 4600 1896 4661 qua
1910 4575 2006 4657 aliquis

518 4686 625 4765 ltaque
640 4682 773 4763 dignum
789 4688 837 4743 est
851 4699 909 4743 nos
930 4680 994 4743 Deo
1015 4680 1132 4762 gratias
1153 4699 1225 4762 age·
1280 4681 1397 4743 dicitur
1411 4699 1504 4762 agere
1526 4680 1575 4742 vel
1598 4678 1721 4759 operari
1745 4697 1802 4760 per
1824 4678 1928 4755 alium,
1944 4692 2007 4757 pra

480 4802 526 4859 re,
544 4781 664 4843 ratione
689 4780 737 4842 sui
758 4778 947 4840 universalis
972 4778 1107 4841 dominii
1132 4786 1225 4861 atque
1281 4779 1395 4860 positio
1426 4798 1487 4854 per
1514 4778 1659 4858 designat
1688 4776 1721 4838 in
1751 4777 1870 4839 causali
1897 4770 2005 4854 aliquod

480 4879 646 4961 regiminis
670 4896 787 4953 rerum,
804 4877 1070 4957 quemadmodum
1091 4878 1123 4938 in
1143 4877 1227 4939 Psal-
1280 4897 1381 4958 genus
1411 4895 1513 4938 causae
1537 4875 1605 4938 sive
1631 4875 1795 4957 principii.
1823 4876 1919 4950 Quum
1945 4886 2006 4951 ergo

332 4991 465 5043 remeo.
481 4998 534 5042 mo
550 4985 714 5040 cantamus
731 4974 1010 5055 :Praeoccupemus
1024 4974 1140 5037 laciem
1156 4976 1226 5056 ejus
1280 4975 1379 5037 Filius
1401 4974 1442 5037 sit
1463 4993 1558 5037 causa
1582 4974 1738 5037 donorum
1764 4982 1883 5037 natura
1905 4968 2008 5034 beneti-

335 5057 355 5097 ³'
481 5078 514 5139 in
540 5073 754 5149 confessione,
780 5080 813 5133 et
836 5071 869 5133 in
896 5073 1025 5153 psalmis
1052 5073 1226 5155 jubilemus
1283 5071 1858 5154 ciorumquegratiaeinnobisatque
1880 5072 2009 5147 inunge

481 5176 522 5239 ei.
539 5175 650 5253 Quare,
668 5171 730 5233 nisi
752 5169 903 5251 quoniam
917 5171 998 5231 Deus
1020 5190 1154 5252 magnus
1169 5172 1228 5234 Do·
1282 5172 1333 5249 lis,
1351 5172 1421 5234 ideo
1441 5190 1499 5234 nos
1523 5170 1647 5252 agimus
1667 5170 1785 5251 gratias
1805 5170 1885 5232 Patri
1905 5187 1957 5251 per
1972 5164 2009 5225 Fi·

481 5274 600 5355 minus,
617 5280 647 5334 et
663 5290 718 5333 rex
732 5288 865 5350 magnus
885 5288 981 5350 super
998 5286 1110 5332 omnes
1129 5270 1226 5332 deosl
1283 5269 1374 5347 lium,
1390 5278 1422 5333 et
1436 5292 1453 5329 a
1466 5288 1523 5351 per
1534 5292 1550 5329 n
1562 5287 1635 5331 eum
1650 5290 1666 5327 u
1679 5267 1784 5350 angeli
1804 5268 2009 5351 majestate-m»
