4309 6259
521 503 561 553 ox
582 504 672 551 nonis
693 504 827 551 scurrus
847 503 965 562 sanari,
987 502 1161 549 massanus
1183 503 1223 549 ιι.
1246 520 1286 531 -
1307 500 1433 549 sonmo
1454 498 1488 547 ιιι
1726 474 1785 543 illi

233 674 357 739 ratione
380 675 467 754 veri;
493 676 548 739 sed
573 674 715 739 medium
738 674 900 757 sapientia
924 674 984 738 sub
998 676 1024 736 A
1040 674 1080 737 sit
1094 673 1227 757 simplex
1243 674 1352 737 lumen
1370 679 1495 755 gratum
1514 668 1646 745 faciens,
1663 668 1748 750 quod
1768 686 1787 729 a

233 774 357 837 mtione
385 773 453 836 veri
480 782 512 837 et
540 773 626 852 honi,
651 774 801 855 quoniam
830 772 984 855 sapientia
1039 772 1104 837 Deo
1114 772 1293 835 infunditur
1308 790 1381 853 cum
1397 770 1511 835 ceteris
1532 767 1642 850 gratiis
1662 774 1787 848 gratum

233 872 394 935 illuminat
417 881 450 935 et
473 872 627 935 accendit.
645 871 732 934 Unde
755 870 836 934 fides
860 878 984 935 tanturn
1040 870 1241 934 facientibus.
1268 870 1355 933 Unde
1386 867 1562 950 complexio
1587 884 1658 947 qne
1683 873 1731 928 est
1754 863 1786 927 in

235 972 379 1048 assentit,
410 980 443 1034 et
476 969 592 1051 accipit
624 971 745 1034 donum
779 988 836 1033 seu
865 971 984 1033 bonnm
1039 970 1154 1033 auditis
1169 978 1201 1032 et
1214 968 1395 1045 intellectis,
1413 967 1472 1029 sub
1493 967 1577 1029 dono
1592 972 1652 1043 est,
1669 980 1733 1027 non
1754 960 1786 1025 in

235 1079 379 1133 creatum
403 1089 461 1152 per
483 1069 570 1149 quod
595 1069 736 1132 videtin
760 1075 986 1149 quantumest
1040 1086 1088 1131 eo.
1124 1066 1305 1130 Intellectus
1337 1084 1464 1147 quoque
1499 1063 1667 1144 Scripturae
1699 1061 1790 1142 juvat

235 1168 415 1250 speculum,
427 1176 461 1230 et
474 1186 539 1230 uon
555 1175 649 1249 prout
662 1175 710 1229 est
724 1167 882 1230 emanatio
898 1167 987 1229 boni-
1039 1168 1160 1229 donum
1188 1166 1368 1228 intellectus
1397 1172 1432 1227 ut
1460 1162 1613 1239 elevetur,
1640 1161 1696 1224 sed
1724 1178 1788 1223 non

235 1267 311 1329 tatis
333 1266 448 1329 divinae
473 1265 639 1328 continens
664 1265 867 1328 dulcedinem
890 1264 946 1327 Dei
975 1287 982 1325 :
1040 1272 1171 1345 generat
1204 1264 1312 1325 lumen
1344 1263 1427 1325 istud
1456 1261 1515 1324 sub
1542 1277 1607 1341 quo
1641 1258 1789 1321 videntur

236 1373 317 1447 puta
338 1364 474 1445 cognitio
493 1363 548 1426 uei
566 1382 662 1443 quam
682 1363 774 1425 multi
793 1363 827 1425 in
846 1363 985 1444 peccatis
1041 1361 1225 1443 spiritualia.
1246 1396 1287 1407 —-
1309 1360 1452 1442 Insuper,
1467 1360 1587 1422 donum
1609 1356 1789 1420 intellectus

236 1463 424 1525 exsistentes
444 1462 563 1524 habent
581 1461 676 1523 modo
697 1461 763 1539 tali,
778 1470 826 1524 est
848 1461 986 1543 cognitio
1041 1459 1257 1543 principaliter
1275 1466 1322 1522 est
1340 1460 1379 1521 de
1400 1459 1474 1537 Deo,
1492 1466 1523 1520 et
1541 1458 1580 1519 de
1600 1456 1650 1518 his
1669 1454 1701 1517 in
1721 1454 1790 1536 qui-

236 1560 444 1642 speoulativa,
462 1567 493 1622 et
508 1559 634 1622 habitus
648 1558 823 1639 acquisitus
844 1578 902 1641 per
922 1566 986 1621 stu·
1041 1559 1101 1622 bus
1117 1559 1236 1621 relucet
1251 1556 1365 1620 veritas
1380 1556 1502 1631 divina3
1515 1563 1547 1617 et
1560 1552 1676 1635 accipit
1690 1553 1788 1616 Deum

235 1658 326 1721 dium
344 1666 376 1721 et
394 1658 582 1736 doctrinam,
600 1665 632 1719 et
650 1676 716 1719 nou
736 1657 845 1720 lumen
865 1657 986 1720 faciens
1040 1656 1101 1719 suh
1130 1656 1252 1720 ratione
1281 1654 1431 1731 veritatis,
1462 1661 1493 1715 et
1522 1651 1620 1714 utitur
1651 1650 1789 1731 imagine

234 1756 488 1837 experimentum
503 1755 681 1817 dulcedinis
696 1754 750 1817 liei
766 1754 798 1817 in
814 1754 879 1817 suis
894 1754 986 1817 donis
1042 1773 1099 1817 seu
1124 1752 1318 1835 perfectione
1339 1758 1490 1814 creature
1511 1758 1546 1811 ut
1566 1749 1787 1825 instrumento,

235 1854 353 1935 quibus
377 1851 555 1915 sanctificat
578 1852 727 1915 animam.
744 1851 885 1915 defectio
908 1870 986 1933 quo
1004 1856 1074 1918 Bet
1090 1851 1208 1913 lumine
1224 1848 1453 1913 sibiinfuscut
1469 1848 1555 1929 prius
1576 1846 1786 1909 illuminante.

234 1972 301 2033 que
314 1950 475 2031 sapientie
489 1949 523 2011 in
538 1950 597 2013 hac
613 1951 688 2027 vita,
701 1958 750 2012 est
763 1950 895 2013 refectio
909 1968 987 2031 qua·
1082 1950 1168 2012 Patet
1186 1967 1262 2030 ergo
1280 1948 1440 2029 quomodo
1465 1948 1584 2009 donum
1608 1944 1789 2007 intellectus

235 2050 264 2112 si
289 2069 345 2131 per
363 2066 509 2132 saporem
523 2056 556 2111 et
570 2049 712 2128 odorem,
729 2056 761 2112 et
781 2068 845 2112 nen
866 2066 924 2129 per
943 2056 987 2109 ta-
1041 2068 1061 2111 a
1079 2048 1233 2130 sapientia
1252 2045 1385 2109 differt:
1403 2044 1552 2126 quoniam
1568 2042 1722 2124 sapientia
1743 2050 1791 2105 est

236 2155 325 2209 ctum
341 2146 523 2209 substantiae
539 2169 546 2206 ε
564 2165 635 2227 que
651 2145 780 2209 refectio
795 2164 852 2227 per
866 2153 985 2208 tactum
1042 2144 1180 2227 cognitio
1200 2163 1256 2226 per
1276 2152 1414 2225 gustum,
1431 2151 1463 2205 et
1481 2150 1610 2224 gustans
1630 2141 1737 2204 divina
1757 2140 1790 2201 in

236 2244 432 2321 substantiae,
449 2251 498 2306 est
511 2243 603 2324 quies
621 2244 790 2325 appetitus,
806 2253 838 2306 et
858 2244 985 2325 proprie
1042 2244 1134 2307 donis
1154 2242 1323 2305 simillimis
1341 2241 1424 2317 illis3
1442 2241 1497 2303 sed
1522 2239 1700 2302 intellectus
1725 2256 1789 2301 non

236 2342 373 2405 fructus.
389 2342 468 2404 ilinc
484 2340 614 2405 refectio
635 2342 797 2423 sapientie
819 2342 928 2405 incitat
947 2343 986 2404 ad
1043 2351 1091 2406 est
1106 2360 1164 2423 per
1181 2348 1320 2423 gustum,
1337 2341 1391 2403 sed
1417 2339 1521 2422 potius
1542 2346 1590 2400 est
1609 2338 1716 2400 lumen
1737 2337 1792 2399 da·

236 2439 383 2504 altiorem
408 2440 587 2522 profectum
609 2462 616 2500 ε
638 2441 722 2502 unde
741 2440 867 2521 sapiens
892 2438 988 2520 proli-
1045 2449 1111 2504 tum
1126 2460 1144 2503 a
1159 2440 1222 2502 Deo
1237 2439 1275 2501 ad
1291 2438 1506 2519 cognitionem
1520 2436 1587 2515 Dei,
1595 2444 1627 2499 et
1639 2444 1790 2498 creaturae

236 2538 285 2600 cit
307 2537 341 2599 in
365 2538 564 2619 cognitione,
581 2538 637 2600 sed
662 2538 773 2601 fruens
798 2538 932 2618 quiescit
954 2539 988 2599 in
1043 2539 1128 2601 illius
1143 2538 1175 2599 in
1190 2556 1252 2618 qua
1267 2536 1398 2599 resultat
1412 2536 1493 2598 Deus
1516 2554 1572 2617 per
1592 2533 1724 2616 gratiam
1740 2533 1791 2595 vel

236 2635 378 2717 cognito.
396 2635 529 2716 lnsuper
543 2634 696 2717 sapientia
714 2637 833 2698 donum
852 2654 917 2699 non
941 2643 989 2698 est
1044 2636 1187 2719 gloriam.
1209 2636 1281 2697 ldeo
1306 2654 1363 2717 per
1387 2633 1494 2696 lumen
1519 2633 1602 2696 istud
1629 2632 1792 2712 cognosci-

236 2734 302 2796 nisi
320 2735 359 2797 de
378 2735 504 2797 eternis
525 2742 619 2815 atque
637 2734 752 2796 divinis
770 2757 776 2795 :
793 2734 868 2815 quia
886 2733 990 2796 nullo-
1045 2754 1115 2797 mus
1136 2734 1285 2815 gratuitas
1310 2731 1531 2813 dispositiones
1556 2730 1742 2806 caelestium,
1759 2738 1793 2792 et

237 2852 311 2895 rum
326 2839 437 2913 gustus
451 2831 576 2894 confert
589 2831 764 2913 perfectam
778 2832 986 2908 dulcedinem,
1044 2834 1204 2897 tendimus
1224 2832 1255 2893 in
1276 2831 1375 2895 Deum
1391 2838 1424 2892 ut
1440 2830 1543 2893 taliter
1556 2830 1789 2909 disponentem.

239 2929 303 2993 nisi
325 2929 503 2993 divinorum
525 2930 697 2993 dumtaxat.
1044 2933 1152 3013 ltaque
1169 2930 1346 2993 intellectus
1367 2947 1431 2991 non
1450 2936 1498 2991 est
1517 2928 1556 2990 de
1575 2927 1720 2990 Creatore
1736 2946 1793 3008 per

281 3029 444 3107 Praeterea,
461 3029 580 3091 donum
596 3030 780 3089 intellectus
792 3035 840 3089 est
855 3028 989 3110 simplex
1008 3027 1031 3091 (ι
1045 3038 1183 3112 gustum,
1200 3028 1255 3091 sed
1272 3046 1330 3109 per
1344 3027 1472 3089 modum
1494 3026 1590 3103 visus,
1608 3025 1740 3088 tendens
1760 3026 1792 3087 in

238 3127 350 3189 lumen
375 3126 435 3189 sub
459 3144 522 3206 quo
547 3126 629 3187 fleus
653 3124 779 3187 videtur
802 3125 834 3186 in
860 3126 911 3187 his
936 3126 989 3207 qui
1045 3146 1156 3191 verum
1173 3146 1229 3207 per
1245 3126 1351 3187 lumen
1367 3126 1496 3187 elevans
1511 3124 1550 3185 ad
1570 3142 1608 3185 ea
1627 3122 1659 3185 in
1679 3122 1793 3203 quibus

237 3224 326 3287 beati
349 3232 433 3302 sunt,
450 3231 482 3286 et
506 3224 537 3286 in
563 3222 753 3306 specialibus
777 3223 895 3286 officiis
918 3224 991 3287 acti·
1045 3227 1128 3289 Deus
1157 3224 1251 3287 altius
1281 3223 1411 3285 resultat
1440 3241 1496 3285 seu
1524 3222 1610 3284 lucet
1636 3240 1731 3302 quam
1761 3220 1792 3282 in

237 3323 365 3404 busque
393 3340 515 3385 eorum.
542 3321 623 3384 Dicit
647 3330 753 3384 autem
783 3322 814 3383 in
844 3342 990 3385 sermone
1045 3323 1178 3404 vestigio
1193 3330 1287 3403 atque
1302 3320 1438 3401 imagine
1452 3343 1459 3381 ι
1472 3320 1554 3382 sicut
1568 3326 1616 3381 est
1630 3318 1793 3399 dispositio

237 3422 379 3503 quodam
404 3421 596 3502 Augustinus
619 3443 626 3482 :
647 3420 828 3483 intellectus
847 3430 989 3500 vocatur,
1046 3422 1249 3504 premiorum
1286 3420 1317 3481 in
1353 3418 1546 3482 beatitudine
1582 3415 1793 3499 spiritualium

237 3537 306 3600 quo
321 3520 361 3581 ab
375 3518 462 3581 omni
477 3518 638 3599 voluptate
653 3518 772 3580 carnali
788 3519 883 3581 eorda
897 3538 989 3580 mun·
1046 3519 1306 3583 substantiarum.

238 3619 358 3681 dantur
372 3625 407 3679 ut
421 3634 501 3697 pura
515 3616 646 3679 intentio
661 3616 814 3697 dirigatur
828 3617 860 3678 in
876 3617 985 3680 Deum.
1087 3618 1181 3680 Porro
1200 3618 1336 3677 scientia
1357 3614 1388 3675 in
1414 3622 1567 3696 quantum
1591 3621 1639 3676 est
1662 3614 1793 3693 donum,

239 3716 360 3796 Estque
375 3714 546 3796 descriptio
559 3715 620 3777 ista
635 3715 709 3777 data
729 3734 786 3796 per
804 3714 958 3777 effectum
980 3738 988 3777 ι
1046 3724 1094 3777 est
1109 3714 1241 3796 simplex
1258 3712 1365 3775 lumen
1384 3721 1549 3794 acceptum
1565 3712 1631 3774 sive
1653 3710 1793 3773 infusum

239 3813 396 3895 quoniam
420 3812 601 3875 intellectus
621 3812 717 3874 corda
736 3813 879 3889 mundat,
896 3812 990 3874 etiam
1045 3834 1065 3877 a
1081 3814 1143 3875 fleo
1159 3810 1354 3893 simpliciter,
1370 3810 1402 3872 in
1417 3829 1480 3891 quo
1495 3810 1643 3873 videntur
1658 3808 1794 3871 rationes

239 3911 476 3995 quodammodo
495 3910 527 3971 in
554 3910 684 3991 speculo
709 3918 741 3972 et
763 3910 940 3991 aenigmate,
957 3918 992 3971 ut
1046 3910 1254 3992 operabilium
1271 3908 1496 3989 pertinentium
1512 3908 1550 3969 ad
1566 3906 1663 3969 vitam
1684 3906 1795 3969 huma-

240 4010 349 4072 videat
364 4008 482 4071 lumine
498 4016 647 4089 percepto
662 4008 694 4069 in
710 4027 748 4071 ec
762 4008 793 4069 in
810 4027 873 4088 quo
896 4007 992 4070 reful-
1046 4007 1409 4083 nam.0uemadm0dum
1425 4006 1510 4067 enim
1527 4004 1607 4067 fides
1622 4013 1671 4067 est
1686 4005 1793 4067 lumen

239 4117 297 4189 get
311 4106 426 4169 veritas
441 4107 616 4168 secundum
640 4106 792 4187 majorem
816 4105 990 4169 claritatem
1046 4107 1085 4168 ad
1112 4104 1273 4168 credibilia
1294 4104 1378 4184 quod
1398 4111 1446 4165 est
1466 4102 1599 4185 simplex
1620 4102 1793 4165 similitudo

240 4224 339 4287 quam
361 4204 481 4285 speculi
506 4213 538 4267 et
561 4204 746 4285 aenigmatis.
768 4203 859 4266 Fides
885 4212 990 4267 autem
1006 4205 1032 4267 ι)
1048 4203 1189 4267 veritatis
1212 4202 1338 4279 divium,
1361 4202 1406 4264 sic
1426 4200 1556 4264 scientia
1575 4200 1634 4262 ista
1653 4209 1701 4263 est
1719 4200 1794 4262 sim-

241 4324 308 4368 non
334 4304 484 4366 emundat
506 4303 567 4364 nisi
590 4322 610 4365 a
634 4302 823 4365 falsitatibus
848 4321 990 4365 errorum
1047 4304 1119 4386 plex
1134 4302 1277 4383 quaedam
1294 4300 1464 4363 similitudo
1479 4300 1592 4362 divinae
1607 4300 1746 4381 justitiae,
1760 4300 1792 4362 in

242 4401 397 4485 perfidiae.
428 4401 526 4463 Aliter
558 4418 684 4481 quoque
713 4400 819 4481 dirigit
847 4399 929 4463 fides
958 4400 990 4462 in
1046 4421 1108 4482 qua
1133 4408 1239 4462 mente
1262 4399 1407 4461 ridentur
1428 4398 1544 4460 divinae
1564 4398 1700 4460 rationes
1719 4417 1794 4479 ope

241 4502 356 4579 finem,
372 4507 404 4561 et
424 4498 516 4561 aliter
535 4498 725 4561 intellectus.
741 4498 832 4561 Fides
854 4518 992 4579 namque
1047 4499 1193 4562 rutilium
1215 4516 1271 4579 per
1291 4515 1361 4576 nos,
1378 4494 1603 4577 pertinentium
1625 4496 1664 4557 ad
1685 4495 1793 4558 lumen

241 4598 350 4679 dirigit
363 4615 455 4678 opus,
473 4616 530 4677 per
543 4597 604 4659 hoc
620 4597 703 4677 quod
719 4596 857 4659 ostendit
872 4616 992 4660 merce-
1046 4596 1204 4659 meritorie
1230 4614 1266 4658 ac
1292 4604 1399 4657 sancte
1424 4594 1609 4671 viventium,
1634 4602 1726 4674 prout
1751 4595 1794 4657 ait

241 4698 317 4759 dem
332 4703 364 4757 et
378 4714 452 4757 eum
468 4694 522 4775 qui
538 4694 723 4775 simpliciter
736 4693 810 4756 finis
825 4702 874 4756 est
887 4695 992 4757 omnis
1045 4695 1215 4777 Apostolus
1232 4717 1239 4755 ε
1257 4693 1377 4769 Sobria,
1389 4692 1473 4773 juste
1488 4700 1519 4754 et
1534 4691 1585 4773 pie
1601 4692 1744 4756 vivamus
1760 4692 1793 4755 in
1810 4720 1854 4763 m,
1866 4734 1887 4770 ,.,
1900 4722 1931 4765 η,

240 4794 330 4872 boni,
347 4792 468 4855 scilieet
482 4792 580 4855 Deum
593 4815 601 4870 ;
618 4794 673 4855 sed
688 4792 867 4855 intellectus
887 4793 992 4874 dirigit
1046 4793 1106 4856 hoe
1123 4793 1248 4855 saeculo.
1262 4828 1302 4837 -
1316 4791 1439 4854 Donum
1454 4791 1524 4853 ideo
1540 4790 1678 4854 scientiae
1693 4811 1727 4853 se
1743 4792 1794 4854 lia·

241 4893 275 4955 in
291 4891 404 4969 finem,
420 4910 478 4971 per
492 4890 599 4952 lumen
616 4890 752 4953 videndo
764 4890 875 4969 finem,
893 4891 942 4953 vel
959 4892 991 4953 in
1046 4892 1099 4955 bet
1114 4892 1151 4953 ad
1168 4890 1366 4971 prudentiam
1383 4889 1466 4952 sicut
1480 4888 1592 4952 melior
1610 4897 1703 4970 atque
1723 4909 1794 4971 per-

241 5011 277 5054 se
294 4990 343 5053 vel
357 4989 390 5051 in
404 4988 519 5065 Beatis,
536 4988 697 5069 inquibus
713 4988 858 5069 refulget,
875 4996 907 5051 et
926 5008 990 5052 non
1046 4988 1160 5052 fectior
1173 4989 1298 5050 habitus
1319 4986 1542 5069 operabilium.
1559 4986 1657 5050 Aliter
1676 4987 1792 5068 quippe

239 5087 348 5169 dirigit
360 5106 442 5168 opus
455 5087 586 5149 directe.
598 5122 639 5131 —
653 5086 685 5148 Si
700 5094 805 5149 autem
820 5096 988 5169 queratur,
1045 5095 1140 5167 atque
1155 5087 1193 5148 ad
1208 5086 1415 5165 aliud,qu0ad
1432 5084 1609 5164 proximum
1625 5084 1735 5161 finem,
1750 5085 1795 5145 vi-

239 5207 282 5251 an
298 5187 417 5250 donum
439 5184 619 5247 intellectus
634 5184 674 5247 sit
689 5204 747 5265 per
760 5186 889 5247 modum
905 5204 992 5247 com·
1046 5193 1109 5247 tam
1125 5185 1296 5246 humanam
1319 5182 1397 5264 regit
1416 5202 1452 5245 ac
1474 5181 1582 5263 dirigit
1600 5182 1700 5243 virtus
1720 5202 1794 5263 pru-

240 5282 410 5368 plexionis,
430 5282 601 5345 dicendum
622 5284 707 5364 quod
729 5300 793 5345 non
815 5290 874 5363 est,
890 5301 990 5364 quum
1046 5282 1170 5359 dentiae,
1179 5282 1331 5361 aliterque
1344 5281 1462 5363 donum
1476 5278 1712 5363 scientiaezquia
1723 5298 1794 5362 pru-
