4309 6259
466 455 526 521 428
612 477 653 523 DE
674 476 875 526 sacmauro
894 480 1023 527 acrama
1044 481 1082 526 at·
1101 482 1198 528 MISSAE
1220 482 1447 531 hathumoda
1469 485 1627 533 blateolis
1649 505 1691 516 -·
1711 487 1783 533 ΛΒΤ.
1805 487 1874 533 ml

466 646 547 709 teria
566 646 621 710 illa
640 648 810 730 requiritur
829 650 862 712 in
882 670 944 733 qua
963 651 1102 716 confecit
1121 660 1215 734 atque
1230 654 1255 715 A
1270 663 1382 735 quarta
1401 654 1484 718 laeta
1506 656 1546 718 sit
1564 656 1740 719 secundum
1762 675 1816 719 eos
1836 675 1921 721 eoena
1941 657 1995 720 illa.

469 744 619 825 instituit,
648 755 724 829 puta
751 748 895 811 triticeus
924 750 1016 831 panis
1044 759 1075 813 et
1103 752 1214 813 vinum
1310 753 1480 817 Sacaancs.
1511 791 1551 801 —
1578 754 1614 817 ln
1641 754 1802 837 aliquibus
1831 755 1917 818 terris
1948 774 1996 817 ncc

468 842 554 906 vitis.
577 844 616 906 Et
639 845 721 907 sicut
746 847 909 927 probabile
934 856 982 909 est
1005 848 1111 929 ipsum
1136 848 1215 931 lym-

469 940 583 1023 phasse
612 942 733 1023 vinum,
762 964 861 1025 quum
890 945 923 1007 iu
951 954 1034 1008 terra
1062 946 1118 1009 illa
1151 948 1215 1009 sint

468 1038 563 1101 lortia
581 1040 666 1120 vina,
686 1050 719 1103 et
742 1042 810 1124 ipse
834 1043 867 1105 iu
891 1043 1015 1107 cunctis
1036 1053 1216 1127 temperan-

468 1138 546 1200 tiam
571 1158 694 1202 summe
718 1142 892 1204 servaverit
915 1162 952 1205 ac
976 1143 1142 1222 docuerit;
1167 1143 1214 1207 sie

468 1235 610 1298 Ecclesia
634 1237 795 1301 modicum
818 1258 906 1320 aquae
935 1239 1010 1303 vino
1039 1240 1153 1303 miscet
1181 1242 1213 1302 in

468 1333 568 1396 calice
590 1358 597 1396 :
623 1354 692 1416 quae
716 1355 797 1417 aqua
823 1338 1005 1419 permodica
1029 1339 1215 1403 absorbetur

467 1431 597 1509 avino,
622 1439 655 1494 et
677 1432 710 1494 in
735 1433 840 1515 ipsum
865 1436 1081 1510 convertitur3
1105 1436 1214 1517 sicque

467 1528 546 1590 nihil
562 1530 596 1591 in
611 1532 797 1612 sanguinem
813 1532 926 1595 Christi
942 1536 1139 1597 convertitur
1153 1535 1213 1597 nisi

467 1627 588 1690 vinum.
605 1627 711 1692 Nihilo
732 1630 836 1692 minus
857 1631 1008 1694 admixtio
1029 1651 1119 1714 aquae
1144 1652 1215 1714 pro-

468 1731 538 1803 pter
552 1724 630 1785 alias
645 1743 756 1786 causas
771 1724 820 1803 lit,
836 1725 985 1807 figurales
1000 1747 1037 1789 ae
1053 1728 1211 1809 mysticas.

1269 849 1410 913 triticum
1434 851 1596 915 iuvenitur
1621 872 1680 916 nee
1706 854 1818 915 vinum
1843 876 1850 913 :
1872 872 1940 935 ergo
1961 854 1998 914 vi-

1269 949 1361 1011 detur
1385 950 1467 1013 male
1492 952 1539 1014 eis
1565 950 1727 1033 provisum
1750 951 1836 1013 circa
1853 950 1938 1013 istius
1955 971 1996 1013 ro

1268 1048 1421 1111 nerabilis
1444 1049 1633 1113 sacramenti
1656 1048 1898 1112 institutionem.

1309 1146 1455 1209 Vaniras.
1471 1146 1608 1210 —Satis
1629 1147 1769 1210 laciliter
1790 1154 1917 1229 possunt
1934 1148 1994 1211 illuc

1268 1263 1306 1306 ex
1326 1244 1398 1307 aliis
1420 1245 1512 1308 terris
1532 1246 1662 1309 deferri.

1308 1342 1476 1407 Sacranos.
1493 1345 1649 1419 —Ouum
1667 1361 1742 1407 caro
1762 1344 1834 1425 agni
1858 1344 1993 1425 paschalis

1269 1440 1403 1504 similior
1426 1440 1523 1504 luerit
1542 1442 1630 1505 carui
1656 1442 1771 1505 Christi
1796 1460 1888 1523 quam
1907 1442 1992 1524 panis,

1269 1558 1326 1601 cur
1340 1558 1403 1602 non
1419 1540 1618 1603 consecravit
1639 1540 1672 1602 in
1693 1539 1878 1621 hujusmodi
1896 1543 1993 1603 carnal

1309 1638 1454 1700 chrras.
1475 1674 1515 1683 -
1534 1638 1602 1702 Nou
1628 1639 1672 1700 ita
1697 1639 1849 1701 convenit
1868 1640 1904 1701 ad
1923 1658 1993 1700 esum

1269 1742 1300 1797 et
1328 1754 1420 1797 usum
1449 1754 1664 1814 communem,
1690 1755 1794 1817 neque
1819 1745 1879 1799 tam
1906 1744 1994 1817 aperte

467 1819 546 1882 Nam
561 1830 592 1883 el
607 1822 646 1883 dc
668 1821 764 1885 latere
779 1823 894 1885 Christi
914 1824 947 1885 in
969 1843 1064 1888 cruce
1085 1826 1214 1906 sanguis
1232 1832 1415 1914 Bdesiguat
1435 1834 1684 1896 ecclesiasticam
1705 1834 1870 1914 unitatem,
1886 1853 1938 1897 uec
1951 1853 1994 1915 pu-

468 1916 563 1980 lluxit
583 1928 616 1981 et
635 1938 737 2000 aqua;
754 1929 847 2002 atque
868 1942 925 2003 per
943 1940 1057 2003 aquam
1077 1924 1214 2006 populus
1271 1930 1395 1992 ritatem
1411 1932 1553 2013 corporis
1568 1930 1683 1995 Christi
1702 1951 1721 1993 a
1740 1931 1923 2013 contagione
1936 1950 1994 1993 cou-

468 2015 674 2097 designatur:
692 2018 767 2079 hinc
791 2038 847 2099 per
867 2018 937 2100 ejus
959 2039 1031 2082 eum
1047 2020 1123 2083 vino
1145 2041 1216 2102 per·
1270 2028 1474 2110 cupiscentiae
1494 2037 1525 2091 ct
1543 2029 1678 2111 peccati,
1695 2038 1731 2091 ut
1750 2030 1842 2112 panis
1862 2030 1992 2092 triticeus

468 2114 664 2192 mixtionem,
691 2116 839 2179 adunatio
868 2117 970 2197 plebis
995 2137 1068 2179 cum
1092 2119 1215 2182 Christo
1309 2126 1478 2189 Sacasnos.
1496 2127 1640 2190 —Nune
1655 2127 1813 2190 delorma
1828 2126 1993 2191 sacramenti

468 2212 665 2294 exprimitur.
678 2213 831 2295 Denique,
843 2215 966 2277 etiamsi
982 2216 1014 2277 in
1030 2216 1214 2298 hujusmodi

469 2330 550 2392 pane
566 2320 597 2373 et
616 2312 691 2375 vino
710 2313 750 2374 lit
768 2314 976 2393 consecratio,
993 2316 1138 2395 quamvis
1159 2315 1216 2379 liat

469 2409 601 2471 aliamm
627 2411 830 2473 materiarum
855 2413 1016 2493 admixtio,
1042 2414 1215 2477 dummodo

469 2527 544 2569 vera
568 2517 681 2570 natura
704 2510 796 2590 panis
822 2510 936 2572 triticei
958 2519 989 2573 et
1008 2530 1082 2573 vera
1103 2521 1215 2575 natura

469 2604 536 2667 viui
551 2605 626 2667 vitis
641 2605 911 2687 praedominentur
925 2628 961 2670 ac
975 2617 1135 2686 maneant,
1144 2628 1216 2672 eon-

468 2702 559 2765 decet
573 2712 690 2783 tamen,
707 2711 771 2765 tam
794 2712 922 2786 propter
941 2706 1150 2769 reverentiam
1167 2727 1215 2769 sa-

467 2801 620 2862 cramenti
644 2820 738 2882 quam
764 2802 805 2865 oh
829 2803 1027 2884 spiritualem
1052 2804 1215 2885 siguifica-

467 2898 598 2979 tionem,
624 2900 709 2980 quod
738 2900 779 2961 sit
806 2901 939 2981 pulcher
967 2909 998 2964 et
1026 2921 1124 2982 purus
1149 2902 1213 2982 (vel

1270 2223 1367 2305 hujus
1390 2232 1517 2307 tangere
1539 2226 1615 2306 quid
1638 2225 1791 2307 digneris.

1442 2486 1687 2551 ARTICULUS
1714 2487 1841 2550 XXXI.

1307 2635 1355 2693 Dc
1381 2634 1500 2709 formis
1526 2636 1803 2694 consecrationum
1832 2635 1964 2710 corporis

1448 2730 1478 2781 et
1503 2724 1677 2799 sanguinis
1701 2724 1834 2784 Christi.

1308 2907 1453 2969 Vuairas.
1483 2944 1524 2954 -
1551 2908 1594 2971 lle
1629 2908 1733 2971 forma
1768 2908 1993 2973 consecrationis

467 2995 578 3058 saltem
606 3017 669 3060 uon
700 2997 835 3060 multum
861 2999 989 3079 mixtus)
1015 3000 1107 3081 panis
1136 3001 1250 3067 triti-C
1269 3005 1410 3087 eorporis
1434 3004 1549 3067 Christi
1574 3024 1685 3070 omnes
1711 3008 1902 3071 concordant
1926 3007 1992 3089 quod

467 3112 553 3172 ecus,
575 3114 639 3159 non
659 3116 818 3175 corrosus,
834 3117 898 3160 uon
918 3098 1047 3178 fractus,
1065 3119 1129 3162 nou
1149 3119 1214 3162 ma-

468 3192 606 3257 culosus.
624 3194 675 3256 Sic
694 3202 726 3257 et
746 3195 785 3256 de
805 3195 880 3257 viuo
899 3197 1069 3259 dicendum
1089 3206 1136 3260 est
1156 3218 1213 3261 suo

467 3293 561 3356 modo
585 3316 593 3355 ε
617 3293 687 3356 ideo
711 3294 822 3355 vinum
847 3313 965 3357 novum
988 3297 1092 3359 adhuc
1119 3297 1213 3359 laecu-

467 3392 588 3454 lentum
613 3410 677 3455 non
699 3392 846 3472 congruit
867 3394 964 3475 poni3
990 3395 1039 3456 vel
1063 3396 1089 3456 si
1120 3396 1211 3457 vitari

466 3508 529 3553 non
556 3490 668 3568 valeat,
694 3490 883 3572 tempestive
910 3499 958 3553 est
981 3493 1210 3573 reponendum,

466 3598 502 3650 ut
526 3588 619 3651 laeces
643 3589 848 3669 descendant,
875 3589 983 3672 sieque
1011 3591 1210 3672 depuratum,

467 3687 628 3750 deleratur
648 3688 687 3749 ad
708 3687 818 3749 altare.

506 3787 672 3849 Sssaaoos
689 3822 730 3831 -
743 3785 848 3867 Aliqui
864 3786 976 3849 dicunt
990 3787 1022 3848 iu
1037 3807 1120 3868 pane
1135 3788 1214 3871 spel·

466 3886 532 3948 tino
547 3884 663 3948 coulici
679 3904 783 3967 posse,
800 3886 884 3965 quod
903 3892 935 3947 et
953 3884 992 3947 de
1007 3893 1131 3966 agresta
1145 3887 1214 3967 opi-

465 3991 583 4045 nantur
603 4002 640 4045 ac
662 3991 778 4045 musto.

505 4082 651 4143 Vestras.
675 4081 779 4142 -De
801 4088 905 4142 musto
928 4088 1053 4161 potost;
1076 4083 1116 4143 de
1142 4082 1213 4144 aliis

1269 3102 1309 3165 sit
1330 3103 1400 3181 ista,
1421 3104 1486 3166 Ηοο
1509 3112 1557 3166 est
1577 3106 1663 3167 euim
1686 3124 1803 3188 corpus
1823 3126 1924 3169 meum
1939 3130 1945 3166 :
1959 3106 1992 3165 ita
2010 3130 2063 3173 aaa

1267 3208 1372 3263 mmen
1401 3202 1485 3281 quod
1515 3202 1699 3283 conjunctio
1727 3204 1794 3282 illa,
1822 3204 1916 3284 enim,
1942 3193 2080 3299 noum

1267 3306 1316 3361 est
1334 3299 1374 3361 do
1396 3299 1535 3361 essentia
1556 3298 1677 3380 forma,
1694 3320 1753 3363 nec
1776 3302 1913 3364 Christus
1931 3317 1992 3361 usus
2003 3315 2079 3361 rulo,

1267 3403 1316 3457 est
1339 3414 1387 3474 ea,
1413 3404 1445 3458 et
1468 3396 1494 3457 si
1521 3398 1694 3475 omittatur,
1720 3398 1820 3461 nihilo
1845 3398 1942 3460 minus
1963 3382 2051 3456 lit¹¹·²⁶·

1268 3494 1485 3573 cousecrati03
1508 3495 1563 3557 sed
1587 3514 1624 3557 ex
1649 3497 1813 3578 proposito
1831 3516 1899 3559 eam
1918 3492 1992 3557 omit-

1268 3601 1345 3671 tere,
1371 3600 1455 3654 esset
1479 3592 1670 3671 damnabile,
1693 3594 1768 3674 quia
1793 3604 1900 3658 contra
1922 3591 1993 3654 iusti·

1269 3697 1371 3751 tutum
1386 3688 1547 3767 Ecclesia,
1564 3698 1596 3752 et
1615 3690 1684 3773 ipsc
1706 3711 1850 3755 summus
1865 3712 1898 3755 ac
1917 3707 1994 3771 gane-

1270 3788 1343 3851 ralis
1365 3787 1504 3850 vicarius
1526 3788 1654 3867 Christi,
1670 3789 1874 3853 beatissimus
1892 3790 1992 3863 Petms

1269 3906 1307 3967 ex
1341 3885 1489 3948 lamiliari
1525 3894 1556 3947 et
1591 3895 1714 3950 secreto
1741 3888 1876 3969 Spiritus
1906 3882 1993 3948 Sancti

1269 3984 1422 4046 instinctu
1437 3984 1559 4045 addidit
1573 3994 1695 4063 eam,et
1709 3985 1769 4048 hoc
1784 4005 1822 4048 ax
1837 3980 1992 4049 rationabili

1269 4101 1375 4159 causa,
1392 4082 1431 4143 ad
1451 4082 1682 4163 designandum
1699 4084 1956 4147 continuationem
1969 4086 1994 4141 et

466 4189 538 4244 tene
553 4180 636 4261 quod
656 4178 731 4241 dixi.
749 4178 792 4241 De
815 4179 939 4241 triticeo
958 4199 1083 4261 quoque
1105 4200 1213 4262 azymo
1229 4177 1253 4239 D
1269 4180 1413 4243 ordinem
1439 4181 1478 4242 ad
1503 4182 1716 4262 precedentis
1740 4181 1839 4245 verba
1861 4191 1891 4244 et
1908 4186 1991 4262 gesta.

466 4278 582 4342 ooulici
599 4278 704 4355 debet,
722 4295 784 4340 nou
800 4278 839 4339 de
855 4277 1053 4354 fermentato,
1068 4280 1213 4359 quamvis

466 4378 499 4440 in
524 4378 579 4440 illo
607 4374 805 4439 consecratio
831 4375 898 4451 liat,
927 4384 958 4438 et
986 4376 1026 4437 ab
1054 4377 1214 4457 aliquibus

466 4476 514 4554 lit,
541 4476 596 4557 qui
621 4482 767 4557 peccant,
794 4474 941 4537 Romania
965 4474 1115 4537 Ecclesia
1141 4495 1216 4538 con-

465 4574 665 4637 suetudinem
687 4591 751 4636 uou
774 4573 946 4653 sequendo,
969 4592 1067 4653 quum
1090 4582 1121 4636 et
1147 4574 1214 4655 ipse

466 4674 608 4736 Salvator
637 4671 670 4732 in
696 4688 805 4753 azymo
833 4672 1069 4733 consecraverit
1096 4691 1178 4754 pane
1205 4696 1211 4733 :

465 4771 616 4854 quoniam
644 4788 738 4833 omne
763 4768 988 4831 lermentatum
1015 4769 1214 4832 abstulerunt

464 4870 562 4934 ludaei
588 4871 627 4932 de
652 4868 798 4931 domibus
823 4866 888 4929 suis
912 4866 981 4947 ipsa
1002 4868 1113 4948 quinta
1133 4867 1214 4932 feria

465 4970 503 5031 ad
519 4986 696 5049 vesperam,
714 4966 746 5028 in
765 4984 829 5046 qua
844 4965 1022 5028 institutum
1043 4975 1092 5029 est
1107 4967 1216 5031 Sacra-

465 5074 607 5130 mentum
621 5088 629 5143 3
646 5072 678 5127 et
691 5063 915 5127 damnabiliter
928 5075 1114 5128 erraverunt
1133 5066 1216 5129 Graa-

465 5165 506 5242 ci,
529 5171 704 5227 asserentes
725 5162 893 5225 Dominum
913 5161 1104 5243 anticipasse
1126 5183 1215 5225 esum

463 5262 537 5346 agui
566 5261 725 5345 paschalis
754 5280 812 5343 per
834 5260 929 5340 diem,
955 5259 999 5322 ita
1023 5262 1111 5341 quod
1137 5262 1217 5325 leria

1309 4279 1476 4341 Sacranos.
1492 4314 1533 4323 -
1551 4280 1600 4340 An
1621 4279 1787 4343 celebrans
1807 4280 1923 4364 profert
1940 4277 1993 4337 hac

1268 4377 1364 4439 verba
1397 4377 1499 4440 solum
1528 4378 1559 4438 in
1593 4378 1706 4440 Christi
1736 4398 1881 4460 persona,
1908 4386 1934 4439 et
1958 4392 1994 4434 re

1269 4475 1396 4538 citative
1414 4494 1451 4537 ac
1473 4475 1680 4538 materialiter
1704 4484 1839 4555 tantum,
1860 4496 1897 4539 an
1915 4473 1992 4536 etiam

1269 4574 1302 4636 iu
1322 4574 1450 4655 propria
1470 4592 1615 4655 persona,
1633 4584 1664 4637 et
1684 4575 1916 4655 significatiset

1309 4672 1453 4734 Vnarras.
1479 4708 1520 4717 —
1541 4672 1577 4734 ln
1601 4692 1738 4754 persona
1762 4673 1876 4735 Christi
1897 4669 1994 4755 princi·

1270 4769 1393 4851 paliter,
1411 4778 1442 4832 et
1463 4769 1647 4849 recitative;
1664 4778 1695 4833 et
1717 4771 1813 4833 etiam
1836 4772 1867 4833 in
1888 4768 1994 4853 propria

1269 4887 1416 4949 persona,
1442 4876 1477 4930 ut
1501 4876 1550 4930 est
1573 4868 1688 4931 Christi
1716 4869 1863 4933 minister
1884 4888 1918 4931 ac
1939 4884 1994 4948 pre

1270 4967 1387 5049 sbyter,
1404 4986 1441 5029 ac
1464 4966 1691 5049 significative,
1712 4978 1747 5030 ut
1768 4968 1911 5031 elliciant
1926 4962 1993 5046 quod

1271 5066 1440 5147 designant
1457 5065 1618 5128 :Christus
1641 5085 1778 5147 namque
1800 5064 1994 5129 sacerdotibus

1269 5164 1364 5246 jussit
1387 5172 1420 5225 ut
1441 5163 1561 5227 laciant
1581 5165 1612 5226 id
1636 5164 1720 5245 quod
1742 5165 1811 5247 ipse
1835 5189 1842 5225 :
1862 5165 1926 5227 Hac
1946 5160 1994 5239 (iu—
2005 5154 2077 5259 1ξῆΪῖ

1271 5262 1399 5344 quiens)
1421 5261 1454 5324 in
1476 5262 1538 5326 mei
1558 5262 1744 5326 memoriam
1766 5262 1898 5327 iacietis.
2004 5268 2077 5329 „qa
