4309 6259
403 460 463 527 att
929 484 1087 530 sxrosrmo
1107 483 1215 530 uisse.
1238 502 1278 513 -
1299 484 1367 530 uns.
1392 484 1424 530 Μ

444 653 566 736 Septies
591 673 717 737 quoque
746 656 899 718 salutatur
922 654 1061 738 populus
1085 671 1150 716 ma·
1164 654 1189 716 A
1205 662 1314 736 utpote
1337 654 1493 718 mediator
1515 655 1570 719 Dei
1594 664 1626 719 et
1649 655 1764 739 plebis.
1789 656 1840 718 Ait
1863 654 1955 719 enim

404 750 520 815 nifeste
540 754 647 816 verbis
667 754 839 836 praedictis,
860 755 923 816 nisi
945 754 1029 835 quod
1051 754 1149 817 semel
1204 752 1338 815 Basilius
1356 776 1362 814 :
1380 752 1529 817 Divinum
1543 753 1696 817 auxilium
1715 754 1955 836 implorandum

404 867 461 930 pro
487 873 504 910 «
528 851 681 915 Dominus
705 851 871 916 vobiscum
895 874 912 911 n
937 852 1064 932 dicitur,
1089 853 1149 914 Pax
1204 859 1335 913 estnon
1355 852 1497 929 remisse,
1520 871 1579 915 nac
1599 861 1705 916 mente
1723 851 1788 916 buc
1811 851 1955 933 illucque

403 948 528 1011 Domini
554 950 596 1011 sit
620 969 746 1032 semper
768 951 934 1013 vobiscum
960 974 967 1011 :
993 959 1150 1032 quatenus
1204 956 1350 1030 vagante.
1367 948 1456 1029 Nam,
1474 949 1556 1013 siout
1575 951 1620 1013 ait
1639 950 1793 1029 Christus,
1813 950 1953 1033 Spiritus
1975 978 2099 1027 rma,

402 1048 540 1110 exclusis
554 1056 676 1129 septam
696 1050 882 1113 mortalibus
903 1049 1001 1127 vitiis,
1018 1049 1150 1129 implea-
1204 1054 1252 1108 est
1274 1047 1368 1126 DeuS,
1392 1055 1424 1110 et
1447 1067 1501 1111 eos
1528 1048 1584 1131 qui
1608 1049 1751 1130 adorant,
1775 1049 1808 1111 in
1835 1049 1952 1131 spiritu
1970 1043 2004 1083 ἰ

401 1154 455 1209 tur
468 1155 588 1228 septem
603 1148 696 1210 donis
710 1147 846 1229 Spiritus
858 1147 975 1227 Sancti,
983 1156 1015 1210 et
1024 1146 1149 1209 actibus
1205 1153 1236 1207 et
1253 1144 1535 1209 veritateadorare
1555 1154 1688 1229 oportet.

401 1253 523 1325 septem
559 1244 785 1326 principalium
820 1245 985 1323 virtutum,
1014 1263 1148 1327 quarum
1244 1243 1364 1317 Quanta
1384 1263 1459 1307 vero
1479 1244 1521 1307 sit
1537 1244 1677 1327 dignitas
1697 1244 1860 1308 rationalis
1884 1266 1953 1309 cre-

400 1350 477 1420 tres,
510 1342 633 1405 scilicet
665 1342 759 1421 fides,
795 1361 879 1424 spes,
914 1342 1039 1420 caritas,
1075 1351 1149 1404 sunt
1204 1348 1312 1420 atum,
1339 1360 1409 1422 quae
1433 1341 1532 1403 Deum
1556 1360 1614 1424 pro
1635 1342 1727 1407 libito
1751 1342 1785 1404 in
1808 1344 1953 1407 oratioue

400 1440 597 1522 theologicae,
614 1440 743 1521 reliquae
764 1450 910 1522 quatuor,
932 1440 1056 1503 scilicet
1074 1461 1148 1523 pru·
1204 1438 1322 1519 alloqui
1347 1446 1460 1521 potest,
1483 1439 1723 1521 chrysostomus
1744 1440 1878 1523 pulchre
1899 1442 1955 1503 de-

398 1538 517 1616 dentia,
538 1557 608 1619 quaa
632 1548 680 1601 est
703 1540 737 1600 in
762 1539 895 1617 ratione,
921 1538 1148 1620 justitiaque
1204 1536 1334 1598 clarat:
1360 1536 1541 1615 Considera,
1572 1537 1733 1618 inquiens,
1759 1546 1877 1619 quanta
1905 1548 1955 1603 est

399 1644 447 1700 est
474 1637 509 1698 in
536 1636 710 1716 voluntate,
740 1635 904 1715 lortitudo,
934 1656 1004 1718 qum
1039 1644 1087 1698 est
1114 1636 1147 1696 in
1203 1633 1261 1695 libi
1277 1652 1429 1697 concessa
1442 1634 1592 1713 lelioitas,
1608 1644 1727 1715 quanta
1745 1636 1848 1718 gloria
1866 1637 1956 1699 attri-

398 1735 540 1816 appetitu
569 1734 735 1815 irascibili,
766 1735 976 1818 temperantia
1007 1753 1146 1816 quoque,
1204 1731 1289 1809 buta,
1311 1732 1508 1795 orationibus
1532 1731 1667 1796 labulari
1687 1752 1761 1796 cum
1783 1735 1858 1813 Deo,
1879 1755 1955 1797 oum

398 1851 467 1915 quaa
492 1841 540 1895 est
563 1832 597 1894 in
621 1832 879 1914 concupiscibili,
902 1832 1091 1909 cardinales,
1115 1832 1146 1894 id
1166 1829 1325 1893 beristo
1340 1829 1475 1894 miscere
1491 1830 1659 1913 colloquia,
1676 1841 1786 1913 optare
1800 1833 1884 1914 quod
1901 1852 1956 1895 ve

397 1939 446 1993 est
461 1929 665 2012 principales,
682 1939 848 2010 vocantur,
865 1939 896 1992 et
910 1930 983 2008 hoo,
1000 1938 1147 2012 respectu
1203 1928 1253 2008 lis,
1270 1936 1301 1991 et
1320 1930 1404 2010 quod
1420 1929 1581 1993 desideras
1597 1930 1768 2013 postulare.
1784 1930 1822 1993 Et
1837 1932 1956 1995 iterum

399 2038 574 2092 ceterarum
592 2028 744 2090 virtutum
758 2028 1022 2109 moraliumque
1037 2046 1148 2091 omnes
1203 2027 1247 2089 ait
1272 2050 1278 2088 :
1303 2025 1470 2108 Nunquam
1494 2028 1596 2091 oranti
1623 2027 1784 2091 beneficia
1804 2031 1954 2112 denegat,

399 2129 438 2190 ad
463 2128 520 2190 has
543 2135 679 2208 quatuor
703 2128 907 2189 reducuntur.
932 2127 1070 2189 Virtutes
1094 2147 1149 2189 au·
1203 2125 1258 2206 qul
1281 2134 1316 2187 ut
1336 2132 1462 2187 orantes
1484 2145 1549 2189 non
1570 2125 1736 2205 deficiant,
1758 2146 1815 2189 sua
1835 2127 1955 2210 pietate

399 2232 463 2287 tem
486 2225 673 2306 theologicae
695 2225 858 2306 digniores
883 2233 957 2286 sunt
977 2224 1148 2286 virtutibus
1205 2222 1345 2304 instigat.

399 2322 624 2385 cardinalibus.
652 2321 825 2402 Quinquies
853 2322 948 2384 etiam
976 2322 1073 2385 vertit
1100 2341 1148 2385 sa·
1243 2321 1297 2383 Est
1310 2339 1436 2403 quoque
1452 2322 1627 2384 secundum
1642 2323 1872 2387 Damasoanum
1887 2342 1956 2387 ora-

399 2421 511 2483 aerdos
526 2439 560 2482 se
574 2420 613 2481 ad
633 2418 799 2501 populum,
815 2427 928 2499 quater
946 2439 1019 2482 eum
1039 2429 1147 2501 aperte
1202 2418 1259 2498 tio,
1277 2419 1386 2501 petitio
1404 2419 1584 2482 decentium
1605 2440 1623 2483 a
1638 2421 1713 2501 Deo,
1730 2422 1781 2484 vel
1801 2441 1955 2485 ascensus

399 2517 576 2597 salutando,
598 2525 630 2579 et
654 2516 751 2579 semel
776 2517 811 2578 in
833 2517 960 2580 silentio
985 2519 1079 2580 vertit
1101 2538 1144 2595 se,
1204 2518 1385 2579 intellectus
1410 2518 1443 2579 in
1469 2518 1598 2580 Deum:
1626 2520 1789 2602 undequi
1814 2522 1884 2584 sine
1910 2531 1962 2584 at-

397 2624 527 2698 propter
554 2615 695 2698 quinque
724 2617 937 2698 apparitiones
965 2616 1079 2679 Christi
1114 2617 1146 2679 in
1203 2615 1344 2678 tentione
1362 2615 1453 2697 petit,
1474 2616 1524 2677 vel
1544 2634 1614 2697 quae
1634 2618 1771 2699 petenda
1789 2638 1855 2682 non
1879 2628 1957 2682 sunt

249 2737 368 2781 uma
369 2714 449 2789 die
465 2714 615 2776 Pasohae:
629 2732 763 2795 quarum
778 2715 934 2795 quatuor
926 2734 960 2776 rn
974 2714 1146 2795 Evangelio
1203 2714 1352 2795 postulat,
1368 2732 1433 2777 non
1452 2714 1699 2779 veraciterorat.
1716 2715 1754 2779 Et
1775 2719 1956 2780 curandum

249 2799 383 2913 Ήζῗζ
398 2812 642 2889 describuntur;
663 2813 718 2875 sed
742 2832 811 2894 quae
830 2812 918 2874 Petro
940 2812 1081 2875 creditur
1101 2812 1147 2875 fa·
1202 2819 1250 2873 est
1271 2811 1385 2891 oranti,
1407 2820 1442 2873 ut
1463 2812 1575 2875 saltem
1594 2832 1667 2875 curn
1690 2812 1815 2877 fervore
1836 2817 1957 2879 oratio-

264 2876 369 2969 ’Μῖμιῖ
398 2919 459 2990 cta,
476 2929 540 2973 non
564 2910 681 2992 legitur
699 2911 753 2972 ubi
775 2910 824 2972 vel
847 2912 1015 2991 quomodo.
1203 2928 1277 2971 nem
1306 2909 1475 2991 incipiat:
1506 2918 1582 2973 tuno
1611 2911 1696 2973 enim
1729 2920 1830 2976 toturn
1868 2916 1955 2995 quod

249 3001 382 3093 ml’
348 2990 382 3038 ⁹
437 3009 543 3087 Porro,
574 3008 658 3071 lacta
691 3007 914 3070 resalutatione
950 3008 1128 3090 populi,lt
1125 3008 1355 3117 tcsequitur,
1383 3008 1531 3071 virtutem
1560 3009 1665 3087 habet,
1692 3010 1845 3091 quoniam
1870 3013 1957 3076 Deus

252 3117 326 3164 ¹³4¹
350 3117 383 3156 ³⁶
397 3127 468 3167 cum
491 3109 646 3183 spirituc
648 3126 701 3175 uo,
721 3106 867 3169 sacerdos
892 3125 1019 3188 precem
1038 3107 1145 3169 lundit
1203 3105 1338 3186 primam
1360 3106 1479 3168 orantis
1503 3106 1712 3170 intentionem
1736 3110 1882 3187 attendit,
1905 3131 1957 3173 se

250 3176 296 3219 Μ
251 3189 383 3290 ,ξ’ᾒῗζζ
398 3222 455 3286 pro
480 3204 598 3285 populo
628 3212 659 3265 et
683 3222 727 3265 se.
755 3203 877 3265 Dicitur
900 3205 1037 3265 autem
1029 3224 1061 3266 m
1087 3205 1145 3267 Ra·
1202 3202 1341 3264 eundum
1368 3203 1530 3267 Thomam.
1553 3203 1640 3278 Quod
1665 3206 1692 3268 si
1717 3206 1789 3269 talis
1816 3208 1956 3273 intentio
1976 3238 2062 3280 sm,
2076 3236 2106 3277 u

251 3315 288 3351 1'·
298 3304 320 3344 ⁵·
397 3301 507 3364 tionali
532 3302 724 3380 divinorum,
748 3302 831 3382 quod
857 3321 1008 3364 numerus
1030 3304 1146 3366 oratio
1201 3300 1360 3381 principio
1384 3302 1536 3365 orationis
1559 3302 1683 3382 desit,'
1675 3323 1744 3385 ipsa
1765 3306 1867 3387 oratio
1889 3303 1996 3370 neo²¹

397 3420 475 3462 num
503 3420 629 3483 semper
657 3400 717 3463 erit
746 3399 859 3482 impar,
891 3401 1041 3464 videlicet
1068 3423 1143 3481 una,
1201 3397 1402 3479 impetrativa
1430 3418 1490 3462 nec
1519 3400 1682 3464 meritoria
1710 3410 1769 3479 est,
1801 3411 1835 3465 ut
1864 3404 1955 3467 idem
1972 3312 2103 3477 ff?
2086 3384 2098 3411 ¹

398 3507 526 3580 propter
541 3498 694 3561 unitatem
708 3498 826 3560 divinat
840 3507 980 3575 naturae3
997 3496 1142 3579 veltres,
1201 3502 1342 3559 testatur.
1368 3498 1433 3561 Hoc
1457 3505 1565 3560 tamen
1594 3517 1657 3562 non
1687 3500 1832 3583 intelligo
1858 3503 1955 3583 quasi

398 3606 527 3681 pmptor
550 3596 735 3679 mysterium
765 3596 947 3676 Trinitatis;
975 3599 1024 3660 vel
1053 3599 1146 3678 quin·
1201 3614 1295 3659 orans
1309 3614 1373 3658 non
1393 3596 1494 3678 possit
1513 3596 1545 3658 in
1566 3598 1787 3678 prosecutione
1802 3619 1868 3663 suae
1882 3619 1957 3664 ora-

397 3716 471 3777 que,
487 3704 616 3778 propter
634 3695 775 3776 quinque
794 3696 927 3758 vulnera
941 3696 1077 3773 Christi3
1095 3698 1144 3759 vel
1202 3693 1297 3756 tionis
1322 3693 1496 3776 quidquam
1522 3694 1649 3774 mereri,
1675 3696 1702 3758 si
1731 3696 1765 3758 in
1790 3698 1957 3781 principio

398 3803 530 3876 septem,
551 3793 626 3875 quia
646 3802 692 3857 tot
712 3801 786 3855 sunt
806 3793 970 3875 particula
989 3793 1146 3856 Orationis
1201 3796 1338 3853 attentus
1366 3809 1431 3854 non
1460 3792 1626 3855 exstiterit.
1659 3794 1691 3857 Sl
1720 3795 1808 3858 enim
1836 3797 1958 3860 distra-

396 3892 576 3955 dominioas.
597 3889 661 3953 Nec
686 3890 793 3973 plures
817 3890 891 3953 lieri
916 3893 1043 3969 debent,
1070 3910 1147 3972 quo·
1201 3888 1340 3951 ctionem
1365 3909 1454 3951 suam
1478 3891 1659 3969 adverterit,
1685 3900 1717 3955 et
1741 3902 1881 3956 mentem
1911 3897 1956 3959 ad

397 3990 485 4052 niam
500 3988 641 4051 Christus
660 3987 746 4050 huno
765 4007 934 4051 numerum
956 4008 1020 4052 non
1041 4009 1147 4052 exces-
1201 3985 1300 4049 Deum
1321 3990 1467 4068 erexerit,
1493 3988 1720 4071 negligentiam
1744 4011 1834 4055 suam
1860 4012 1958 4058 reeu-

398 4088 450 4166 sit,
466 4086 529 4149 nisi
544 4085 625 4149 lorte
640 4093 770 4166 propter
784 4085 955 4167 specialem
977 4087 1144 4151 rationem.
1201 4086 1333 4167 perabit.
1352 4087 1412 4149 Sed
1432 4087 1494 4149 hoc
1515 4107 1615 4150 unum
1636 4089 1760 4171 opinor,
1781 4091 1865 4172 quod
1885 4092 1958 4156 dis-

397 4186 499 4259 Quum
528 4202 604 4247 vero
631 4181 739 4265 plures
767 4183 926 4247 orationes
954 4184 1143 4265 lunduntur,
1161 4186 1186 4247 li
1202 4183 1314 4247 tractio
1337 4184 1454 4247 mantis
1477 4184 1511 4246 in
1540 4186 1699 4268 principio
1727 4189 1879 4252 orationis
1908 4192 1957 4254 sit

397 4284 492 4348 debet
505 4281 617 4344 ultima
636 4282 948 4363 correspondentiam
969 4281 1086 4346 habere
1106 4286 1145 4346 ad
1201 4282 1303 4363 magis
1327 4282 1506 4363 periculosa
1530 4291 1624 4365 atque
1647 4285 1763 4349 nociva
1793 4306 1888 4367 quam
1915 4288 1956 4351 in

398 4382 534 4464 primam
555 4404 562 4442 :
584 4388 616 4443 et
635 4379 707 4443 ideo
728 4380 761 4441 in
784 4379 876 4441 llissa
897 4399 955 4461 pro
978 4380 1060 4443 vivis
1082 4382 1147 4445 col·
1201 4398 1351 4460 processu
1380 4404 1386 4443 :
1414 4380 1479 4445 imo
1502 4388 1535 4444 et
1558 4382 1591 4443 in
1615 4382 1683 4445 line
1711 4384 1863 4449 orationis
1891 4406 1956 4451 seu

397 4481 480 4543 lecta
504 4498 561 4560 pro
584 4478 719 4541 mortuis
743 4478 888 4540 addenda
912 4489 1057 4558 nonest,
1083 4480 1145 4543 nisi
1200 4477 1303 4540 laudis
1327 4479 1443 4543 divinae
1466 4480 1538 4563 plus
1556 4481 1647 4545 obest
1667 4481 1830 4548 distractio
1851 4504 1955 4567 quarn

397 4576 575 4661 penultimo
596 4576 666 4639 loco
688 4575 738 4637 vel
761 4576 1021 4656 antepenultimo.
1202 4576 1234 4639 in
1259 4578 1375 4640 medio.
1405 4579 1492 4641 Unde
1519 4579 1687 4643 Cassianus
1715 4582 1849 4644 multum
1873 4584 1956 4647 bor-
1972 4610 2118 4665 esame

437 4675 599 4751 Praeterea,
630 4674 776 4754 quamvis
809 4673 928 4754 ubique
961 4683 993 4736 et
1020 4694 1146 4757 semper
1200 4681 1283 4737 tatur
1297 4693 1355 4738 nos
1374 4682 1409 4737 ut
1430 4676 1612 4739 studeamus
1632 4678 1807 4742 orationem
1826 4698 1864 4742 aa
1878 4681 1954 4745 lau·
1970 4673 2105 4727 *²⁶⁰⁸*

397 4773 480 4836 Deus
507 4772 548 4834 ab
576 4772 662 4835 omni
692 4770 870 4834 Christiano
899 4781 1081 4835 reverenter
1114 4783 1146 4836 et
1200 4774 1273 4835 dem
1297 4772 1439 4835 divinam
1468 4794 1542 4837 curn
1570 4774 1696 4839 lervore
1719 4776 1826 4855 linire,
1849 4788 1882 4841 et
1905 4781 1954 4844 da

397 4890 476 4953 pure
499 4877 594 4950 atque
618 4868 755 4931 sollicite
779 4870 955 4932 exorandus
980 4871 1142 4949 consistat,
1199 4870 1371 4934 omissione
1394 4881 1426 4935 et
1450 4871 1544 4955 culpa
1566 4874 1714 4936 admissis
1738 4876 1863 4938 veniam
1888 4878 1956 4941 bu-

396 4989 415 5031 a
430 4968 592 5030 sacerdote
607 4975 713 5029 tamen
728 4966 761 5028 in
773 4965 866 5029 llissa
880 4974 967 5030 tanto
982 4968 1144 5031 ardentius
1199 4968 1320 5030 militer
1333 4969 1503 5051 implorare
1520 4994 1527 5031 ι
1543 4970 1604 5033 hoo
1624 4972 1743 5054 quippe
1763 4974 1856 5037 valde
1875 4995 1956 5057 pro-

396 5066 617 5146 sinoeriusque
645 5065 784 5126 orandus
813 5073 871 5143 est,
902 5074 1021 5146 quanto
1049 5086 1144 5128 causa
1198 5064 1321 5128 ficuum
1343 5075 1401 5129 est.

395 5164 506 5228 orandi
530 5172 578 5226 est
601 5162 716 5243 major,
738 5170 771 5225 et
795 5163 900 5244 ipsum
925 5163 1072 5227 ollioium
1096 5166 1144 5227 di-
1238 5163 1387 5236 Quamvis
1415 5173 1521 5229 autern
1546 5166 1646 5230 oratio
1670 5167 1744 5233 boni
1771 5171 1955 5237 sacerdotis

394 5263 501 5345 gnius,
527 5279 662 5343 persona
690 5279 816 5343 quoque
841 5261 964 5325 Christo
990 5262 1138 5342 vicinior,
1198 5262 1364 5327 ellicacior
1378 5263 1420 5326 sit
1433 5264 1471 5326 ad
1489 5263 1721 5345 impetrandum
1744 5285 1839 5349 quatu
1855 5270 1952 5353 mali,
