4309 6259
323 511 364 557 ΒΕ
384 511 586 559 sambrino
606 512 736 559 attalus
756 512 794 557 Π
813 511 912 559 1188AE
931 511 1160 559 dnnnnnnnlonn
1182 513 1339 561 blateolis.
1361 530 1402 543 -
1421 512 1490 559 ann.
1514 514 1577 560 xvh
1664 496 1725 563 405

183 702 253 746 nem
277 702 333 745 sex
356 702 427 746 esse
450 681 690 746 consideranda.
713 682 855 745 Primum
876 684 965 745 esth
980 691 1065 763 sunt,
1091 684 1151 747 hoc
1179 690 1229 746 est
1252 685 1292 747 ad
1320 685 1557 765 exsequendum
1581 691 1671 747 actus
1694 693 1726 748 et

183 780 329 844 discretio
360 780 492 845 rationis
526 788 673 861 respectu
706 781 860 858 veritatis,
890 787 926 843 nt
979 800 1075 863 opera
1111 782 1216 845 cultus
1251 782 1364 845 divini.
1396 783 1451 845 Est
1484 782 1571 846 enim
1599 782 1725 847 devotio

183 886 291 961 penset
311 877 384 959 quis
407 878 484 960 quid
509 876 652 959 recipiet,
668 877 819 941 videlicet
841 878 924 959 quod
980 888 1069 943 actus
1091 880 1201 961 latriae,
1217 899 1286 962 quaa
1311 888 1360 943 est
1383 882 1485 944 virtus
1510 881 1638 945 moralis
1662 882 1726 945 Deo

183 977 247 1058 ipse
267 995 398 1059 pauper,
413 974 618 1040 defectuosus
639 994 676 1039 ac
699 974 823 1057 fragilis
842 976 926 1038 acci·
980 977 1101 1040 cultum
1117 978 1396 1061 cerimoniamque
1413 979 1726 1061 impendens.ltaque

181 1075 244 1158 piet
261 1074 420 1138 Christum
439 1075 538 1137 heum
562 1082 594 1137 et
616 1074 791 1137 hominem.
808 1075 927 1137 Secun-
980 1084 1070 1138 actus
1094 1076 1194 1139 latriae
1218 1086 1293 1139 sunt
1316 1077 1455 1155 devotio,
1473 1085 1592 1156 votum,
1613 1077 1725 1155 oratio,
1824 1140 1826 1145 ,

180 1175 252 1236 dum
267 1181 317 1236 est
330 1173 446 1236 mentis
464 1172 592 1237 devotio
611 1180 758 1255 respectu
778 1172 926 1235 sanctita-
979 1174 1132 1254 adoratio,
1155 1174 1293 1239 laudatio
1316 1175 1383 1255 Dei,
1405 1175 1587 1255 celebratio,
1609 1175 1727 1239 oblatio
1769 1214 1774 1225 ·

179 1272 219 1333 tis
245 1270 344 1349 illins,
370 1279 406 1334 ut
428 1269 609 1334 consideret
635 1271 720 1352 quod
747 1270 802 1333 ille
829 1289 925 1352 quem
980 1271 1177 1335 decimamm
1214 1281 1246 1335 et
1281 1272 1493 1355 primitiarum
1528 1272 1727 1355 aliorumque

181 1378 292 1449 sumet,
309 1369 350 1431 sit
364 1369 497 1432 Sanctus
518 1369 718 1447 Sanctorum,
734 1377 766 1432 et
787 1369 830 1431 ita
851 1387 924 1431 cum
980 1389 1150 1433 munerum
1183 1389 1253 1452 quae
1287 1372 1351 1435 neo
1384 1370 1575 1451 offemntur,
1606 1390 1643 1435 ac
1672 1370 1727 1433 alii

179 1468 263 1531 omni
284 1468 453 1531 devotione
472 1466 635 1529 afficiatur
658 1468 697 1530 ad
719 1466 835 1549 ipsum.
853 1467 926 1529 'ler-
980 1476 1069 1531 actus
1090 1468 1319 1532 caerimoniales
1344 1468 1398 1551 qui
1423 1469 1487 1533 Deo
1512 1469 1544 1531 in
1566 1487 1623 1533 suo
1644 1469 1730 1532 exhi-

179 1566 256 1629 tium
268 1574 318 1629 est
334 1564 513 1629 reverentia
533 1564 640 1628 cordis
658 1573 806 1647 respectu
827 1565 926 1646 maje-
980 1567 1096 1630 bentur
1117 1566 1282 1647 obsequio,
1299 1574 1334 1629 ut
1357 1565 1564 1647 thurificatio,
1585 1566 1729 1649 genufle-

180 1663 265 1726 statis
290 1662 404 1745 ipsius,
429 1661 473 1725 ita
496 1669 532 1724 ut
555 1662 594 1724 ad
620 1663 715 1726 talem
741 1682 777 1725 ac
802 1671 925 1726 tantum
979 1665 1042 1744 xio,
1058 1664 1241 1747 prostratio,
1259 1664 1436 1729 inclinatio.

178 1762 344 1825 Dominum
359 1762 431 1842 quis
446 1779 511 1824 non
525 1761 588 1822 nisi
603 1780 677 1824 cum
693 1761 815 1843 ingenti
836 1780 926 1825 reve·
1020 1763 1052 1825 Si
1067 1781 1144 1845 ergo
1159 1761 1207 1825 vis
1223 1762 1305 1826 scire
1320 1782 1360 1825 an
1375 1782 1483 1827 veram
1497 1764 1615 1827 habeas
1634 1764 1730 1827 devo-

179 1860 279 1923 rentia
301 1860 452 1923 accedere
476 1878 513 1922 ac
538 1878 663 1923 sumere
687 1861 812 1923 audeat.
828 1858 962 1934 onor-n
979 1861 1112 1939 tionem,
1139 1861 1224 1924 intus
1253 1868 1284 1924 te
1312 1861 1446 1939 discute,
1477 1881 1517 1925 an
1541 1881 1579 1924 ex
1603 1862 1729 1925 sincero

178 1966 242 2020 tum
257 1966 308 2020 est
322 1975 462 2021 amorac
477 1956 670 2019 desiderium
693 1965 838 2039 respectu
860 1976 925 2019 snas
980 1958 1086 2021 cordis
1101 1957 1221 2021 affectu
1236 1958 1413 2038 detesteris,
1430 1960 1599 2023 abhorreas
1618 1979 1656 2022 ac
1676 1960 1730 2022 de-

178 2054 339 2132 bonitatis,
357 2054 450 2135 cujus
468 2071 576 2116 amore
595 2053 682 2116 allici
704 2054 799 2116 debet
823 2061 854 2117 et
878 2054 927 2115 in·
980 2057 1062 2119 vites
1081 2056 1236 2138 quidquid
1257 2056 1319 2119 scis
1346 2076 1415 2120 esse
1439 2065 1548 2121 contra
1571 2064 1730 2139 praecepta

178 2152 350 2232 flammari,
366 2160 398 2215 et
411 2170 613 2233 nequaquam
627 2170 702 2214 cum
723 2160 850 2235 torpore
872 2160 926 2214 aut
981 2153 1036 2217 Dei
1057 2161 1089 2216 et
1104 2154 1296 2217 vicariorum
1316 2154 1428 2237 ipsius,
1447 2153 1646 2236 superiorum
1660 2160 1730 2216 tno-

179 2249 269 2313 tedio
296 2248 468 2312 celebrare.
497 2248 650 2322 Quintum
675 2257 723 2311 est
749 2247 927 2312 affectuosa
982 2271 1052 2315 rum
1081 2252 1134 2331 (de
1162 2250 1279 2333 quibus
1307 2251 1432 2315 locutus
1456 2271 1527 2315 sum
1554 2275 1561 2313 :
1587 2251 1645 2326 Qui
1672 2269 1729 2315 vos
1743 2269 1877 2321 amano.

178 2347 373 2429 humilisque
405 2346 505 2411 oratio
539 2355 685 2429 respectu
718 2346 835 2410 divinae
863 2347 927 2409 cle-
981 2350 1080 2428 audit,
1102 2368 1153 2412 me
1177 2350 1284 2429 audit3
1310 2357 1343 2413 et
1365 2348 1420 2430 qui
1445 2368 1501 2413 vos
1526 2349 1658 2431 spernit,
1679 2368 1730 2411 me

178 2446 366 2523 mentiae,ex
381 2444 473 2524 cujus
488 2444 741 2507 consideratione
756 2444 851 2507 debet
863 2444 927 2506 fer·
982 2446 1129 2530 spernit),
1145 2448 1206 2510 hoc
1228 2454 1287 2525 est,
1308 2446 1335 2509 si
1355 2465 1449 2511 omne
1469 2448 1601 2510 mortale
1620 2466 1731 2528 pecca-

178 2551 290 2606 venter
303 2561 361 2625 pro
375 2542 462 2606 omni
478 2560 574 2604 causa
587 2541 729 2624 prefata,
748 2560 806 2624 pro
820 2541 925 2621 venia,
981 2554 1049 2608 tum
1065 2564 1139 2608 cum
1154 2544 1261 2608 debita
1282 2544 1449 2627 diligentia
1470 2545 1563 2623 vites,
1580 2552 1612 2607 et
1633 2546 1672 2608 de
1694 2563 1732 2608 eo

178 2641 276 2723 gratia
303 2660 340 2703 ac
364 2639 476 2721 gloria,
502 2647 596 2721 atque
625 2658 683 2721 pro
711 2640 800 2704 omni
829 2639 927 2720 hujus
982 2645 1067 2726 quod
1097 2642 1253 2724 contingit
1277 2642 1347 2721 tibi,
1373 2662 1412 2705 ex
1440 2644 1534 2706 corde
1562 2642 1730 2725 poeniteas,

179 2738 369 2802 sacramenti
398 2736 518 2801 effectu
541 2738 738 2801 ditissimum
764 2738 924 2801 invocare·
982 2742 1179 2821 confitearis,
1198 2742 1387 2821 satisfacias,
1403 2750 1513 2805 ettam
1536 2743 1614 2806 illud
1635 2762 1731 2825 quam

180 2838 309 2900 Sextmn
328 2842 378 2898 est
394 2855 510 2917 magna
530 2835 698 2917 diligentia
721 2855 760 2898 ex
783 2835 928 2898 conside-
983 2860 1077 2905 omne
1105 2841 1237 2903 mortale
1262 2858 1389 2922 semper
1417 2839 1517 2903 vitare
1545 2848 1610 2904 toto
1638 2859 1732 2923 posse

180 2936 303 2999 ratione
317 2934 483 2997 immensae
496 2934 672 2997 nobilitatis
693 2954 730 2997 ac
751 2933 927 3015 majestatis
983 2958 1152 3023 proponas.
1170 2939 1255 3002 Istud
1281 2938 1365 3001 inter
1387 2938 1497 3001 omnia
1520 2939 1611 3020 signa
1636 2940 1732 3019 hujus

180 3034 291 3114 ipsinS,
309 3032 361 3095 oui
383 3051 506 3095 summa
525 3052 598 3095 cum
620 3032 787 3113 diligentia
804 3036 964 3115 oportelC
984 3038 1030 3100 rei
1044 3046 1093 3101 est
1108 3037 1215 3101 verius
1230 3044 1324 3118 atque
1341 3036 1484 3099 securius
1500 3036 1627 3118 signum
1647 3036 1732 3119 quod

180 3132 316 3194 adstare.
345 3130 450 3194 Potest
483 3148 608 3212 quoque
641 3131 812 3213 septimum
841 3130 926 3209 addi,
983 3136 1079 3199 homo
1102 3136 1143 3197 sit
1163 3134 1195 3197 in
1217 3135 1347 3197 caritate
1372 3142 1405 3197 et
1427 3134 1538 3216 gmtia,
1563 3152 1734 3215 veramque

181 3230 332 3292 videlicet
355 3229 451 3292 timor
474 3228 587 3309 ingens
610 3248 649 3291 ex
674 3227 928 3291 consideratione
983 3234 1098 3296 habeat
1117 3232 1331 3296 devotionem.
1350 3232 1458 3295 Cetera
1478 3233 1620 3314 quasdam
1642 3231 1734 3313 signa

181 3326 300 3390 divinae
326 3325 470 3407 justitiae,
494 3346 535 3389 ne
560 3326 691 3407 indigne
720 3346 753 3389 se
781 3325 928 3389 habendo
984 3331 1105 3393 incerta
1121 3338 1195 3393 sunt
1213 3354 1219 3391 :
1237 3338 1272 3392 nt
1287 3328 1418 3411 quidam
1433 3329 1596 3393 sensibilis
1611 3328 1731 3407 fervor,

57 3434 169 3478 lfa-1¹2⁹·
180 3425 339 3507 judicium
364 3424 425 3487 sibi
445 3424 615 3487 manducet
637 3433 670 3488 et
694 3424 792 3488 bibat.
811 3426 928 3487 Verum
984 3427 1178 3506 lacrimatio;
1191 3427 1338 3490 alacritas
1353 3446 1479 3509 quoque
1494 3428 1527 3490 in
1542 3427 1732 3509 quibusdam

181 3524 246 3587 bec
266 3523 378 3588 omnia
400 3523 440 3585 ad
463 3522 613 3605 praedicta
636 3532 782 3605 quatuor,
800 3523 865 3587 imo
888 3523 928 3585 ad
984 3525 1108 3588 actibus
1123 3544 1161 3587 ex
1183 3544 1241 3588 suo
1260 3544 1377 3606 genere
1397 3525 1500 3602 bonis,
1518 3532 1553 3585 ut
1572 3525 1656 3606 quod
1676 3523 1733 3586 ali-

181 3642 278 3684 onum
313 3621 440 3685 illomm
474 3621 681 3699 reducuntur,
711 3621 861 3684 videlicet
888 3621 927 3682 ad
984 3623 1038 3703 qui
1068 3622 1199 3685 visitent
1223 3622 1360 3685 libenter
1389 3621 1569 3702 ecclesiam,
1596 3623 1731 3686 multum

181 3718 469 3783 considerationem
491 3719 634 3798 secundi,
651 3720 736 3800 quod
758 3727 808 3782 est
828 3727 929 3781 atten—
983 3729 1086 3800 orent,
1107 3722 1323 3801 eleemosynas
1349 3720 1533 3801 largiantur,
1556 3720 1589 3781 in
1615 3740 1733 3785 sermo-

180 3819 252 3880 dere
276 3818 357 3899 quid
377 3818 419 3879 sit
438 3826 638 3899 accepturus,
663 3824 773 3900 utputa
791 3818 929 3899 dignita·
985 3820 1200 3883 cinationibus
1227 3818 1443 3899 lacrimantur,
1469 3836 1605 3899 quorum
1629 3818 1732 3883 nihilo

180 3925 255 3995 fem,
290 3916 503 3996 sanctitatem,
532 3915 719 3995 bonitatem,
749 3916 929 3979 misericor·
984 3920 1092 3981 minus
1108 3919 1204 3981 corda
1219 3916 1352 3979 interius
1367 3924 1441 3979 sunt
1463 3915 1581 3979 infecta
1602 3916 1733 3999 quibus-

180 4015 276 4093 diam,
291 4014 492 4095 majestatem
507 4012 726 4095 justitiamque
741 4015 812 4095 ejus
827 4014 880 4095 qui
895 4014 928 4075 in
982 4018 1057 4080 dam
1084 4015 1207 4079 vitiosis
1230 4014 1413 4095 affectibus,
1439 4023 1471 4077 et
1498 4014 1624 4077 mortali
1654 4015 1732 4079 vitio

181 4112 240 4176 boc
255 4112 412 4193 accipitur
426 4118 636 4175 sacramento.
652 4111 690 4173 Et
705 4112 852 4193 quamvis
870 4112 930 4173 ista
984 4116 1092 4197 aliquo
1121 4114 1252 4177 irretita.
1270 4113 1395 4176 Etenim
1421 4113 1519 4196 aliqui
1545 4114 1622 4177 tales
1646 4115 1732 4176 avari

182 4212 308 4273 assidue
337 4210 403 4271 sint
430 4209 605 4291 pensanda,
636 4210 795 4291 praecipue
825 4217 928 4271 tamen
944 4210 969 4272 D
985 4222 1070 4293 sunt,
1087 4213 1216 4294 quidam
1231 4211 1411 4291 ambitiosi3
1428 4212 1557 4293 quidam
1576 4213 1615 4275 ad
1636 4221 1734 4276 teme-

182 4309 259 4372 bora
280 4307 505 4372 celebrationis
529 4306 678 4373 instante.
985 4312 1069 4375 raria
1090 4311 1223 4393 judicia,
1250 4310 1474 4387 detractiones,
1499 4311 1731 4390 contentiones,

986 4409 1308 4493 praedominantemve
1324 4409 1403 4471 iram
1419 4416 1473 4471 ant
1488 4408 1730 4489 impatientiam,

986 4528 1043 4571 seu
1064 4507 1245 4572 consimilia
1270 4506 1353 4568 mala
1376 4506 1480 4586 proni,
1498 4524 1557 4569 nec
1584 4506 1732 4570 inimicos

366 4570 612 4637 ARTICULUS
634 4572 742 4636 XVII·
987 4626 1060 4669 suos
1094 4603 1302 4687 spiritualiter
1335 4612 1452 4684 amant,
1483 4623 1542 4668 nec
1579 4604 1622 4666 ita
1650 4613 1734 4668 stant

268 4721 359 4789 Quid
371 4721 415 4779 ,2¹5
428 4722 566 4791 devotio,
580 4730 610 4781 ee
624 4723 664 4781 de
677 4722 845 4781 devotione
987 4723 1094 4767 coram
1109 4704 1171 4766 Deo
1187 4721 1244 4785 per
1259 4702 1421 4765 caritatem
1443 4702 1631 4783 ordinatam,
1647 4703 1732 4785 quod

196 4812 240 4869 ad
252 4810 485 4869 celebrandum
500 4811 661 4889 requisita
674 4819 705 4870 et
720 4812 914 4888 sufficiente.
987 4801 1121 4865 mallent
1135 4800 1215 4864 mori
1229 4807 1262 4863 et
1276 4808 1391 4863 cuncta
1412 4818 1481 4881 quae
1502 4801 1622 4865 babent
1642 4802 1734 4865 amit-

988 4910 1065 4979 tere,
1083 4919 1178 4982 quam
1201 4900 1376 4964 mortaliter
1398 4919 1540 4983 peceare.

224 4998 372 5061 Vnarras.
397 4997 540 5072 -Quid
569 4996 612 5059 sit
639 5000 778 5081 devotio,
803 4999 932 5062 aliunde
1027 5001 1198 5063 Sacranos.
1228 5034 1269 5044 —
1299 4997 1464 5061 llanifesta
1491 4998 1646 5077 doctrina,
1678 5000 1733 5062 sed

186 5105 276 5179 potes
304 5114 488 5178 agnoscere.
517 5096 588 5178 lpsa
620 5098 739 5179 quippe
767 5106 858 5161 actus
885 5106 934 5161 est
989 5099 1097 5161 ardua.
1113 5096 1151 5159 Et
1171 5096 1208 5175 si,
1227 5096 1291 5159 imo
1316 5104 1347 5159 et
1371 5096 1446 5177 quia
1471 5096 1530 5159 ista
1555 5098 1597 5159 ita
1622 5118 1655 5160 se
1680 5098 1735 5160 ha-

187 5195 297 5273 latriae,
324 5204 435 5278 utputa
463 5195 678 5277 promptitudo
706 5216 764 5259 sen
788 5206 934 5279 prompta
989 5195 1076 5271 bent,
1093 5213 1157 5257 non
1178 5194 1325 5256 videntur
1345 5201 1428 5255 stare
1448 5193 1652 5257 definitiones
1672 5194 1734 5259 illae

187 5294 334 5374 quaedam
348 5292 479 5358 affectio
493 5292 664 5357 voluntatis
679 5295 719 5357 ad
739 5314 777 5358 ea
795 5313 865 5376 qum
878 5294 934 5358 Dei
990 5314 1047 5357 seu
1061 5293 1292 5376 descriptiones
1306 5292 1492 5372 dicentium,
1509 5294 1593 5375 quod
1608 5294 1734 5359 devotio
