4309 6259
306 509 347 555 nr
366 508 569 559 simmam
588 512 719 560 earinis
740 514 778 559 er
796 514 896 561 uisse
916 512 1144 563 mammona
1164 516 1322 564 oritocus.
1345 535 1385 547 —
1404 517 1474 563 aar.
1497 518 1570 565 xxiv
1651 498 1711 563 ii9

170 681 260 738 trare.
285 674 355 739 Noli
381 678 539 743 vilificare
564 690 594 743 te
619 681 745 764 ipsnm3
771 691 912 745 veterem
927 684 951 746 ii
967 682 1064 746 totius
1079 683 1349 766 superbenediete
1364 686 1527 748 Trinitatis
1548 686 1714 769 sapientis-

169 772 327 836 hominem
343 794 434 852 exue,
450 777 616 841 bestialem
631 798 760 841 sensum
780 780 910 861 repelle,
966 780 1049 845 simo
1063 782 1356 865 benignissimoque
1371 784 1517 864 consilio,
1529 785 1568 847 ad
1584 803 1713 865 reeupe-

168 871 318 934 virtntum
337 892 375 936 ae
394 874 542 955 puritatis
562 895 670 941 amore
695 878 909 957 succendere3
966 879 1100 942 randum
1134 879 1252 943 divine
1286 881 1459 962 majestatis
1492 882 1645 946 bonorem
1675 901 1711 944 ac

168 968 315 1032 idoneum
336 970 519 1035 ministrum
533 982 565 1036 te
579 975 705 1052 exhibe,
722 976 908 1053 custoditus,
966 977 1138 1053 cultum,et
1151 978 1190 1039 ad
1206 978 1393 1042 salvandum
1408 998 1509 1060 genus
1524 980 1710 1059 humanum,

167 1068 341 1146 timoratus,
357 1068 525 1147 sollicitus,
540 1080 660 1152 gratiis,
677 1072 852 1155 proficiens
873 1094 910 1136 ac
965 1074 1005 1135 de
1020 1073 1093 1137 sinu
1110 1075 1220 1153 Patria,
1238 1076 1302 1139 iiiio
1321 1096 1358 1139 ei
1379 1078 1473 1140 eorde
1497 1078 1544 1139 tui
1570 1077 1713 1159 superdi-

166 1164 282 1227 divinis
296 1165 438 1229 intentus
452 1167 684 1233 incessabiliter
697 1190 858 1251 permane.
966 1171 1133 1234 lectissimi
1157 1170 1327 1254 Genitoris,
1354 1174 1386 1235 iii
1416 1182 1541 1237 utemm
1570 1174 1713 1237 mundis-

202 1261 407 1345 Oiinigenite
425 1265 525 1330 Patris
546 1270 666 1347 eterni,
682 1268 815 1333 Domine
837 1270 910 1333 iesu
965 1270 1054 1333 sime
1082 1270 1219 1351 Virginis
1256 1288 1313 1352 per
1340 1271 1569 1336 incarnationis
1599 1280 1711 1355 myste-

163 1360 284 1425 Christe
298 1370 428 1445 propter
441 1384 500 1428 nos
514 1366 676 1429 incarnata
690 1385 728 1430 ac
743 1366 909 1447 crucifixe,
966 1369 1048 1430 rium
1063 1367 1256 1431 descendere
1271 1370 1445 1432 exardenti
1466 1371 1595 1433 caritate
1617 1378 1711 1453 atque

163 1458 216 1540 qui
230 1468 262 1523 te
276 1460 384 1544 ipsum
398 1463 491 1527 nobis
506 1472 570 1527 tam
584 1483 740 1545 animose,
753 1474 818 1529 tani
831 1467 910 1549 piis-
965 1463 1123 1527 ineffabili
1147 1465 1262 1548 pietate
1282 1466 1429 1548 dignatus
1449 1486 1483 1531 es
1497 1492 1505 1547 3
1526 1468 1710 1533 dulcissime

163 1558 252 1639 sime,
280 1568 343 1623 tam
372 1561 594 1625 liberalissime
618 1563 756 1644 confers,
780 1571 812 1627 ct
839 1583 909 1628 esse
963 1562 1038 1625 Jesu
1057 1560 1191 1640 Christe,
1207 1562 1370 1643 altissime,
1390 1564 1542 1628 fortitudo
1564 1584 1646 1643 niea,
1663 1585 1856 1640 re-rmei.

163 1656 329 1721 nobiscum
349 1668 413 1722 tam
432 1662 569 1742 gratiose
593 1662 844 1745 mirabiliterque
862 1665 910 1727 di·
962 1660 1088 1741 fugium
1123 1679 1241 1741 meum,
1275 1670 1439 1743 susceptor
1472 1662 1585 1727 anime
1619 1684 1708 1745 mee,
1724 1654 1745 1696 ³·

162 1756 280 1835 gnaris,
302 1765 432 1839 propter
454 1777 582 1822 omnem
608 1770 694 1823 tuam
723 1762 906 1840 bonitatem,
963 1759 1046 1821 oeus
1066 1758 1163 1821 totius
1182 1759 1293 1821 salutis
1318 1779 1407 1839 mee,
1424 1761 1457 1822 iii
1482 1780 1576 1843 quem
1602 1764 1708 1844 credo,

161 1853 591 1932 caritatem,misericordiam
607 1868 639 1921 et
652 1858 908 1923 munificentiam
926 1861 949 1921 B
964 1857 998 1918 iii
1022 1875 1085 1937 quo
1109 1876 1213 1940 spero,
1236 1877 1331 1939 quem
1356 1859 1454 1941 diligo
1471 1884 1478 1921 ε
1495 1860 1534 1923 ad
1559 1861 1709 1924 thronum
1739 1884 1805 1931 retr.
1829 1898 1857 1939 iv,

160 1950 198 2011 ad
213 1968 285 2031 iios,
301 1955 479 2033 peremnia
498 1955 647 2038 mysteria
667 1964 700 2019 et
719 1966 835 2020 cuncta
856 1958 910 2021 be
963 1955 1071 2036 gratie
1097 1964 1156 2019 tue
1184 1957 1313 2036 accedo,
1338 1957 1455 2020 ostium
1483 1958 1710 2023 misericordie
1724 1951 1757 1993 ¹⁶·

161 2046 280 2111 nefieia
294 2058 359 2129 tua,
374 2051 414 2113 ad
436 2072 580 2117 mensam
600 2063 687 2117 tuam
707 2074 765 2119 iios
784 2076 910 2139 semper
964 2062 1026 2117 tue
1040 2054 1127 2136 aperi
1143 2054 1238 2134 mihi;
1252 2055 1305 2138 qui
1321 2054 1434 2119 latroni
1451 2056 1483 2119 iii
1499 2076 1604 2139 cruce,
1621 2077 1711 2140 pare·
1725 2084 1776 2131 ee.
1800 2100 1858 2139 ωη,

162 2154 192 2208 et
203 2147 385 2213 efficaciter
398 2170 551 2233 prepara,
568 2162 600 2216 et
613 2154 658 2216 ita
671 2154 722 2217 fac
737 2172 796 2217 iios
815 2157 909 2219 modo
964 2151 1023 2213 disi
1048 2152 1213 2215 introitum
1238 2152 1425 2235 promisisti,
1453 2172 1509 2235 per
1537 2155 1712 2218 sacratissi-
1726 2152 1759 2192 ⁴³·

162 2252 190 2306 te
208 2266 267 2327 per
285 2245 385 2310 fidem
405 2250 567 2332 suscipere
587 2252 621 2313 in
641 2251 857 2330 Sacramcuto,
874 2262 910 2317 ut
964 2268 1053 2312 mum
1078 2250 1194 2313 vuliins
1219 2252 1327 2315 lateris
1352 2252 1397 2314 tui
1425 2250 1572 2316 introduc
1597 2272 1649 2316 me
1679 2254 1711 2316 iii

161 2344 198 2404 ad
211 2343 397 2408 beatificam
412 2354 498 2410 tuam
513 2348 670 2413 visionem
686 2358 758 2432 post
768 2350 841 2414 vite
856 2352 910 2415 hu·
965 2348 1106 2412 medium
1126 2350 1264 2431 pectoris
1286 2350 1352 2428 tiii;
1369 2350 1412 2413 ibi
1437 2351 1476 2413 de
1498 2351 1586 2414 fonte
1608 2352 1714 2415 cordis

160 2440 211 2521 jus
225 2443 423 2506 curriculum
439 2464 511 2509 mox
530 2448 694 2510 valeamus
714 2449 907 2530 pertingere.
965 2447 1023 2525 tui,
1053 2446 1187 2509 fluentis
1215 2456 1276 2511 tue
1304 2450 1467 2531 sapientiae
1497 2459 1570 2531 pota
1598 2470 1660 2514 me.
1691 2452 1715 2514 Ο

199 2540 347 2605 l’nairas.
363 2577 404 2589 -
417 2544 486 2607 Jam
508 2545 707 2608 illuminatus
728 2556 777 2609 est
797 2548 910 2611 oculus
966 2544 1048 2607 Deus
1063 2545 1277 2610 miserationis
1298 2546 1473 2627 immense,
1488 2548 1572 2611 intra
1590 2550 1715 2613 viscera
1730 2576 1788 2620 iaia.
1800 2590 1814 2630 .,
1826 2579 1861 2621 ra,

161 2638 205 2699 tui
230 2639 349 2721 cordis,
370 2648 402 2703 et
425 2640 644 2706 infiammatus
668 2642 816 2707 affectus.
839 2646 911 2708 Per-
966 2642 1192 2707 misericordie
1206 2651 1278 2725 tue,
1295 2645 1328 2706 iii
1347 2646 1463 2727 quibus
1485 2664 1544 2710 nos
1565 2647 1713 2729 visitasti,

161 2736 234 2799 siste
256 2744 291 2801 et
312 2757 421 2803 cresce
439 2740 473 2802 in
493 2740 574 2805 istis.
591 2744 746 2805 Assuesce
769 2744 909 2825 quotidie
968 2739 1086 2821 recipe,
1102 2741 1305 2823 amplectere,
1317 2742 1429 2807 claude
1444 2753 1475 2808 et
1490 2746 1650 2809 absconde
1664 2766 1716 2810 me

159 2834 265 2897 verbis
280 2838 436 2901 amorosia
450 2857 487 2901 ac
507 2840 638 2917 sanctis,
654 2840 760 2904 vaiidc
782 2840 910 2903 infiam-
969 2837 1178 2901 incessanter.

161 2933 298 3013 malivis,
320 2934 490 2999 Dominum
514 2937 612 3001 [taum
637 2947 739 3018 tuum,
762 2940 911 3022 Unigeni-
1006 2936 1030 2999 0
1057 2938 1140 2999 Deus
1164 2938 1360 3002 excellentie
1384 2938 1529 3023 infinite,
1555 2942 1628 3023 quis
1656 2962 1715 3025 ego

160 3040 224 3094 tuin
238 3032 297 3095 Dei
311 3033 411 3097 Patris
426 3054 460 3099 se
476 3038 514 3100 ad
530 3046 562 3100 te
580 3046 645 3101 tam
667 3038 910 3121 incomprehen-
925 3036 948 3101 (i
966 3054 1022 3098 vas
1037 3035 1169 3116 luteum,
1185 3036 1281 3099 bomo
1297 3038 1430 3119 peccati,
1447 3058 1557 3103 servus
1578 3041 1713 3122 inutilis,

159 3129 295 3193 sibiiiter
309 3151 464 3211 amorosa,
482 3135 652 3217 dignanter
670 3136 908 3221 liberaliterque
965 3142 1000 3196 ut
1024 3154 1076 3197 me
1101 3134 1242 3215 visitare,
1263 3153 1282 3197 a
1306 3155 1356 3199 me
1382 3137 1574 3217 consecrari,
1592 3147 1716 3202 contre·

158 3227 340 3309 habentem,
356 3228 461 3312 affari,
478 3241 513 3295 ut
528 3253 602 3297 vere
621 3243 687 3298 tota
709 3238 910 3302 conversatio
964 3233 1056 3313 etati,
1078 3233 1191 3297 offerri
1215 3252 1252 3296 ac
1278 3234 1361 3297 sumi
1387 3234 1537 3316 digneris,
1554 3245 1589 3298 ut
1614 3244 1659 3300 tot
1683 3244 1715 3299 et

159 3334 188 3388 et
208 3329 380 3411 occupatio
395 3338 448 3393 tua
463 3332 689 3413 preparatoria
706 3334 749 3396 sit
768 3335 807 3397 ed
828 3336 910 3400 ceie-
956 3339 1052 3393 tanta
1075 3339 1206 3413 propter
1230 3350 1280 3394 me
1305 3332 1464 3395 mirabilia
1488 3334 1652 3415 opererist
1668 3336 1714 3398 i'u

160 3424 351 3489 brationem.
964 3429 1041 3492 oiim
1061 3429 1158 3511 idoysi
1175 3438 1204 3491 te
1223 3429 1317 3492 sicuti
1333 3449 1367 3492 es
1382 3430 1542 3512 inspicere
1561 3433 1714 3496 ardentis-
1738 3462 1813 3508 m,

196 3523 368 3588 Sacranos.
384 3562 425 3572 -
438 3525 463 3589 0
478 3526 617 3591 Verbum
630 3538 795 3610 elei-num,
804 3550 909 3596 sermo
965 3526 1044 3589 sime
1058 3526 1211 3607 cupienti,
1227 3528 1409 3609 negativam
1429 3528 1557 3607 dedisti,
1574 3536 1606 3592 et
1626 3549 1713 3593 nunc
1726 3540 1798 3634 1:²⁰¹·
1828 3530 1859 3579 ¹³·

158 3621 374 3703 omnipotens,
387 3621 460 3687 fons
479 3625 652 3707 sapientie,
668 3628 724 3709 qui
745 3636 810 3691 tam
827 3629 910 3711 sapi·
964 3624 1120 3707 teipsum
1142 3624 1263 3706 prebes
1286 3634 1474 3707 presentem
1496 3625 1529 3687 iii
1551 3627 1659 3689 eibum
1681 3636 1714 3691 et
1763 3593 1842 3647 Μ’

158 3727 330 3797 enter,tam
343 3729 569 3803 potententem
583 3724 716 3805 gratiose
731 3726 909 3808 loquebaris
964 3731 1086 3805 potum,
1113 3722 1146 3783 iii
1175 3722 1449 3787 reconciliatorem
1479 3731 1510 3787 et
1538 3725 1710 3804 medicum,

158 3816 190 3878 in
205 3836 304 3881 carne
317 3828 481 3902 assumpta
495 3820 529 3883 iii
548 3823 723 3903 mundo,ut
736 3826 909 3890 adversarii
964 3820 997 3881 in
1012 3820 1183 3903 hospitem,
1191 3838 1343 3901 sponsum
1358 3820 1631 3904 habitatoremque
1646 3823 1712 3885 ani-

158 3933 285 3997 qnoque
300 3916 347 3979 tiii
367 3918 526 3982 evidentia
540 3919 586 3982 rei
606 3920 763 4002 compulsi
784 3922 848 3985 siiit
863 3925 911 3985 di·
964 3938 1034 3996 me,
1050 3918 1130 3980 mihi
1145 3926 1209 3981 tain
1225 3918 1341 3982 misem
1357 3927 1388 3981 ct
1409 3918 1553 4003 indigno.
1571 3921 1627 4001 Tu,
1644 3940 1712 3984 om-

45 4025 101 4069 ine.
111 4041 145 4080 vu,
158 4032 239 4091 cere,
248 4013 419 4097 Nunquam
440 4018 486 4079 sic
505 4018 630 4081 loeutus
645 4025 694 4080 est
712 4018 808 4083 bomo
827 4021 910 4083 sicut
964 4014 1053 4076 nium
1068 4015 1132 4077 Rex
1147 4015 1335 4078 seculorum
1351 4015 1539 4080 immortalis
1554 4026 1586 4081 ei
1599 4018 1711 4082 invisi·
1724 4046 1732 4091 i
1744 4046 1857 4099 rimu.

46 4090 62 4131 ⁵·
158 4112 209 4174 bic
229 4112 469 4195 loquitur,doce
488 4134 539 4178 me
558 4115 782 4196 hujuscemodi
798 4119 906 4183 verba.
963 4112 1049 4192 bilis,
1066 4112 1131 4176 imo
1155 4113 1188 4175 in
1214 4113 1342 4195 propria
1366 4121 1479 4178 natura
1504 4116 1710 4199 impassibilis

196 4210 402 4275 Ventris-
420 4212 555 4276 Advorte
574 4213 672 4277 verba
690 4234 750 4297 per
767 4234 823 4280 ora
845 4218 909 4281 ele
923 4220 948 4285 D
963 4219 995 4274 et
1009 4210 1352 4293 incomprehensibilis,
1370 4220 1404 4275 tu
1427 4212 1618 4279 illuminatio
1640 4234 1710 4279 mea
1723 4224 1863 4295 renna(

158 4316 281 4372 ctorum
304 4326 448 4374 meorum
469 4311 543 4375 inde
564 4313 697 4395 prolata,
713 4322 746 4376 et
766 4315 818 4378 dic
839 4316 907 4381 bec
962 4316 994 4372 ei
1018 4308 1105 4372 selus
1129 4328 1211 4389 mea,
1236 4316 1270 4373 tu
1294 4317 1454 4392 protector
1476 4312 1549 4376 viiae
1574 4332 1652 4378 mee
1679 4321 1711 4378 ct

156 4414 189 4469 et
201 4407 388 4489 huiusmodi
403 4408 512 4490 verba,
527 4418 622 4493 prout
639 4414 835 4494 suggesserit
854 4414 908 4479 de-
963 4408 1182 4472 misericordia
1196 4427 1278 4487 mea,
1294 4416 1329 4471 tu
1348 4428 1383 4471 es
1405 4409 1486 4473 Deus
1507 4419 1538 4474 et
1558 4410 1710 4475 Dominus
1724 4440 1855 4492 renutu.

157 4505 244 4570 votio
263 4505 399 4571 fervida.
962 4528 1064 4588 mens,
1081 4507 1135 4589 qui
1156 4525 1213 4589 pro
1228 4526 1298 4570 mea
1313 4507 1530 4591 redemptione
1545 4510 1710 4573 acerbissi-

961 4626 1049 4671 mum
1064 4614 1098 4669 et
1111 4604 1452 4687 ignominiosissimum
1472 4606 1576 4669 crucis
1596 4607 1709 4671 subisti

329 4726 573 4793 ARTIGULUS
604 4726 731 4794 mv,
961 4704 1178 4788 supplicium3
1195 4712 1228 4767 tu
1250 4704 1316 4781 ilie,
1333 4723 1399 4767 nori
1420 4704 1512 4767 alius.

157 4854 333 4917 Medimio
370 4859 597 4934 deprecatoria
632 4879 670 4919 ae
706 4863 833 4932 devota,
863 4865 907 4923 ad
1001 4805 1058 4882 Vri,
1083 4804 1215 4882 Christe,
1240 4802 1389 4884 Verbum,
1413 4803 1580 4885 sapientia,
1603 4802 1709 4887 proies

201 4946 450 5007 celebrationem
474 4948 680 5024 fructuosam
703 4959 909 5026 preparato-
961 4902 1079 5014 mqntis
1103 4910 1399 5012 pawinae'ssfmen
1417 4901 1546 5013 ‚infiniti
1572 4903 1708 5015 deciri&

202 5033 269 5093 ria·
961 5020 1055 5082 cuius
1069 5000 1327 5082 pulchritudine,
1343 5008 1562 5081 gratiositatis,
1579 5001 1711 5065 delicio-

962 5099 1064 5162 sitetis
1078 5107 1111 5161 et
1125 5098 1442 5181 superpuicberiime
1466 5098 1619 5161 claritatis
1640 5100 1711 5162 nul-

55 5210 132 5261 iam.
196 5192 365 5275 Unigenite
387 5193 488 5257 Patria
514 5197 636 5276 eterni,
662 5197 696 5259 iii
726 5216 790 5279 quo
816 5199 908 5262 Pater
962 5199 1012 5261 ius
1026 5206 1075 5261 est
1093 5196 1181 5275 finis,
1198 5216 1236 5259 ex
1254 5196 1344 5259 Patre
1359 5204 1476 5261 eterno
1492 5197 1712 5260 inenarrabili·

47 5286 73 5328 '¹¹¹
83 5280 102 5322 ⁵·
158 5292 424 5374 complacentiam
446 5293 543 5358 habet
567 5296 769 5378 immensam,
791 5298 846 5380 qui
868 5318 906 5361 ex
962 5304 1098 5361 teranto
1112 5296 1219 5359 omnia
1234 5296 1349 5358 secula
1363 5295 1553 5359 eternaliter
1570 5295 1708 5378 genitus,
