4309 6259
532 494 689 545 sxrosmo
709 494 808 542 nrum
830 495 838 540 z
862 490 977 541 aemon
997 492 1123 555 mama,
1144 493 1248 542 mnu
1268 494 1345 543 nsua
1653 476 1713 543 125

175 670 283 735 tutem,
307 664 337 726 id
361 671 409 727 est
435 661 651 727 habitudinem
681 680 854 746 congruam
883 662 952 725 οιΑ
969 661 1018 725 nis
1043 662 1153 741 vitare,
1170 662 1201 725 id
1225 671 1274 727 est
1296 662 1504 746 negligentias
1527 669 1559 725 et
1582 670 1714 745 peccata

175 763 338 839 salubrem,
353 781 537 839 corporum,
549 770 584 824 ut
598 762 772 825 secundum
788 761 914 841 exigen·
968 763 1135 842 (quantum
1155 770 1274 825 naturae
1290 762 1440 843 possibile
1455 762 1516 840 est)
1532 760 1714 825 occasiones

177 861 248 923 tiam
262 860 421 943 proiectus
436 858 658 941 felicitatisque
672 859 785 922 animae
803 876 915 941 corpo-
968 858 1062 921 etiam
1088 858 1241 941 peccandi
1265 859 1405 939 undique
1429 857 1600 937 declinare,
1616 865 1649 921 et
1673 856 1712 920 ad

177 980 208 1021 ra
226 966 329 1022 nostra
348 966 497 1041 regantur
517 958 703 1041 spirituique
725 958 910 1035 subdantur,
968 957 1036 1039 ipsa
1061 955 1214 1020 virtutum
1233 956 1392 1037 exercitia,
1408 966 1562 1038 quantum
1583 957 1622 1019 ad
1642 956 1715 1019 sub-

174 1066 204 1121 et
217 1074 364 1139 corporea
380 1056 512 1119 sanitate
527 1056 566 1119 ad
582 1056 735 1119 honorem
756 1054 809 1117 liei
832 1055 913 1117 bene
968 1052 1115 1115 stantiam
1143 1072 1288 1137 operum,
1312 1071 1371 1117 nos
1401 1072 1459 1136 pro
1483 1052 1603 1115 viribus
1627 1050 1716 1114 adbi-

174 1164 294 1219 ntamur
310 1178 317 1216 :
335 1173 409 1217 narn
424 1163 456 1217 et
471 1154 556 1217 salus
572 1154 758 1217 inferiorum
773 1152 805 1215 in
828 1160 913 1215 recto
968 1148 1053 1228 bere,
1070 1153 1251 1231 extendere,
1267 1151 1437 1235 applicare.
1458 1151 1491 1213 Si
1512 1150 1583 1233 quis
1606 1168 1714 1231 regem

172 1251 311 1317 consistit
337 1251 535 1333 subjectione
563 1252 603 1315 ad
632 1251 830 1334 superiores,
862 1271 912 1310 ve·
967 1245 1156 1312 ollandisset
1180 1258 1353 1330 terrenum,
1376 1248 1498 1331 sibique
1524 1255 1645 1331 peteret
1667 1246 1716 1309 in·

171 1370 300 1430 remque
315 1368 428 1427 pacem
448 1352 610 1421 cordium,
626 1348 657 1411 id
683 1356 731 1411 est
755 1349 911 1412 internam
966 1345 1101 1428 dulgeri,
1117 1367 1177 1411 nec
1197 1356 1302 1411 umen
1318 1368 1337 1412 a
1353 1347 1436 1431 regis
1455 1355 1594 1411 cessaret
1611 1345 1716 1411 olien-

169 1445 303 1526 quietem
327 1446 361 1507 in
387 1445 450 1509 lieo
474 1454 506 1509 et
528 1445 679 1526 gaudium
704 1444 913 1527 imperturba·
967 1462 1012 1523 sa,
1030 1445 1184 1527 numquid
1201 1466 1266 1526 rex,
1281 1446 1429 1527 quamvis
1447 1446 1540 1510 valde
1561 1446 1713 1525 clemens,

170 1552 232 1604 tum
250 1544 282 1605 in
303 1544 428 1607 actibus
449 1542 606 1607 virtuosis.
624 1542 683 1605 Pax
704 1562 841 1624 namque
862 1563 914 1605 su·
967 1541 1013 1607 illi
1043 1542 1242 1624 ignosccrctt
1268 1544 1336 1609 Non
1366 1553 1454 1627 puto.
1481 1544 1600 1626 ltaque,
1625 1542 1715 1625 juxte

170 1642 305 1722 peraddit
319 1642 437 1723 gaudio
452 1640 845 1724 imperturbationem,nec
862 1658 912 1723 po
968 1648 1109 1705 tenorem
1136 1661 1267 1725 precum
1292 1642 1402 1724 hymni
1431 1641 1534 1719 istius,
1561 1660 1715 1705 conemur

169 1747 226 1801 test
246 1740 352 1803 anima
372 1758 478 1803 reram
500 1740 642 1803 invenire
662 1758 773 1821 pacem
799 1738 859 1801 nisi
880 1738 912 1801 in
966 1738 1173 1821 pravissimos
1188 1740 1252 1821 iras,
1269 1740 1472 1823 impatientiae
1486 1760 1523 1803 ac
1542 1739 1645 1803 omnis
1666 1740 1714 1801 in·

169 1853 222 1898 suo
236 1834 393 1915 Creatore,
406 1835 457 1897 cni
472 1834 612 1916 loquitur
624 1836 820 1918 Augustinus
837 1859 844 1897 ε
859 1832 949 1899 ner
966 1837 1118 1902 ordinatae
1136 1847 1168 1901 et
1192 1839 1348 1902 sensualis
1372 1837 1553 1903 allectionis
1575 1838 1713 1920 impetus

170 1932 261 2010 mine,
278 1932 393 1995 creasti
407 1949 467 1995 nos
481 1940 610 2015 propter
626 1940 667 2013 te,
684 1940 716 1995 et
737 1932 912 2015 inquietum
967 1945 998 2000 et
1022 1934 1169 2000 flammas
1194 1936 1364 2001 suffocare.
1380 1938 1551 2020 Impatiens
1574 1954 1713 2017 namque
1735 1961 1854 2017 eman,

170 2040 214 2095 est
228 2050 282 2095 cor
295 2039 441 2095 nostrum
459 2050 625 2113 quousque
638 2031 800 2114 perveniat
814 2032 853 2093 ad
870 2039 910 2095 te.
966 2042 1115 2117 operatur
1137 2034 1312 2113 stultitiam,
1338 2043 1370 2097 et
1393 2035 1440 2097 ira
1463 2035 1496 2097 in
1525 2036 1597 2097 sinu
1624 2034 1712 2097 stulti
1727 2028 1801 2135 ’ἔπιε
1820 2103 1849 2134 m

206 2134 346 2199 Praesta,
362 2133 465 2192 Pater
475 2132 635 2206 piissime,
652 2132 814 2211 Patrique
831 2150 913 2191 com·
966 2132 1114 2214 quiescit,
1129 2151 1167 2195 ac
1190 2133 1352 2197 bominem
1376 2132 1512 2197 similem
1536 2132 1639 2197 eflicit
1663 2132 1713 2197 lu·
1727 2155 1760 2199 ro.
1803 2123 1809 2134 ’
1850 2123 1857 2145 ’

167 2248 229 2307 par
246 2230 359 2299 Unice,
375 2227 480 2307 idest,
498 2236 543 2309 tu,
560 2228 736 2311 Unigenite,
752 2228 816 2292 lieo
831 2228 912 2291 Patri
967 2230 1060 2295 rioso.
1079 2232 1241 2294 Sensuadis
1254 2250 1382 2314 quoque
1402 2231 1533 2295 allectio
1553 2250 1713 2297 venenum

172 2326 304 2408 aqualis.
323 2326 410 2389 istud
431 2343 527 2408 supra
548 2326 723 2409 expositum
745 2334 804 2390 est.
967 2337 1015 2392 est
1030 2329 1201 2411 spiritualis
1215 2330 1332 2396 amoris
1349 2354 1357 2393 z
1373 2331 1419 2394 sic
1438 2338 1470 2394 et
1487 2328 1624 2394 allectus
1643 2351 1715 2395 sen·

654 2436 659 2444 ’
967 2428 1063 2491 sualis
1093 2437 1125 2491 et
1153 2428 1339 2493 inordinatae
1368 2429 1561 2507 allectionis,
1591 2431 1712 2511 oscula,

206 2526 293 2588 Hunc
308 2525 477 2608 hymnum,
493 2525 761 2606 quemadmodum
778 2532 911 2601 ceteros,
967 2525 1132 2608 amplexus
1146 2536 1178 2590 et
1192 2535 1339 2609 attactus,
1346 2546 1410 2593 non
1426 2536 1536 2592 carent
1550 2528 1712 2611 periculis.

169 2624 331 2688 devotione
349 2642 489 2706 congrua
507 2624 743 2705 depromamus,
759 2632 853 2705 atque
873 2624 912 2685 ad
967 2622 1035 2687 Non
1052 2643 1128 2706 ergo
1142 2644 1200 2707 per
1214 2626 1289 2689 talia
1303 2645 1407 2708 neque
1426 2646 1484 2710 per
1502 2627 1714 2691 immoderan-

168 2741 203 2785 ea
225 2741 294 2803 que
322 2723 463 2804 desuper
489 2722 632 2786 obtinere
662 2740 841 2804 precamur,
867 2720 914 2783 di·
968 2721 1043 2785 tiam
1059 2723 1123 2786 eibi
1138 2732 1170 2787 et
1184 2732 1277 2806 potus
1293 2723 1457 2789 foveamus
1472 2733 1527 2787 aut
1541 2724 1714 2788 excitemus

167 2840 258 2902 gnam
273 2839 404 2903 quoque
418 2820 763 2904 operam,diliqentiam
779 2830 810 2885 et
824 2821 914 2885 anni·
967 2820 999 2883 in
1025 2821 1116 2885 nobis
1140 2822 1217 2904 ipsis
1239 2831 1295 2887 aut
1316 2823 1386 2886 aliis
1410 2824 1532 2887 calores
1560 2822 1712 2903 noctium,

167 2939 232 2981 sum
262 2919 449 3002 impendere
484 2939 547 2983 non
582 2940 753 2984 cessemus.
785 2920 913 3004 Oportet
967 2918 1129 2983 incentiva
1148 2920 1297 3001 libidinis,
1318 2921 1462 2985 stimulos
1484 2921 1588 2985 earnis
1604 2944 1612 2983 ε
1628 2922 1714 3003 quod

166 3018 279 3101 quippe
302 3026 452 3081 naturam
476 3018 638 3100 cooperari
662 3018 770 3101 gratiae
795 3018 861 3098 Dei,
878 3026 912 3082 ut
930 3016 952 3079 G
967 3026 999 3080 ot
1019 3018 1211 3099 junioribus,
1227 3019 1259 3081 in
1279 3019 1395 3101 quibus
1414 3019 1518 3083 adbuc
1538 3019 1625 3102 viget
1643 3038 1715 3081 san-

166 3115 257 3179 laciat
277 3118 378 3181 bomo
397 3116 482 3198 quod
501 3116 534 3179 in
556 3136 590 3180 se
610 3124 658 3179 est
674 3140 681 3179 :
699 3117 784 3198 qnia,
801 3126 836 3179 ut
852 3120 912 3180 Au·
966 3114 1070 3197 guinis
1095 3116 1192 3197 calor,
1209 3124 1241 3179 et
1263 3116 1317 3199 qui
1337 3118 1376 3180 ad
1396 3125 1500 3180 motus
1520 3116 1714 3181 inordinatos

165 3216 305 3297 gostinus
320 3214 592 3298 deprompsit,qui
607 3215 725 3279 creavit
740 3223 770 3278 te
785 3216 853 3279 sine
868 3224 911 3294 te,
967 3222 1041 3277 sunt
1055 3214 1160 3297 proni,
1177 3214 1376 3296 potissimum
1396 3224 1446 3278 est
1466 3216 1665 3297 pensandum
1684 3224 1717 3279 et

165 3312 256 3376 idest
270 3314 341 3378 sine
357 3322 412 3376 tua
433 3312 664 3395 cooperatione,
681 3332 744 3377 non
758 3313 913 3395 justilica-
967 3313 1213 3378 observandum.
1231 3313 1330 3393 Unde,
1347 3322 1381 3377 nt
1403 3314 1515 3377 recitat
1535 3314 1714 3395 Cassianus,
1730 3336 1865 3393 cmxxvii,

163 3412 207 3474 bit
232 3422 261 3475 te
282 3412 410 3476 sinete.
428 3413 498 3475 llaec
514 3411 642 3475 demum
664 3420 711 3475 est
731 3412 808 3475 ratio
827 3414 911 3494 quod
967 3412 1067 3473 saneti
1083 3420 1189 3494 patres
1203 3411 1236 3473 in
1251 3412 1383 3494 AEqypto
1397 3412 1481 3475 inter
1500 3420 1605 3475 cetera
1619 3420 1717 3475 statu·
1729 3400 1820 3457 ΡΜ·

164 3508 301 3590 quotidie
333 3509 434 3572 multa
458 3509 577 3572 orando
607 3508 639 3571 in
663 3508 752 3571 lloris
777 3528 814 3572 ac
842 3508 911 3572 aliis
967 3517 1060 3571 erunt
1085 3528 1126 3571 ne
1147 3527 1231 3571 unus
1249 3507 1392 3572 Fratrum
1417 3508 1549 3572 alterius
1574 3518 1716 3591 tangeret

164 3609 321 3689 precibus,
329 3626 395 3673 non
412 3608 606 3687 exaudimur,
616 3616 648 3671 et
662 3614 805 3689 petentes
821 3607 912 3671 nobis
969 3624 1099 3669 manum
1118 3630 1125 3667 ε
1143 3608 1226 3688 quod
1246 3607 1322 3669 item
1342 3606 1374 3668 in
1394 3607 1513 3689 Regula
1532 3607 1563 3670 S.
1579 3606 1715 3673 Paeomii

163 3706 344 3788 pmlectum
368 3706 436 3769 deri
462 3705 626 3783 virtutum,
643 3704 722 3768 aridi
748 3724 913 3787 permane
969 3704 1121 3767 divinitus
1137 3705 1232 3786 edita,
1249 3706 1288 3767 de
1303 3705 1385 3769 coelo
1399 3704 1495 3767 allata
1514 3713 1547 3768 et
1568 3724 1625 3786 per
1645 3724 1717 3767 san-

165 3824 245 3882 mns,
261 3804 416 3887 quoniam
430 3812 462 3867 et
477 3803 609 3867 remisso
631 3822 758 3867 oramns
779 3802 910 3883 allectu,
968 3811 1054 3867 ctum
1069 3802 1218 3885 angelum
1234 3802 1302 3867 viro
1316 3811 1426 3867 sancto
1439 3811 1637 3884 presentata,
1645 3820 1718 3865 con·

166 3920 265 3983 neque
291 3901 467 3983 satagimus
491 3900 719 3983 impedimenta
744 3901 915 3965 exauditio-
969 3901 1141 3964 tinebatur.

601 4309 684 4404 ab
739 4306 963 4405 ΝΟΝΑΜ
1019 4309 1281 4406 HYMNUS

274 4697 308 4759 l.
325 4694 463 4775 Rerum,
479 4692 581 4773 Deus,
599 4693 817 4775 tenexvigor,
1060 4692 1125 4758 Sed
1143 4694 1319 4776 premium
1332 4694 1449 4757 mortis
1463 4712 1564 4761 sacrae

251 4794 419 4857 immotus
433 4793 468 4855 in
483 4794 515 4855 te
529 4808 736 4873 permanenti,
1059 4792 1220 4856 Perennis
1233 4792 1333 4855 instet
1346 4792 1462 4873 glorie.

251 4894 356 4957 Lucis
370 4893 497 4957 diumee
512 4895 662 4975 tempora

252 4990 469 5056 Suocessibus
483 4990 716 5055 determinans
1081 4988 1114 5052 3.
1130 4989 1267 5069 Praesta,
1283 4988 1382 5053 Pater
1394 4990 1556 5071 piissime,

1060 5087 1216 5167 Patrique
1231 5104 1366 5168 compar
1378 5088 1494 5168 Unice,

277 5186 312 5249 2.
329 5186 462 5267 Largire
477 5184 603 5249 clarum
618 5202 753 5267 vespere
1060 5184 1144 5247 Cum
1158 5183 1284 5265 Spiritu
1298 5183 1467 5250 Paracleto

254 5284 331 5359 Quo
350 5284 419 5347 vita
435 5300 600 5365 nusquam
617 5282 758 5364 decidat,
1059 5282 1215 5365 Regnans
1228 5300 1287 5365 per
1301 5300 1400 5347 omne
1413 5282 1584 5349 saeculnm.
1596 5284 1716 5353 Amen.
