4309 6259
462 456 524 521 tta
724 472 764 519 nr
785 471 943 520 annocum
964 470 1001 517 rr
1021 470 1186 518 orannim
1206 469 1322 534 utere,
1346 470 1434 519 cmm
1455 474 1488 519 νν.
1510 492 1551 504 -
1571 474 1642 523 ίαν.
1665 476 1697 533 11,
1721 477 1756 523 ννν

462 644 619 727 sapientia
638 662 765 725 quoque
784 640 955 705 simillima.
973 641 1037 704 Hoc
1062 640 1209 721 equidem
1226 640 1252 702 A
1267 640 1311 703 tio
1335 641 1368 704 in
1393 642 1505 706 eodem
1530 661 1694 725 processu,
1720 645 1866 727 quamvis
1894 666 2002 730 nequa-

461 742 581 823 decuit,
606 750 642 804 nt
664 741 786 804 Gbristo
810 741 898 819 Filio,
920 740 975 821 qui
1000 738 1213 802 essentialiter
1266 757 1361 820 quam
1383 740 1412 803 ei
1432 742 1618 823 ampliorem
1639 752 1783 824 oporteat
1806 744 1908 809 inesse
1932 747 2001 809 dile

461 839 623 923 perfectus
642 846 690 902 est
708 858 745 901 ac
765 837 859 901 totius
878 835 1083 920 perfectionis
1108 856 1213 899 exem·
1266 838 1402 900 ctionem
1417 839 1472 919 qui
1487 838 1675 920 profundius
1689 845 1860 923 cognoscit.
1868 844 2000 925 Amplius

461 939 542 1022 plar,
558 938 592 1000 in
610 937 699 1001 omni
722 955 851 1018 prorsus
872 934 1066 1017 perfectione
1088 953 1211 997 summe
1266 943 1382 1015 autem,
1400 936 1508 999 unctio
1526 938 1619 1001 docet
1644 938 1762 1003 electos
1785 940 1826 1003 de
1850 942 1997 1004 omnibus.
2010 972 2092 1018 mm

462 1036 688 1100 assimilaretur
708 1034 848 1097 Genitrix
868 1032 980 1096 electa.
1265 1032 1303 1094 Et
1324 1033 1363 1095 de
1383 1034 1506 1097 Sanctis
1531 1053 1658 1117 quoque
1684 1036 1837 1120 scriptum
1860 1047 1909 1103 est
1924 1063 1931 1100 :
1946 1040 1999 1103 Nos
2009 1036 2048 1138 ᾗ,
2062 1100 2087 1137 ,1,

315 1145 412 1195 emax,
428 1147 447 1188 ¹·
502 1133 653 1214 Denique,
681 1132 764 1195 sicut
792 1130 892 1213 gloria
920 1130 1018 1211 patris
1046 1129 1134 1191 lilius
1163 1147 1212 1191 sa·
1265 1137 1370 1192 autem
1386 1150 1450 1195 non
1470 1132 1617 1214 spiritum
1639 1134 1736 1216 hujus
1757 1136 1868 1199 mundi
1889 1138 1999 1219 accepi·

461 1234 565 1317 piens,
576 1232 622 1293 sic
639 1230 747 1313 utique
762 1231 864 1293 bonor
878 1227 937 1290 lilii
953 1227 1080 1309 sapiens
1097 1234 1208 1289 mater.
1265 1248 1348 1308 mus,
1365 1230 1420 1292 sed
1436 1229 1586 1313 Spiritum
1601 1232 1656 1313 qui
1671 1252 1710 1295 ex
1724 1235 1788 1298 Deo
1803 1242 1861 1315 est,
1878 1244 1912 1298 ut
1932 1237 1998 1299 scia·

463 1331 551 1394 Unde
565 1328 838 1411 supersapientem
853 1326 909 1389 Dci
925 1326 1126 1408 Unigenitum
1145 1344 1209 1387 nou
1266 1345 1336 1387 mus
1352 1346 1422 1408 quae
1436 1348 1454 1390 α
1468 1328 1532 1392 Deo
1553 1330 1669 1393 donate
1690 1340 1765 1394 sunt
1786 1332 1888 1396 nobis.
1904 1332 1997 1416 ltaque

462 1429 525 1492 nisi
549 1426 783 1510 sapientissima
807 1434 908 1487 mater
932 1423 1074 1487 decebat.
1099 1422 1209 1485 Adhuc
1265 1432 1389 1487 constat
1411 1426 1561 1507 quoniam
1585 1445 1648 1508 quo
1672 1429 1790 1510 Spiritu
1814 1430 1922 1495 divino
1944 1433 1999 1514 ple

462 1535 580 1607 autem,
594 1524 785 1609 sapientium
800 1522 997 1586 conversatio
1006 1529 1133 1600 mutua,
1145 1519 1212 1583 dul·
1265 1520 1337 1585 nior
1351 1532 1418 1585 erat
1431 1524 1536 1604 Μανία,
1552 1544 1590 1588 eo
1606 1527 1729 1590 doctior
1749 1536 1781 1590 et
1801 1528 1841 1590 ad
1862 1530 1915 1591 Dei
1936 1550 1999 1594 con-

462 1626 531 1689 cior
559 1632 618 1703 est,
644 1622 802 1686 amoenior
829 1629 924 1703 atque
951 1618 1136 1683 amorosior.
1164 1618 1211 1680 Si·
1265 1621 1448 1703 temptanda
1461 1623 1621 1688 beneficia
1636 1626 1737 1708 magis
1752 1636 1821 1690 erat
1836 1627 1954 1692 idonea.

461 1722 588 1786 miliora
621 1740 759 1808 namque
793 1719 955 1782 ardentius
984 1737 1018 1780 se
1051 1716 1208 1799 diligunt;
1614 1722 1616 1725 ’

462 1820 668 1904 sapientiores
703 1836 830 1901 quoque
869 1817 1024 1879 sincerius
1061 1835 1096 1877 se
1135 1820 1251 1883 con-B

462 1920 611 2002 spiciunt,
643 1916 838 1998 inditamque
870 1915 1067 1979 nobilitatem
1093 1913 1208 1976 clarius
1468 1894 1713 1962 ARTICULUS
1739 1898 1802 1962 III·

461 2018 652 2099 lsswlliglfflt·
674 2016 718 2078 Ea
739 2015 838 2097 ibitur
858 2033 931 2124 cum
951 2031 1013 2094 <1¹¹³
1032 2020 1096 2074 ΜΠ]
1117 2009 1210 2121 ῘΜΠῙ·
1265 2042 1357 2108 Quod
1369 2042 1454 2102 stote
1465 2045 1777 2121 primaparensper
1791 2048 1998 2124 ignorantiam

461 2115 580 2179 liariter
598 2122 725 2196 tamque
745 2112 947 2195 singulariter
964 2112 1046 2174 Deus
1065 2130 1098 2171 m
1117 2117 1209 2173 terris
1303 2131 1432 2200 cecidit,
1456 2133 1503 2190 350
1529 2142 1643 2193 sancta
1678 2136 1772 2212 pes-90
1796 2154 1860 2213 per
1885 2140 1999 2214 saw.

461 2214 632 2278 convivere
648 2212 757 2293 voluit,
764 2210 997 2294 sapientissima
1012 2210 1120 2291 utique
1135 2208 1205 2272 tuit.
1304 2220 1385 2280 tiam
1406 2223 1504 2281 stetit.

1334 2409 1432 2470 IXIT
1443 2427 1574 2486 serpens
1587 2414 1632 2472 ad
1642 2414 1813 2474 mulierem
1825 2434 1838 2475 :
1848 2416 1916 2476 Cur
1924 2434 1999 2492 proe·
2016 2448 2094 2495 ma

677 2484 922 2550 ARTIGULUS
946 2483 990 2547 Π·
1346 2508 1430 2583 cepit
1449 2509 1641 2572 coetaneus
1660 2518 1698 2571 ct
1716 2530 1782 2573 non
1805 2515 2000 2575 camaenas
2009 2513 2025 2553 ί·

461 2636 554 2705 onoc
584 2636 679 2712 vtrqo
703 2633 869 2693 senecae
892 2640 1010 2692 cuncta
1033 2632 1098 2690 saca
1119 2631 1207 2690 aava.
1262 2622 1303 2661 ⁶³⁶
1326 2606 1417 2664 ⁰mn2'
1439 2606 1528 2682 liam
1553 2610 1733 2683 paream
1758 2612 1822 2673 cut
1844 2614 1999 2689 respondit

500 2726 593 2786 nitus
625 2724 794 2800 impertita
824 2722 978 2798 beneficio
1012 2724 1209 2780 accettenter
1262 2703 1382 2761 mulier
1397 2704 1569 2780 ·'N0f0r²²
1582 2708 2000 2771 m⁰rit1muth⁶oeitautem
2111 2730 2112 2749 ³

500 2816 646 2891 agnovit.
1262 2799 1317 2858 t'lli
1329 2818 1461 2877 serpena
1471 2821 1483 2861 .·
1493 2803 1710 2883 Nequaquam
1721 2809 1920 2868 moriemini.
1932 2806 1999 2869 Huic

1262 2898 1428 2961 assertioni
1444 2900 1596 2963 daemonis
1612 2910 1722 2965 contra
1739 2904 1883 2968 divium
1905 2914 2000 2969 conte
2111 2980 2112 2985 γ

311 3022 365 3067 aaa.
380 3036 395 3073 ι,
410 3025 444 3067 ts.
520 3003 625 3063 EGIT
640 3000 724 3059 mibi
744 3016 863 3075 magna
887 2998 947 3075 qui
968 3005 1079 3072 potens
1103 3006 1161 3067 est,
1176 3004 1206 3055 et
1227 2996 1431 3061 Cstationcm
1446 2998 1658 3079 procedentis,
1675 3000 1790 3065 mulier
1804 3001 2000 3086 insipiensb·
2111 3014 2112 3017 ’

533 3107 680 3159 sanctum
704 3115 818 3156 nomen
846 3096 930 3173 ejus.
958 3094 1104 3171 Putasne,
1131 3094 1207 3156 dum
1262 3094 1335 3156 dam
1359 3094 1526 3178 adhibens,
1546 3104 1743 3181 transgressa
1768 3108 1825 3164 est.
1842 3100 1999 3166 Peccatum

459 3198 520 3261 hoc
539 3195 619 3259 dixit
636 3194 740 3276 Μανία,
756 3191 947 3275 ignoraverit
971 3211 1117 3273 quanam
1142 3211 1207 3254 ma·
1262 3191 1348 3255 enim
1369 3193 1536 3275 originale,
1552 3213 1616 3277 quo
1631 3204 1696 3259 tota
1709 3206 1823 3261 natura
1843 3200 2000 3265 inliciebas

459 3314 523 3377 gna
543 3294 599 3356 illa
617 3300 707 3356 amnt
725 3310 795 3374 que
817 3290 876 3352 sibi
898 3291 1034 3371 desuper
1055 3308 1207 3353 concessa
1262 3297 1322 3367 tur,
1350 3290 1412 3353 luit
1438 3302 1694 3357 consummatum
1718 3313 1775 3377 per
1800 3298 1927 3377 virum;
1952 3299 1998 3361 ssd

459 3412 530 3455 esse
545 3391 709 3475 gloriando
730 3388 909 3452 fatebaturt
923 3387 1043 3470 Nempe
1057 3388 1085 3449 si
1100 3407 1137 3450 ea
1152 3407 1207 3451 nc-
1260 3388 1325 3450 Eva
1340 3389 1465 3453 induxit
1479 3391 1557 3453 illud
1572 3392 1816 3458 occasionaliter
1830 3397 1883 3459 vel
1899 3398 2000 3461 incbo

459 3492 585 3572 scierat,
601 3490 760 3573 quomodo
774 3495 862 3571 grata
876 3488 1014 3550 exstititt
1030 3487 1106 3563 Quis
1120 3488 1204 3550 enim
1261 3486 1355 3567 ative,
1381 3486 1567 3569 induxitque
1595 3509 1691 3573 super
1719 3494 1916 3575 posteritatis
1943 3514 1999 3557 sno

458 3591 498 3653 de
512 3590 561 3653 bis
575 3587 677 3653 datori
699 3586 897 3669 regradetur,
913 3604 983 3667 quaa
998 3604 1032 3648 se
1047 3584 1205 3668 recepisse
1261 3585 1402 3648 sobolem
1416 3586 1676 3651 obscurissimam
1691 3590 1942 3672 ignorantiarum
1956 3614 2000 3656 cn-

457 3689 560 3752 nescit
581 3695 636 3750 aut
653 3686 780 3768 penitus
804 3684 944 3765 ignorati
960 3683 1054 3747 Porro
1077 3683 1132 3764 qui
1158 3683 1205 3745 in·
1260 3682 1402 3764 liginem.
1432 3684 1551 3767 ltaque,
1578 3687 1624 3748 uti
1653 3688 1694 3750 ab
1721 3688 1795 3752 Evae
1824 3690 1999 3775 insipientia

457 3796 564 3869 gratus
579 3792 638 3865 est,
655 3784 783 3866 iniquus
797 3790 956 3861 censetur,
972 3790 1004 3844 et
1024 3781 1056 3843 id
1077 3800 1204 3863 quoque
1260 3790 1353 3863 atque
1377 3782 1516 3864 pertidia
1535 3786 1646 3848 mundi
1666 3794 1715 3849 est
1732 3787 1877 3852 initiatus
1901 3790 2000 3853 interi·

337 3890 358 3927 '·
399 3905 408 3920 ·
455 3886 541 3968 quod
555 3885 672 3946 babere
686 3882 823 3959 videtur,
840 3879 1002 3942 auferetur
1015 3879 1056 3942 ab
1077 3897 1127 3942 eo.
1144 3880 1204 3942 lla-
1261 3887 1322 3958 tus,
1336 3880 1381 3943 sic
1396 3880 1467 3960 ejus
1481 3899 1607 3964 quoque
1622 3884 1836 3949 vitaablariae
1852 3888 2000 3971 sapientia

456 3984 503 4046 ria
517 4001 605 4063 ergo,
621 4000 691 4062 quaa
706 3978 905 4042 sanctissima
926 3976 1131 4058 perfectaque
1153 3997 1204 4040 ex·
1260 3976 1388 4058 fideque
1402 3997 1473 4041 orsa
1485 3988 1543 4041 est.
1551 3981 1690 4045 Audiens
1704 3983 1819 4066 quippe
1829 3984 1897 4049 Eva
1912 3995 2001 4049 trans

455 4082 544 4160 stitit,
559 4086 716 4161 quatenus
732 4078 764 4140 in
780 4076 928 4139 omnibus
943 4076 1007 4138 Deo
1026 4075 1205 4155 gratissima
1260 4075 1428 4158 figurantis
1443 4097 1477 4139 se
1492 4079 1640 4142 daemonii
1655 4082 1919 4165 sciscitationem,
1935 4104 2000 4148 mox

455 4178 549 4258 loret,
559 4177 710 4240 universa
723 4174 911 4257 (praesertim
927 4191 1003 4236 vero
1018 4173 1202 4255 singularia)
1219 4183 1243 4244 Ι)
1260 4174 1365 4237 locuta
1379 4183 1438 4256 est,
1448 4184 1479 4237 et
1493 4176 1624 4256 quidem
1638 4179 1678 4241 ad
1692 4179 1913 4264 insipientiam
1929 4184 1997 4245 sibi:

455 4277 569 4340 divinae
593 4272 824 4337 munificentias
848 4272 1019 4335 donatam
1045 4271 1205 4352 supercle-
1260 4272 1405 4354 prorupit
1419 4272 1504 4335 enim
1526 4274 1560 4336 iu
1581 4277 1678 4339 verba
1692 4277 1884 4344 diffidentiae
1898 4281 1996 4366 plena.
2112 4330 2113 4335 ν

454 4382 579 4438 menter
594 4372 656 4436 sibi
670 4372 796 4437 coelitus
809 4370 965 4453 impensa,
982 4368 1203 4452 limpidissime
1258 4370 1293 4432 In
1307 4371 1376 4452 ipsa
1389 4372 1538 4454 equidem
1554 4375 1771 4456 responsionis
1785 4396 1849 4441 suae
1864 4380 1956 4461 serie,
1968 4398 1997 4441 se

456 4472 554 4538 novit.
1259 4488 1403 4551 supernae
1430 4470 1570 4552 itemque
1594 4472 1708 4538 divinae
1732 4475 1916 4559 ambiguam
1937 4478 1997 4541 lom

494 4572 658 4648 Praeterea,
674 4570 730 4652 qui
745 4568 837 4650 plura
852 4565 981 4647 recapit,
997 4563 1112 4629 fortius
1131 4566 1203 4628 dili·
1258 4568 1421 4631 sentcntiae
1444 4569 1529 4632 fassa
1552 4578 1601 4633 ast
1622 4595 1629 4634 :
1652 4572 1698 4636 Ne
1722 4573 1805 4637 forte
1828 4576 1997 4660 (inquiens)

451 4688 528 4752 gere
548 4669 706 4751 obligatus
730 4675 789 4731 ost.
806 4667 904 4729 Amor
927 4672 1032 4727 autem
1057 4664 1201 4728 notitiam
1257 4667 1443 4731 moriamur.
1470 4668 1564 4733 Porro
1589 4672 1748 4737 contrario
1776 4674 1857 4739 calle
1887 4676 1998 4741 meavit

452 4767 560 4849 exigit.
587 4766 688 4840 Quum
712 4766 809 4848 igitur
833 4764 878 4826 nil
903 4763 1076 4843 injustitiae,
1100 4764 1201 4844 magis
1257 4764 1362 4828 Μανία.
1378 4766 1540 4830 Insolitam
1561 4768 1680 4852 quippe
1701 4771 1927 4839 salutationem
1950 4776 1999 4838 ad·

451 4884 529 4928 vero
545 4864 799 4928 ardentissimam
815 4862 977 4926 carimtem
992 4860 1087 4924 bieria
1101 4861 1202 4924 babu-
1256 4872 1339 4945 epta,
1363 4883 1427 4928 non
1451 4865 1551 4930 instar
1572 4868 1644 4933 Evae
1668 4880 1799 4953 repente
1827 4875 1996 4957 respondit,

452 4963 521 5043 erit,
551 4971 766 5045 opportunum
793 4960 924 5026 omnino
951 4967 1000 5022 est
1027 4959 1202 5022 sincerissi-
1255 4963 1333 5044 quin
1362 4964 1469 5047 potius
1498 4966 1651 5049 cogitavit
1672 4971 1777 5051 qualis
1800 4983 1886 5037 esset
1909 4975 1997 5038 allata
2010 4998 2091 5055 ,ma

451 5080 537 5123 mam
561 5061 623 5145 ipsi
644 5061 823 5124 divinorum
844 5059 1005 5123 notionem
1030 5077 1199 5122 munemm
1255 5061 1412 5127 salutatio.
1429 5062 1498 5126 Non
1518 5066 1603 5128 enim
1623 5070 1890 5152 sapientissimam
1915 5073 1999 5137 latuit

451 5159 590 5242 elargiri.
606 5159 741 5222 Necesse
756 5175 894 5239 namque
914 5165 973 5238 est,
990 5174 1053 5237 quo
1073 5156 1201 5220 ferven—
1255 5162 1412 5243 serpentis
1436 5164 1562 5244 astutia,
1588 5166 1804 5252 daemonisque
1829 5173 1995 5237 simulatio.

451 5258 515 5323 tior
527 5256 623 5322 luerit
637 5276 738 5337 amor,
754 5275 793 5321 eo
807 5255 921 5320 clarior
934 5256 974 5319 sit
991 5256 1088 5319 amati
1109 5256 1199 5339 agni·
1254 5258 1405 5341 Denique,
1422 5261 1598 5326 certificata
1619 5265 1659 5328 de
1681 5268 1805 5351 nuntio,
1825 5272 1935 5337 divino
1954 5271 1998 5337 ori
