4309 6259
689 515 850 564 nxaosrrro
870 516 978 563 mssa.
999 532 1042 547 -
1061 514 1134 562 aar.
1155 515 1219 563 xxx
1672 499 1732 565 367

178 694 228 750 θεῖ
245 686 355 769 gratia
377 684 653 771 impedimentum,
669 694 821 770 opponat,
837 706 927 750 acce
941 688 966 749 A
981 695 1030 750 est
1048 686 1140 750 nobis
1163 686 1261 768 janua
1283 686 1371 769 regni
1393 684 1541 765 coelestis,
1564 694 1730 770 propterea

176 787 284 849 dendo
298 786 503 867 indigne,aut
516 785 663 848 habendo
674 803 708 847 so
723 784 925 848 incustodita.
980 792 1111 865 quartus
1127 783 1263 848 effectus
1279 784 1468 847 sacramenti
1483 785 1575 848 istius
1591 793 1639 847 est
1659 787 1732 848 ade-

175 883 448 957 Quemadmodum
470 903 546 965 ergo
567 884 658 946 cibus
683 883 856 965 corporalis
880 883 928 944 vi·
981 882 1047 963 ptio
1067 882 1175 963 gloria
1196 902 1251 945 seu
1272 882 1342 946 vite
1363 891 1500 961 eterna,
1521 883 1552 945 in
1575 891 1730 964 quantum

176 1001 229 1045 res
244 982 386 1064 corporis
400 990 568 1045 conservat
582 1000 619 1045 ac
634 990 770 1064 reparat,
783 988 816 1043 et
828 1000 928 1062 quan·
981 981 1157 1063 peripsum
1174 980 1337 1044 efficimur
1358 982 1526 1063 participes
1545 982 1650 1044 meriti
1665 982 1731 1045 Sal-

178 1081 302 1143 titatem
323 1088 419 1161 auget
438 1099 475 1143 ac
496 1079 635 1163 perficit,
652 1086 779 1161 gustum
801 1096 927 1160 quoque
981 1079 1108 1142 vetoris.
1130 1079 1240 1142 Omnia
1264 1100 1400 1164 namque
1422 1088 1731 1145 sacramentaneus

175 1178 316 1241 delectat
346 1202 354 1239 ι
385 1178 431 1239 εἰθ
458 1176 665 1239 Eucharistiae
693 1184 926 1239 sacramentum
982 1174 1072 1256 legis,
1103 1183 1138 1237 ut
1165 1176 1254 1256 Hugo
1284 1177 1339 1254 ait,
1371 1185 1444 1239 sunt
1472 1178 1617 1258 quasdam
1653 1194 1729 1239 vasa

175 1277 312 1339 virtutes
335 1284 368 1339 et
394 1274 528 1356 gratiam
556 1283 724 1338 conservat
751 1274 784 1337 in
808 1274 925 1353 anima,
981 1272 1183 1335 medicinalia
1212 1293 1270 1357 per
1297 1292 1367 1355 quaa
1396 1276 1544 1338 meritum
1574 1274 1729 1357 passionis

175 1375 356 1437 roborando
391 1381 568 1435 sumentem
604 1372 639 1434 in
666 1372 771 1451 bouo;
801 1379 926 1453 reparat
980 1370 1094 1434 Christi
1129 1371 1221 1435 nohis
1257 1374 1521 1453 communicatur,
1553 1374 1731 1456 applicatur

173 1491 305 1554 quoque
324 1471 537 1555 deperditum,
555 1471 586 1534 id
608 1479 656 1533 est
676 1471 829 1534 amissum
848 1471 927 1533 cari·
979 1478 1075 1549 atque
1097 1470 1314 1552 coniungitur.

174 1571 250 1634 tatis
277 1570 457 1648 fervorem,
480 1576 575 1651 auget
601 1569 697 1632 etiam
726 1568 925 1651 spiritualem
1019 1568 1064 1630 Ex
1088 1569 1202 1649 quibus
1226 1568 1395 1632 innotescit
1414 1587 1509 1651 quam
1528 1570 1728 1634 fructuosum

173 1670 291 1731 animae
311 1668 532 1751 quantitatem,
555 1668 656 1731 idest
677 1686 862 1750 processum
886 1668 926 1731 de
980 1674 1012 1728 et
1035 1667 1162 1730 salubre
1187 1686 1223 1730 ac
1249 1676 1392 1731 sanctum
1418 1667 1468 1747 sit,
1489 1667 1674 1749 frequenter
1698 1678 1730 1733 et

173 1765 296 1829 virtute
310 1766 345 1827 in
364 1766 527 1845 virtutem,
543 1766 645 1829 donec
664 1765 813 1848 perficiat
832 1784 923 1842 eam;
979 1765 1055 1827 item
1089 1765 1224 1829 libenter
1256 1766 1429 1844 celebrare,
1459 1767 1631 1831 dummodo
1664 1768 1729 1830 vita

173 1872 207 1926 et
221 1864 355 1947 insuper
369 1863 494 1929 confert
514 1884 662 1947 magnam
680 1864 924 1927 delectationem
943 1863 1064 1927 Bhena
1089 1882 1153 1927 uon
1178 1864 1269 1929 desit.
1296 1865 1357 1927 Sed
1381 1865 1419 1927 ad
1445 1864 1540 1929 talem
1563 1866 1660 1928 vitam
1685 1874 1730 1929 te-

174 1961 304 2024 interno
331 1961 437 2043 gustui
466 1960 537 2043 ejus
565 1960 659 2042 cujus
686 1961 793 2024 anima
823 1962 927 2025 renuit
980 1970 1074 2025 netur
1098 1963 1244 2026 sacerdos
1272 1971 1307 2025 ut
1333 1963 1448 2045 dignus
1474 1964 1526 2045 sit,
1552 1964 1728 2047 pracsertim

175 2061 210 2122 in
234 2060 444 2123 exterioribus
468 2068 501 2123 et
521 2060 639 2123 vilibus
660 2079 697 2122 ac
718 2060 926 2123 sensibilibus
979 2059 1130 2142 religiosi,
1161 2070 1192 2123 et
1220 2061 1355 2124 maxime
1383 2060 1525 2143 solitarii,
1557 2071 1593 2125 ut
1622 2064 1730 2127 Certu-

175 2158 349 2222 consolari.
364 2158 436 2221 llaec
450 2166 557 2221 tamma
576 2158 754 2236 delectatio,
770 2167 924 2240 quantum
979 2158 1111 2237 aienses,
1142 2178 1276 2241 quorum
1306 2178 1370 2223 non
1399 2168 1447 2223 θεῖ
1476 2162 1644 2224 saculares
1678 2181 1730 2224 ru-

173 2257 215 2320 ad
244 2256 528 2339 experimentalem
555 2276 645 2319 suarn
673 2256 923 2339 perceptionem,
979 2276 1085 2321 mores
1114 2258 1290 2340 percipere,
1318 2259 1478 2321 mundana
1505 2261 1633 2341 negotia
1658 2279 1728 2343 per-

173 2374 240 2419 non
265 2362 315 2418 est
340 2355 520 2436 importune
549 2354 697 2437 optanda,
720 2356 775 2417 sed
798 2356 926 2437 dispen-
980 2364 1125 2433 tractare,
1162 2356 1247 2419 circa
1286 2357 1424 2439 plurima
1464 2357 1638 2436 sollicitari,
1675 2358 1727 2422 vel

173 2453 290 2517 sationi
315 2452 432 2516 divinae
457 2452 625 2535 Sapientia
645 2460 739 2535 atque
761 2453 925 2519 immensae
979 2448 1152 2535 quidquam
1169 2454 1340 2536 temporale
1356 2462 1388 2519 θῖ
1407 2456 1446 2518 ad
1467 2455 1551 2520 hunc
1572 2457 1727 2519 mundum

172 2550 292 2615 Christi
313 2550 540 2613 misericordias
554 2552 793 2615 committenda.
979 2552 1142 2634 pertinens
1161 2551 1323 2631 affectare,
1346 2554 1399 2615 sed
1420 2553 1498 2617 illud
1518 2574 1617 2617 unum
1643 2557 1727 2637 quod

214 2649 341 2713 Primus
355 2666 431 2730 ergo
449 2648 547 2729 hujus
566 2650 755 2713 sacramenti
774 2650 923 2729 effectus,
978 2652 1081 2715 solum
1098 2652 1310 2715 necessarium
1324 2660 1383 2732 cst,
1399 2652 1645 2735 diligentissimo
1660 2674 1729 2719 cor·
1743 2666 1796 2711 tue.
1806 2680 1828 2719 x.
1841 2669 1877 2712 εἰ.

172 2757 223 2811 θεῖ
238 2748 368 2812 collatio
382 2747 432 2810 vel
448 2747 554 2828 potius
568 2748 783 2828 augmentatio
802 2748 922 2831 gratias.
978 2750 1018 2811 de
1034 2749 1185 2827 recolere,
1202 2768 1281 2831 pura
1296 2758 1401 2813 mente
1415 2752 1589 2833 adspicere,
1603 2754 1727 2815 ardenti

172 2848 266 2911 Sicut
294 2847 381 2909 enim
410 2846 590 2928 Baptismus
617 2846 782 2909 ordinatur
808 2848 848 2909 ad
877 2847 925 2909 in·
978 2846 1098 2910 affectu
1113 2856 1272 2930 appetere,
1291 2848 1427 2930 totisque
1443 2850 1563 2913 viribus
1580 2852 1725 2914 venerari

173 2946 378 3011 choationem
399 2945 472 3009 vitae
493 2944 679 3027 spiritualis,
702 2946 786 3027 quod
808 2946 848 3008 fit
868 2965 926 3027 per
978 2954 1010 3009 et
1024 2946 1139 3009 colere.
1156 2945 1194 3008 Et
1209 2946 1263 3027 qui
1277 2946 1382 3010 taliter
1396 2957 1613 3030 conversatur,
1626 2951 1727 3013 multo

173 3045 285 3127 gratiae
301 3044 516 3122 infusionem
532 3042 578 3105 sic
592 3042 792 3107 Eucharistia
805 3044 925 3107 directe
941 3048 962 3112 C
979 3043 1172 3108 fructuosius
1195 3054 1289 3127 atque
1314 3045 1451 3108 divinius
1471 3048 1547 3128 agit,
1571 3047 1598 3109 si
1619 3067 1657 3110 ex
1677 3068 1728 3111 ca-

172 3143 343 3207 ordinatur
356 3143 396 3205 ad
410 3140 586 3224 spiritualis
597 3160 668 3205 esse
682 3140 923 3223 perfectionem,
979 3144 1069 3206 ritate
1094 3143 1218 3207 ardenti
1244 3144 1384 3224 accedat,
1407 3163 1503 3226 quam
1527 3145 1553 3207 si
1577 3164 1616 3208 or
1639 3165 1728 3209 reve-

172 3242 262 3323 quod
282 3241 323 3303 fit
345 3259 404 3323 per
424 3239 533 3321 gratiae
556 3241 846 3322 augmentationem
868 3261 924 3305 seu
978 3242 1104 3304 rentiali
1126 3242 1240 3305 timore
1264 3261 1320 3305 seu
1340 3243 1518 3306 humilitate
1539 3244 1695 3307 abstineat
1717 3268 1724 3307 ε

170 3338 366 3422 ampliorem
381 3338 521 3402 caritatis
535 3338 705 3403 fervorem.
720 3340 759 3403 Et
773 3340 924 3422 quoniam
978 3340 1094 3403 caritas
1116 3358 1231 3421 nempe
1251 3340 1458 3421 separationis
1477 3340 1645 3425 impatiens
1666 3350 1723 3407 θεῖ.

169 3438 393 3521 augmentatio
420 3438 530 3520 gratias
557 3458 615 3501 seu
648 3438 757 3503 fervor
784 3439 924 3504 caritatis
977 3438 1035 3511 Oui
1050 3446 1157 3501 autem
1177 3439 1318 3502 nondum
1341 3438 1443 3502 taliter
1464 3449 1682 3520 conversatur,
1700 3441 1726 3503 si

169 3537 315 3601 venialia
330 3543 460 3619 peccata
474 3536 634 3601 consumit
647 3545 735 3601 tanto
750 3538 923 3621 perfectius
977 3537 1017 3599 ad
1036 3544 1101 3599 tam
1121 3544 1262 3600 sanctam
1283 3536 1557 3601 conversationem
1573 3558 1648 3602 vere
1663 3559 1727 3601 sus

169 3655 240 3718 quo
263 3636 402 3719 amplius
422 3635 602 3717 invalescit,
623 3636 744 3701 idcirco
764 3639 923 3701 secundus
976 3636 1070 3718 pirat,
1093 3636 1276 3717 frequenter
1299 3655 1372 3698 cum
1396 3655 1512 3717 magna
1536 3636 1657 3700 fiducia
1676 3658 1728 3701 ac-

167 3734 272 3815 hujus
296 3734 486 3798 sacramenti
512 3734 648 3798 effectus
672 3745 720 3798 est
748 3736 923 3799 venialium
977 3736 1089 3798 cedere
1118 3741 1221 3814 potest
1247 3756 1254 3793 ε
1280 3752 1353 3796 uam
1384 3752 1441 3816 per
1467 3735 1528 3798 hoc
1555 3736 1725 3799 maximam

167 3840 378 3917 peccatorum
403 3833 560 3914 remissio,
585 3833 681 3896 etiam
706 3843 858 3915 quantum
883 3834 923 3897 ad
976 3833 1108 3915 gratiam
1137 3839 1361 3912 consequetur,
1388 3832 1497 3913 sicque
1523 3834 1728 3916 compendio-

168 3950 314 4015 poenam,
335 3950 400 3996 non
420 3939 526 3994 umen
546 3951 673 4014 semper
690 3932 847 4013 omnium,
867 3936 923 3997 sed
977 3933 1044 3995 sius
1076 3938 1216 4012 optatam
1252 3929 1482 4011 perfectionem
1516 3932 1722 4015 adipiscetur.

167 4038 264 4094 tanto
291 4031 431 4113 plurium
460 4048 523 4111 quo
551 4030 658 4093 fervor
681 4030 822 4095 caritatis
852 4033 923 4114 plus
976 4029 1171 4093 Celebrando
1195 4046 1321 4111 quoque
1347 4028 1419 4111 plus
1443 4029 1538 4093 etiam
1563 4030 1631 4093 aliis
1653 4032 1726 4094 sub-

169 4128 359 4193 inardescit.
384 4128 532 4201 Quamvis
558 4147 696 4210 namque
725 4149 825 4192 unum
850 4150 924 4212 pec·
977 4128 1076 4208 venit,
1094 4135 1158 4190 tam
1173 4127 1253 4189 vivis
1268 4145 1364 4208 quam
1384 4128 1529 4207 mortuis,
1546 4147 1641 4209 quam
1661 4148 1724 4193 non

170 4235 282 4292 catum
297 4226 430 4290 mortale
444 4226 558 4289 dimitti
573 4244 638 4289 non
652 4228 751 4308 possit
765 4228 833 4291 sine
848 4229 921 4309 alio,
939 4227 964 4289 D
977 4226 1180 4304 celebrando,
1207 4226 1321 4289 ceteris
1350 4226 1490 4307 paribus.
1516 4227 1603 4291 Unde
1632 4227 1726 4311 Chry·

168 4346 276 4391 unum
290 4334 396 4388 umen
411 4323 534 4387 veniale
554 4323 622 4386 sine
641 4324 703 4388 alio
722 4324 835 4387 dimitti
855 4335 923 4407 pot·
978 4334 1136 4389 sostomus
1158 4346 1165 4385 ι
1187 4324 1274 4388 Sicut
1293 4324 1413 4406 leones,
1430 4325 1544 4408 iuquit,
1562 4326 1725 4390 flammam

167 4433 232 4491 est.
263 4424 417 4505 Denique,
446 4423 597 4503 quoniam
622 4423 722 4504 gratia
749 4442 819 4504 quae
847 4444 922 4488 cou-
978 4423 1146 4503 spirautes,
1172 4422 1217 4485 sic
1245 4422 1285 4485 ab
1314 4421 1368 4485 illa
1396 4442 1506 4485 mensa
1531 4423 1726 4486 discedimus

167 4526 384 4601 fertatur,seu
399 4522 596 4602 caritasque
610 4522 711 4603 magis
725 4522 919 4601 accenditur,
979 4519 1136 4583 terribiles
1175 4518 1283 4583 effecti
1324 4519 1462 4583 diabolo.
1500 4521 1724 4583 Verumtamen

166 4623 282 4689 omnia
314 4620 399 4683 mala
434 4620 636 4683 habitualiter
670 4619 783 4682 saltem
818 4628 850 4682 et
888 4621 920 4683 in
976 4622 1104 4702 quidam
1133 4627 1206 4681 sunt
1234 4618 1321 4698 boni,
1351 4619 1406 4701 qui
1434 4619 1509 4681 licet
1536 4619 1638 4681 zelum
1668 4619 1725 4683 Dei

166 4720 335 4787 communi
359 4720 542 4798 detestatur,
564 4718 673 4798 sicque
697 4718 921 4781 contritionem
976 4719 1115 4782 habeant
1138 4726 1169 4780 et
1192 4717 1230 4779 ad
1252 4715 1450 4799 spiritualem
1473 4716 1649 4799 profectum
1670 4737 1725 4779 an·

165 4818 313 4901 complet
340 4837 378 4880 ac
407 4815 554 4897 perficit3
584 4816 655 4879 ideo
684 4815 796 4879 tertius
824 4817 920 4898 hujus
977 4818 1095 4893 halent,
1119 4816 1194 4878 dum
1218 4822 1324 4876 tamen
1347 4814 1515 4877 adversum
1536 4814 1656 4897 aliquid
1679 4816 1724 4878 eis

165 4915 362 4983 sacramenti
392 4914 528 4978 effectus
558 4923 606 4977 est
632 4914 813 4977 mortalium
848 4934 921 4999 pec-
976 4915 1125 4992 occurrit,
1156 4932 1221 4976 non
1251 4912 1353 4975 solum
1383 4920 1555 4993 tentantur,
1581 4914 1635 4976 sed
1664 4932 1724 4977 nec

165 5024 316 5082 catorum
330 5013 500 5077 oblitorum
515 5012 671 5092 remissio,
689 5012 803 5094 partim
822 5032 922 5095 quan·
977 5014 1116 5077 faciliter
1137 5010 1285 5096 expedire
1305 5030 1339 5073 se
1359 5018 1492 5093 possunt
1513 5032 1531 5074 a
1550 5012 1724 5076 tentatione

163 5125 240 5179 tum
255 5113 296 5175 ad
311 5130 450 5193 poenarn,
466 5111 604 5174 totaliter
617 5130 694 5174 vero
708 5120 862 5193 quantum
882 5114 921 5176 ad
977 5121 1131 5193 concepta
1153 5134 1160 5172 ε
1181 5110 1258 5189 imo,
1283 5109 1430 5191 quamvis
1454 5109 1533 5173 ratio
1558 5108 1722 5188 renitatur,

165 5213 314 5293 culpam.
338 5210 470 5289 Rursus,
496 5208 570 5290 quia
594 5228 652 5290 per
674 5210 824 5272 moritum
852 5229 923 5292 pas·
977 5210 1166 5275 sensualitas
1191 5218 1297 5271 tamen
1321 5209 1528 5271 vehementer
1551 5215 1582 5269 et
1600 5206 1656 5269 diu
1678 5226 1726 5270 re-

167 5310 275 5377 siouis
307 5315 339 5371 et
371 5307 532 5391 sauguinis
564 5308 638 5372 Jesu
666 5306 781 5371 Christi
814 5317 923 5393 aperta
977 5308 1116 5373 luctatur
1143 5306 1274 5370 rationis
1298 5305 1429 5389 judicio,
1455 5314 1487 5368 et
1510 5304 1652 5368 animum
1677 5305 1726 5372 iu·
