4309 6259
453 467 512 532 tot
687 488 727 535 nn
747 488 837 536 nouis
857 489 991 536 srmrrns
1012 488 1131 547 saucrr,
1152 488 1327 537 rnacrarns
1350 491 1380 536 u.
1404 508 1445 519 -
1464 491 1535 538 aur.
1558 493 1665 550 xxxiv,
1687 492 1771 539 mv

455 753 548 817 aliter
568 753 734 836 judicare;
751 756 930 819 intellectus
954 774 1041 834 vero,
1057 775 1114 838 per
1138 756 1201 818 cla·
1255 764 1338 820 ratos
1354 776 1372 819 a
1386 758 1504 820 carnali
1521 758 1654 821 mollitie
1669 767 1700 821 et
1714 758 1876 821 mundana
1889 776 1994 822 conso

454 871 525 915 rum
552 852 823 936 intrinsecumque
856 853 1007 917 intuitum
1034 852 1199 917 veritatem
1255 854 1384 933 latione,
1400 855 1608 936 delicatisque
1627 864 1659 919 et
1681 856 1845 939 exquisitis
1871 864 1946 938 potu
1966 864 1993 919 et

2121 436 2122 479 t

454 654 582 737 pientia
596 665 645 720 θεῖ
658 676 716 739 per
733 665 861 739 gustum
883 658 1028 740 sapidum
1049 657 1200 740 sapienti·
1214 658 1240 721 A
1254 666 1302 721 tos
1317 677 1336 721 a
1354 658 1445 737 lacte,
1462 659 1589 723 avulsos
1610 658 1650 722 ab
1669 659 1776 740 ubere,
1794 659 1825 721 id
1844 668 1892 722 est
1912 677 1993 741 sepn-

455 967 658 1031 cognoscere.
676 951 795 1014 Similis
809 970 885 1033 ergo
899 970 1066 1034 processus
1082 952 1115 1014 in
1130 952 1200 1014 aliis
1255 972 1337 1015 esca.
1355 952 1463 1015 Omnis
1478 953 1564 1015 enim
1579 954 1632 1036 qui
1649 954 1738 1016 lactis
1759 963 1807 1017 θεῖ
1828 954 1991 1036 particeps,
2004 985 2099 1035 Hm
2121 948 2122 987 l

1254 1150 1342 1212 enim
1366 1157 1424 1213 θεῖ.
1446 1149 1660 1214 Perfectorum
1685 1158 1791 1213 autem
1813 1160 1860 1213 θεῖ
1882 1150 1993 1213 solidus

1256 1247 1358 1327 cibus,
1376 1267 1486 1311 eorum
1505 1249 1560 1331 qui
1583 1267 1640 1331 pro
1664 1249 1896 1312 consuetudine
1916 1268 1995 1311 exer-

613 1312 859 1378 ARTICULUS
883 1314 1041 1378 XXXIV·
1257 1346 1369 1409 citatos
1383 1347 1502 1409 habent
1516 1366 1628 1409 sensus
1643 1348 1681 1411 ad
1701 1345 1927 1410 discretionem
1948 1348 1996 1409 bo-

478 1460 628 1527 Qualiter
641 1462 764 1519 donum
780 1460 965 1521 intellectus
981 1463 1181 1531 obtineatur,
1258 1444 1291 1505 ni
1307 1463 1344 1505 ³⁰
1363 1444 1450 1506 mali·
1468 1444 1553 1507 Unde
1574 1453 1606 1507 θῐ
1626 1445 1740 1508 D⁰ssi⁰l
1760 1443 1891 1507 <illinus
1912 1452 1996 1507 testa·

585 1557 794 1609 conservetur
811 1568 849 1608 ac
862 1551 1071 1627 perficiatur.
1258 1550 1310 1604 tur
1340 1564 1347 1603 :
1377 1542 1499 1604 Donum
1528 1542 1704 1623 (inquiens)
1733 1541 1927 1621 intellectus,
1954 1550 1997 1605 θεῖ

1259 1640 1495 1722 supernaturale
1518 1641 1625 1703 lumen
1645 1658 1703 1703 suo
1722 1641 1893 1721 splendore
1911 1641 1997 1703 ratio

523 1734 661 1810 ENlQUE
683 1737 790 1801 anima
813 1736 962 1800 vitiorum
987 1738 1124 1819 caligine
1149 1758 1203 1801 ne-
1259 1756 1332 1800 nem
1360 1747 1500 1801 nostram
1534 1738 1645 1801 volens
1680 1737 1858 1801 clarificare
1887 1738 1920 1800 in
1947 1758 1997 1799 sua

538 1834 660 1915 bulosa,
684 1855 797 1919 capere
822 1836 933 1917 nequit
956 1835 1200 1900 illustrationem
1220 1836 1462 1916 Esublimitate‚
1488 1836 1659 1899 dummodo
1680 1835 1816 1898 velimus
1839 1836 1997 1917 nosipsos

454 1933 703 2014 splendidissimi
719 1934 798 1997 radii
815 1934 949 2017 Spiritus
964 1935 1203 2009 Sanctionem-
1256 1933 1343 1995 intus
1375 1934 1506 2014 erigere,
1544 1933 1681 2014 huicque
1716 1932 1829 1996 lumini
1861 1932 1996 2014 obedire,

338 2056 440 2095 utus.
454 2031 503 2093 vis
531 2040 637 2095 autem
665 2032 840 2095 seeundum
866 2032 1072 2114 praeinductis,
1098 2035 1201 2097 omnis
1255 2030 1406 2112 quoniam
1426 2030 1533 2094 lumen
1554 2030 1637 2092 istud
1662 2030 1703 2093 ab
1726 2029 1870 2093 interiori
1898 2038 1998 2093 nostro

454 2128 509 2211 qui
533 2128 698 2192 caritatem
726 2137 759 2191 et
785 2129 919 2211 gratiam
948 2130 1054 2209 habet,
1081 2131 1200 2195 donum
1256 2128 1385 2192 homine
1406 2129 1503 2209 exigit
1524 2128 1816 2211 supergressionem
1838 2137 1933 2210 atque
1954 2148 1999 2191 er-

454 2244 580 2306 quoque
599 2226 780 2290 intellectus
802 2228 931 2291 sortitus
953 2228 1005 2308 sit,
1022 2228 1202 2292 sufficiant
1256 2246 1393 2304 cessum,
1417 2246 1473 2290 seu
1494 2226 1736 2290 derelictionem
1761 2246 1914 2290 sensnum
1938 2245 1999 2290 orn·

454 2343 517 2406 que
540 2326 579 2387 ad
600 2326 698 2407 hujus
720 2326 796 2389 doni
822 2326 1055 2409 susceptionem
1076 2335 1108 2389 ct
1127 2347 1201 2391 con·
1256 2322 1409 2405 niumque
1434 2323 1634 2386 sensibilium
1654 2343 1760 2386 rerum
1780 2332 1873 2406 atque
1895 2323 1999 2405 imagi·

455 2424 666 2486 servationem
685 2443 756 2505 quae
774 2425 814 2487 ad
833 2424 1049 2507 recipiendam
1073 2444 1200 2488 conser-
1257 2440 1344 2499 num,
1376 2420 1540 2485 moriendo
1575 2429 1695 2483 naturas
1729 2429 1761 2485 et
1794 2421 1935 2485 vivendo
1968 2422 1998 2483 in

454 2521 654 2602 vandamque
676 2522 839 2585 caritatem
859 2542 896 2585 ac
915 2524 1049 2604 gratiam
1073 2531 1199 2605 gratum
1256 2520 1382 2603 spiritu.
1403 2520 1461 2596 Qui
1483 2520 1569 2583 enim
1588 2519 1698 2584 divina
1716 2520 1927 2601 contemplari
1951 2540 1999 2583 cu·

453 2618 625 2682 facientem
650 2619 840 2699 sufiiciunt3
866 2629 972 2683 tamen
996 2630 1114 2702 quanto
1138 2622 1198 2685 hoc
1255 2620 1313 2701 pit,
1322 2618 1463 2701 fideique
1477 2618 1636 2701 profunda
1650 2619 1715 2681 lieo
1729 2618 1872 2681 radiante
1890 2636 1998 2701 cogno

452 2718 570 2781 donum
606 2717 741 2800 Spiritus
769 2717 875 2781 Sancti
910 2718 1077 2781 sublimius
1106 2728 1199 2801 atque
1257 2736 1355 2795 scere,
1387 2717 1508 2799 indiget
1535 2716 1687 2779 inferiora
1716 2708 1908 2797 relinquere,
1939 2716 2000 2779 ani-

451 2814 593 2877 divinius
608 2823 667 2894 est,
683 2823 715 2877 et
735 2816 819 2879 dono
834 2816 998 2899 sapientiae
1011 2817 1112 2898 magis
1128 2836 1200 2899 pro
1256 2834 1407 2896 mumque
1432 2814 1651 2897 simplificare‚
1672 2814 1774 2877 aciem
1799 2817 1918 2879 mentis
1942 2814 1999 2877 Deo

451 2912 619 2995 pinquum‚
647 2920 736 2977 tanto
770 2914 903 2995 requirit
929 2923 1068 2978 mentem
1098 2916 1199 2997 magis
1255 2912 1401 2996 ailigere,
1418 2932 1591 2994 omnesque
1606 2912 1710 2976 cordis
1725 2912 1773 2975 sui
1789 2914 2000 2996 dispersiones

452 3010 609 3073 sinceram
643 3031 680 3073 ac
709 3012 866 3090 stabilem,
895 3012 1133 3075 deiformiorem
1162 3010 1235 3076 acG
1257 3013 1406 3095 abjicere.

453 3106 689 3190 perfectiorem.
723 3109 899 3171 Praesertim
936 3119 1041 3172 autern
1076 3118 1201 3193 oportet

454 3224 528 3267 eum
543 3206 597 3286 qui
613 3206 646 3267 in
660 3206 722 3269 boe
736 3207 820 3269 dono
841 3208 999 3288 prolicere
1019 3210 1117 3289 cupit,
1134 3227 1200 3272 om-

454 3322 529 3365 nem
543 3304 703 3367 carnalem
722 3304 936 3386 dulcedinem,
952 3325 1081 3369 omnem
1103 3307 1199 3370 vilem
1423 3266 1669 3331 ARTICULUS
1695 3264 1834 3330 XXXV'

455 3401 716 3482 consolationem,
740 3421 868 3465 omnem
892 3404 1089 3485 corporalem
1113 3406 1202 3488 quie·
1353 3419 1400 3477 De
1422 3415 1584 3492 gradibus
1606 3415 1687 3474 doni
1712 3414 1910 3473 intellectus.

454 3506 518 3562 tem
534 3509 747 3580 contemnere,
764 3505 896 3581 esseque
911 3501 1091 3565 timoratum
1107 3512 1200 3584 atque

454 3598 625 3662 sollicitum
655 3618 695 3661 ne
723 3598 924 3679 inquinatum
952 3600 1124 3682 quidquam
1154 3602 1202 3664 in·
1327 3598 1528 3663 DVERTERE
1562 3600 1690 3661 demum
1726 3617 1857 3661 necesse
1891 3608 1940 3662 θεῖ
1965 3600 2000 3661 ad

454 3705 560 3760 currat
580 3715 643 3778 quo
663 3696 838 3779 spiritualis
863 3698 974 3761 oculus
999 3698 1200 3762 obtenebrari
1340 3696 1489 3780 praedicta
1512 3695 1649 3759 lucidius
1676 3694 1896 3777 intelligenda,
1921 3696 2000 3777 quod

453 3796 504 3858 vel
519 3793 675 3857 infirmari
690 3795 893 3858 mereaturin
907 3796 994 3859 radio
1007 3796 1198 3876 intellectus,
1256 3795 1401 3877 quamvis
1421 3794 1561 3856 universi
1583 3792 1716 3875 gratiam
1738 3801 1863 3875 gratum
1885 3792 2002 3857 facien-

453 3894 486 3956 in
513 3892 767 3956 consideratione
795 3893 991 3956 mirabilium
1016 3893 1096 3974 legis
1120 3894 1201 3955 divi-
1256 3901 1320 3955 tem
1344 3892 1508 3969 habentes
1536 3891 1619 3953 dono
1644 3890 1825 3953 intellectus
1850 3898 2001 3954 ornentur

454 4011 514 4067 nae,
532 3991 564 4051 in
581 3990 790 4053 illustratione
812 3990 948 4072 Spiritus
970 3992 1088 4054 Sancti.
1105 3992 1200 4055 Porro
1256 3991 1288 4053 in
1304 3989 1410 4071 aliquo
1424 3990 1533 4071 gradu,
1544 4007 1609 4051 non
1624 3996 1731 4051 tamen
1745 4006 1834 4069 eaque
1848 3988 1998 4069 perfecte.

454 4096 528 4151 ante
542 4088 651 4151 omnia
664 4106 744 4169 opus
765 4096 813 4150 θεῖ
831 4097 867 4151 ut
885 4089 1039 4153 rationem
1060 4090 1200 4171 perfecte
1255 4087 1378 4151 Primus
1393 4086 1490 4168 igitur
1510 4086 1626 4167 gradus
1648 4085 1725 4149 doni
1747 4085 1941 4163 intellectus,
1957 4092 2002 4147 est

454 4206 492 4250 ac
516 4187 611 4269 plane
631 4186 780 4267 subjiciat
798 4185 877 4249 lidei
896 4187 1087 4268 christianae,
1104 4208 1200 4270 seque
1214 4183 1241 4247 D
1255 4187 1338 4270 quod
1359 4204 1416 4268 per
1434 4204 1506 4247 enm
1527 4184 1691 4265 cognoscit
1710 4184 1806 4247 bomo
1825 4183 1905 4247 lidei
1926 4182 2003 4246 veri-

454 4285 533 4349 iidei
549 4284 728 4348 consentire
742 4293 774 4348 et
787 4284 916 4348 obedire
931 4286 1126 4349 demonstret
1144 4308 1201 4369 per
1256 4284 1372 4347 tatibus
1387 4282 1611 4344 adherendum
1633 4289 1788 4363 quantum
1810 4282 1847 4343 ad
1869 4282 2001 4344 salutem

455 4383 646 4465 condignam
668 4391 700 4445 et
723 4390 865 4445 sanctam
888 4391 983 4464 atque
1009 4385 1200 4448 laudabilem
1256 4380 1471 4444 necessarium
1486 4388 1543 4457 est,
1558 4379 1787 4443 considerando
1802 4380 1943 4461 aliquam
1958 4399 2003 4441 ra-

453 4483 551 4546 vitam
566 4505 574 4560 3
591 4479 818 4564 perfectionem
833 4500 959 4562 quoque
980 4482 1055 4545 doni
1077 4482 1201 4546 intelle
1257 4480 1378 4543 tionem
1394 4478 1471 4541 lidei
1487 4477 1668 4540 christianae
1684 4486 1924 4560 propterquam
1940 4496 2004 4540 ere

454 4590 524 4645 ctus
539 4602 558 4644 a
572 4580 691 4662 Spiritu
706 4580 822 4642 Sancto
836 4580 970 4660 adipisci
986 4589 1128 4661 conetur,
1136 4601 1199 4645 non
1257 4579 1332 4640 dere
1347 4575 1504 4658 congruit.
1521 4574 1599 4637 Nam
1615 4574 1752 4657 Spiritus
1768 4576 1903 4638 Sanetus
1918 4574 2002 4639 omni

455 4678 592 4761 propriis
607 4677 740 4756 viribus,
756 4678 811 4739 sed
827 4675 1027 4741 fidelissimis
1046 4687 1078 4741 et
1099 4678 1202 4743 inces-
1258 4678 1391 4758 gratiam
1424 4674 1553 4737 habenti
1581 4673 1720 4737 ostendit
1747 4674 1786 4735 ad
1815 4674 1924 4736 minus
1951 4672 2004 4735 ali-

455 4775 610 4841 sabilibus
622 4773 781 4856 precibus,
789 4792 996 4855 supervacua,
1004 4774 1202 4839 infructuosa
1258 4792 1353 4856 quam
1373 4772 1451 4834 fidei
1472 4772 1626 4834 rationem
1648 4790 1705 4853 per
1729 4770 1905 4834 claritatem
1930 4771 2002 4834 doni

455 4875 559 4937 studia
578 4872 774 4951 detestando,
790 4879 822 4933 θῖ
836 4872 875 4933 ad
890 4871 1069 4952 proiectum
1085 4873 1118 4935 in
1134 4874 1203 4954 lege
1258 4870 1449 4947 intellectus,
1479 4869 1520 4932 ob
1547 4887 1643 4949 quam
1674 4868 1752 4930 fidei
1781 4868 2004 4932 adhaerendum

456 4981 489 5037 et
509 4970 666 5052 sapientia
686 4969 802 5033 Christi
824 4970 933 5033 omnia
953 4971 1140 5034 ordinando.
1259 4968 1432 5051 cognoscit.
1449 4967 1556 5049 Aliqui
1571 4967 1658 5029 enim
1673 4966 1712 5028 ad
1728 4967 1922 5029 credendum
1943 4985 2005 5029 mo

496 5070 577 5133 Hinc
609 5068 730 5151 quippe
762 5068 796 5129 in
824 5069 904 5131 lsaia
932 5069 1086 5151 scriptum
1116 5077 1164 5131 est
1194 5092 1201 5131 ε
1259 5076 1373 5131 ventur
1386 5074 1515 5149 propter
1529 5064 1711 5129 testimonia
1725 5065 1955 5147 Prophetarum
1968 5066 2005 5127 de

307 5207 440 5256 amp,
456 5171 554 5247 Quem
592 5166 721 5231 docebit
758 5165 911 5229 Dominus
949 5166 1138 5229 scientiaml
1173 5176 1205 5230 et
1259 5165 1382 5229 Christo
1397 5183 1542 5247 novaque
1558 5164 1644 5245 lege;
1660 5162 1759 5245 aliqui
1774 5182 1813 5225 ex
1828 5164 2008 5227 considera·

456 5287 553 5351 quem
575 5264 754 5349 intelligere
767 5263 866 5327 faciet
879 5264 1045 5328 audituml
1060 5266 1205 5329 Ablacta-
1260 5263 1347 5327 tione
1363 5262 1539 5327 sanctitatis
1554 5270 1586 5325 θῖ
1599 5260 1676 5325 fidei
1692 5262 1942 5343 precedentium
1957 5263 2008 5326 Pa-

455 1047 548 1111 donis
569 1048 757 1112 servabitur.
1255 1070 1366 1132 expers
1393 1060 1441 1114 est
1469 1052 1625 1114 sermonis
1651 1052 1781 1133 justitiae
1811 1074 1818 1113 ε
1850 1051 2030 1133 parvulus¹⁸·
