<?xml version="1.0" encoding="UTF-8"?>
<!DOCTYPE html PUBLIC "-//W3C//DTD XHTML 1.0 Transitional//EN"
    "http://www.w3.org/TR/xhtml1/DTD/xhtml1-transitional.dtd">
<html xmlns="http://www.w3.org/1999/xhtml" xml:lang="en" lang="en">
 <head>
  <title>
</title>
<meta http-equiv="Content-Type" content="text/html;charset=utf-8" />
  <meta name='ocr-system' content='tesseract 3.04.00' />
  <meta name='ocr-capabilities' content='ocr_page ocr_carea ocr_par ocr_line ocrx_word'/>
</head>
<body>
  <div class='ocr_page' id='page_1' title='image "./doctorisecstati02unkngoog/doctorisecstati02unkngoog_0591.png"; bbox 0 0 4309 6259; ppageno 0'>
   <div class='ocr_carea' id='block_1_1' title="bbox 453 495 1712 569">
    <p class='ocr_par' dir='ltr' id='par_1_1' title="bbox 453 495 1712 569">
     <span class='ocr_line' id='line_1_1' title="bbox 453 495 1712 569; baseline -0.001 -6"><span class='ocrx_word' id='word_1_1' title='bbox 453 516 493 563; x_wconf 83' lang='lat' dir='ltr'>oa</span> <span class='ocrx_word' id='word_1_2' title='bbox 513 514 671 563; x_wconf 79' lang='lat' dir='ltr'>rancomo</span> <span class='ocrx_word' id='word_1_3' title='bbox 692 514 729 560; x_wconf 82' lang='lat' dir='ltr'>rr</span> <span class='ocrx_word' id='word_1_4' title='bbox 749 512 914 561; x_wconf 82' lang='lat' dir='ltr'>nrenrrxru</span> <span class='ocrx_word' id='word_1_5' title='bbox 933 511 1051 569; x_wconf 75' lang='lat' dir='ltr'>naara,</span> <span class='ocrx_word' id='word_1_6' title='bbox 1073 513 1163 561; x_wconf 80' lang='lat' dir='ltr'>uranu</span> <span class='ocrx_word' id='word_1_7' title='bbox 1183 513 1224 561; x_wconf 85' lang='lat' dir='ltr'>xv.</span> <span class='ocrx_word' id='word_1_8' title='bbox 1247 534 1287 545; x_wconf 91' lang='lat'>-·</span> <span class='ocrx_word' id='word_1_9' title='bbox 1308 517 1378 563; x_wconf 76' lang='lat' dir='ltr'>xnr.</span> <span class='ocrx_word' id='word_1_10' title='bbox 1402 518 1421 563; x_wconf 89' lang='lat' dir='ltr'>v</span> <span class='ocrx_word' id='word_1_11' title='bbox 1651 495 1712 563; x_wconf 79' lang='grc'>569</span> 
     </span>
    </p>
   </div>
   <div class='ocr_carea' id='block_1_2' title="bbox 55 672 1867 5373">
    <p class='ocr_par' dir='ltr' id='par_1_2' title="bbox 55 672 1867 5373">
     <span class='ocr_line' id='line_1_2' title="bbox 167 672 1711 767; baseline -0.001 -18"><span class='ocrx_word' id='word_1_12' title='bbox 167 686 197 749; x_wconf 90' lang='lat' dir='ltr'>ci</span> <span class='ocrx_word' id='word_1_13' title='bbox 217 685 340 767; x_wconf 89' lang='lat' dir='ltr'>mundi,</span> <span class='ocrx_word' id='word_1_14' title='bbox 356 694 507 767; x_wconf 88' lang='lat' dir='ltr'>tanquam</span> <span class='ocrx_word' id='word_1_15' title='bbox 524 686 613 750; x_wconf 89' lang='lat' dir='ltr'>llatri</span> <span class='ocrx_word' id='word_1_16' title='bbox 634 686 702 766; x_wconf 81' lang='lat' dir='ltr'>oei,</span> <span class='ocrx_word' id='word_1_17' title='bbox 724 683 911 749; x_wconf 87' lang='lat' dir='ltr'>reverentis-</span> <span class='ocrx_word' id='word_1_18' title='bbox 924 683 951 746; x_wconf 78' lang='grc' dir='ltr'><strong>Α</strong></span> <span class='ocrx_word' id='word_1_19' title='bbox 964 686 1126 746; x_wconf 74' lang='lat' dir='ltr'>cubitibus</span> <span class='ocrx_word' id='word_1_20' title='bbox 1141 690 1282 757; x_wconf 79' lang='lat' dir='ltr'>leonum,</span> <span class='ocrx_word' id='word_1_21' title='bbox 1292 690 1332 748; x_wconf 84' lang='lat' dir='ltr'>de</span> <span class='ocrx_word' id='word_1_22' title='bbox 1342 672 1506 750; x_wconf 78' lang='lat' dir='ltr'>montibala</span> <span class='ocrx_word' id='word_1_23' title='bbox 1516 689 1711 765; x_wconf 81' lang='lat' dir='ltr'>pardorum.</span> 
     </span>
     <span class='ocr_line' id='line_1_3' title="bbox 167 782 1714 866; baseline -0.002 -18"><span class='ocrx_word' id='word_1_24' title='bbox 167 786 247 848; x_wconf 88' lang='lat' dir='ltr'>sime</span> <span class='ocrx_word' id='word_1_25' title='bbox 260 785 426 849; x_wconf 89' lang='lat' dir='ltr'>advenisse</span> <span class='ocrx_word' id='word_1_26' title='bbox 439 794 473 849; x_wconf 90' lang='lat' dir='ltr'>et</span> <span class='ocrx_word' id='word_1_27' title='bbox 484 786 710 851; x_wconf 88' lang='lat' dir='ltr'>decentissime</span> <span class='ocrx_word' id='word_1_28' title='bbox 721 784 910 862; x_wconf 87' lang='lat' dir='ltr'>occurrisse,</span> <span class='ocrx_word' id='word_1_29' title='bbox 965 782 1075 846; x_wconf 86' lang='lat' dir='ltr'>llerito</span> <span class='ocrx_word' id='word_1_30' title='bbox 1099 783 1232 865; x_wconf 78' lang='lat' dir='ltr'>proinde</span> <span class='ocrx_word' id='word_1_31' title='bbox 1255 786 1301 866; x_wconf 94' lang='lat' dir='ltr'>(ni</span> <span class='ocrx_word' id='word_1_32' title='bbox 1325 784 1434 865; x_wconf 87' lang='lat' dir='ltr'>lullor)</span> <span class='ocrx_word' id='word_1_33' title='bbox 1454 786 1570 849; x_wconf 79' lang='lat' dir='ltr'>throno</span> <span class='ocrx_word' id='word_1_34' title='bbox 1593 783 1714 847; x_wconf 86' lang='lat' dir='ltr'>Divini-</span> 
     </span>
     <span class='ocr_line' id='line_1_4' title="bbox 168 879 1714 969; baseline -0.001 -24"><span class='ocrx_word' id='word_1_35' title='bbox 168 892 199 946; x_wconf 90' lang='lat' dir='ltr'>et</span> <span class='ocrx_word' id='word_1_36' title='bbox 221 883 438 947; x_wconf 81' lang='lat' dir='ltr'>latentissimo</span> <span class='ocrx_word' id='word_1_37' title='bbox 460 886 495 947; x_wconf 93' lang='lat' dir='ltr'>in</span> <span class='ocrx_word' id='word_1_38' title='bbox 519 884 632 947; x_wconf 88' lang='lat' dir='ltr'>Sancta</span> <span class='ocrx_word' id='word_1_39' title='bbox 657 885 857 962; x_wconf 88' lang='lat' dir='ltr'>Sanctorum,</span> <span class='ocrx_word' id='word_1_40' title='bbox 878 883 911 944; x_wconf 91' lang='lat' dir='ltr'>in</span> <span class='ocrx_word' id='word_1_41' title='bbox 965 879 1040 943; x_wconf 90' lang='lat' dir='ltr'>tatis</span> <span class='ocrx_word' id='word_1_42' title='bbox 1058 881 1240 969; x_wconf 84' lang='lat' dir='ltr'>immediate</span> <span class='ocrx_word' id='word_1_43' title='bbox 1264 884 1483 965; x_wconf 88' lang='lat' dir='ltr'>approximare</span> <span class='ocrx_word' id='word_1_44' title='bbox 1507 882 1623 945; x_wconf 89' lang='lat' dir='ltr'>memit</span> <span class='ocrx_word' id='word_1_45' title='bbox 1642 900 1714 962; x_wconf 81' lang='lat' dir='ltr'>qua</span> 
     </span>
     <span class='ocr_line' id='line_1_5' title="bbox 167 978 1714 1065; baseline -0.001 -21"><span class='ocrx_word' id='word_1_46' title='bbox 167 982 334 1045; x_wconf 89' lang='lat' dir='ltr'>uranicum</span> <span class='ocrx_word' id='word_1_47' title='bbox 360 990 392 1045; x_wconf 91' lang='lat' dir='ltr'>te</span> <span class='ocrx_word' id='word_1_48' title='bbox 419 981 571 1065; x_wconf 91' lang='lat' dir='ltr'>palatium</span> <span class='ocrx_word' id='word_1_49' title='bbox 595 982 820 1060; x_wconf 85' lang='lat' dir='ltr'>introduxisse,</span> <span class='ocrx_word' id='word_1_50' title='bbox 845 1000 912 1044; x_wconf 91' lang='lat' dir='ltr'>cer·</span> <span class='ocrx_word' id='word_1_51' title='bbox 965 978 1104 1042; x_wconf 81' lang='lat' dir='ltr'><strong>Verbum</strong></span> <span class='ocrx_word' id='word_1_52' title='bbox 1116 979 1215 1042; x_wconf 86' lang='lat' dir='ltr'>lleum</span> <span class='ocrx_word' id='word_1_53' title='bbox 1229 982 1378 1064; x_wconf 81' lang='lat' dir='ltr'>concepit</span> <span class='ocrx_word' id='word_1_54' title='bbox 1391 989 1423 1043; x_wconf 90' lang='lat' dir='ltr'>et</span> <span class='ocrx_word' id='word_1_55' title='bbox 1436 982 1616 1065; x_wconf 87' lang='lat' dir='ltr'>peperit;et</span> <span class='ocrx_word' id='word_1_56' title='bbox 1629 980 1714 1061; x_wconf 86' lang='lat' dir='ltr'>juste</span> 
     </span>
     <span class='ocr_line' id='line_1_6' title="bbox 168 1077 1713 1163; baseline -0.001 -22"><span class='ocrx_word' id='word_1_57' title='bbox 168 1079 289 1144; x_wconf 79' lang='lat' dir='ltr'><strong>tissime</strong></span> <span class='ocrx_word' id='word_1_58' title='bbox 302 1082 521 1163; x_wconf 71' lang='lat' dir='ltr'>veraciterque</span> <span class='ocrx_word' id='word_1_59' title='bbox 540 1079 688 1143; x_wconf 84' lang='lat' dir='ltr'>latemur.</span> <span class='ocrx_word' id='word_1_60' title='bbox 704 1079 804 1160; x_wconf 84' lang='lat' dir='ltr'>l&#39;unc,</span> <span class='ocrx_word' id='word_1_61' title='bbox 820 1079 913 1143; x_wconf 81' lang='lat' dir='ltr'>ollo-</span> <span class='ocrx_word' id='word_1_62' title='bbox 965 1077 1097 1140; x_wconf 91' lang='lat' dir='ltr'>omniuo</span> <span class='ocrx_word' id='word_1_63' title='bbox 1125 1077 1341 1141; x_wconf 87' lang='lat' dir='ltr'>universitatis</span> <span class='ocrx_word' id='word_1_64' title='bbox 1369 1079 1519 1143; x_wconf 80' lang='lat' dir='ltr'><strong>Conditor</strong></span> <span class='ocrx_word' id='word_1_65' title='bbox 1552 1078 1713 1162; x_wconf 86' lang='lat' dir='ltr'>propriam</span> 
     </span>
     <span class='ocr_line' id='line_1_7' title="bbox 55 1173 1715 1258; baseline -0.004 -13"><span class='ocrx_word' id='word_1_66' title='bbox 55 1205 155 1250; x_wconf 57' lang='lat' dir='ltr'>etue.</span> <span class='ocrx_word' id='word_1_67' title='bbox 168 1179 263 1256; x_wconf 89' lang='lat' dir='ltr'>mina,</span> <span class='ocrx_word' id='word_1_68' title='bbox 280 1180 428 1243; x_wconf 92' lang='lat' dir='ltr'>viderunt</span> <span class='ocrx_word' id='word_1_69' title='bbox 441 1188 472 1242; x_wconf 91' lang='lat' dir='ltr'>te</span> <span class='ocrx_word' id='word_1_70' title='bbox 493 1179 571 1243; x_wconf 76' lang='lat' dir='ltr'>filia</span> <span class='ocrx_word' id='word_1_71' title='bbox 586 1179 662 1243; x_wconf 88' lang='lat' dir='ltr'>Sion</span> <span class='ocrx_word' id='word_1_72' title='bbox 682 1176 912 1241; x_wconf 88' lang='lat' dir='ltr'>beatissimam·</span> <span class='ocrx_word' id='word_1_73' title='bbox 965 1173 1157 1238; x_wconf 85' lang='lat' dir='ltr'>Genitricem</span> <span class='ocrx_word' id='word_1_74' title='bbox 1171 1176 1258 1239; x_wconf 93' lang='lat' dir='ltr'>omni</span> <span class='ocrx_word' id='word_1_75' title='bbox 1281 1176 1390 1258; x_wconf 91' lang='lat' dir='ltr'>utique</span> <span class='ocrx_word' id='word_1_76' title='bbox 1412 1185 1563 1241; x_wconf 72' lang='lat' dir='ltr'>creature</span> <span class='ocrx_word' id='word_1_77' title='bbox 1577 1176 1715 1258; x_wconf 73' lang='lat' dir='ltr'>praetulit</span> 
     </span>
     <span class='ocr_line' id='line_1_8' title="bbox 167 1273 1382 1360; baseline -0.001 -21"><span class='ocrx_word' id='word_1_78' title='bbox 167 1296 229 1357; x_wconf 92' lang='lat' dir='ltr'>que</span> <span class='ocrx_word' id='word_1_79' title='bbox 242 1277 507 1359; x_wconf 69' lang='lat' dir='ltr'>predicaverunt,</span> <span class='ocrx_word' id='word_1_80' title='bbox 523 1287 557 1341; x_wconf 91' lang='lat' dir='ltr'>et</span> <span class='ocrx_word' id='word_1_81' title='bbox 569 1277 688 1360; x_wconf 77' lang='lat' dir='ltr'>reginae</span> <span class='ocrx_word' id='word_1_82' title='bbox 701 1277 913 1340; x_wconf 89' lang='lat' dir='ltr'>laudaverunt</span> <span class='ocrx_word' id='word_1_83' title='bbox 966 1281 999 1335; x_wconf 91' lang='lat' dir='ltr'>et</span> <span class='ocrx_word' id='word_1_84' title='bbox 1019 1273 1238 1337; x_wconf 88' lang='lat' dir='ltr'>sublimiorem</span> <span class='ocrx_word' id='word_1_85' title='bbox 1261 1274 1382 1338; x_wconf 78' lang='lat' dir='ltr'>effecit.</span> 
     </span>
     <span class='ocr_line' id='line_1_9' title="bbox 55 1370 1715 1455; baseline 0.001 -19"><span class='ocrx_word' id='word_1_86' title='bbox 55 1398 154 1445; x_wconf 52' lang='lat' dir='ltr'>ranae.</span> <span class='ocrx_word' id='word_1_87' title='bbox 168 1384 208 1438; x_wconf 91' lang='lat' dir='ltr'>te.</span> <span class='ocrx_word' id='word_1_88' title='bbox 227 1374 391 1455; x_wconf 80' lang='lat' dir='ltr'>Praetema,</span> <span class='ocrx_word' id='word_1_89' title='bbox 411 1376 496 1439; x_wconf 90' lang='lat' dir='ltr'>sicut</span> <span class='ocrx_word' id='word_1_90' title='bbox 516 1376 585 1439; x_wconf 89' lang='lat' dir='ltr'>dies</span> <span class='ocrx_word' id='word_1_91' title='bbox 607 1375 712 1453; x_wconf 89' lang='lat' dir='ltr'>vomi,</span> <span class='ocrx_word' id='word_1_92' title='bbox 735 1375 914 1439; x_wconf 87' lang='lat' dir='ltr'>circumda·</span> <span class='ocrx_word' id='word_1_93' title='bbox 1006 1370 1113 1451; x_wconf 87' lang='lat' dir='ltr'>Porro,</span> <span class='ocrx_word' id='word_1_94' title='bbox 1143 1373 1319 1435; x_wconf 88' lang='lat' dir='ltr'>seeundum</span> <span class='ocrx_word' id='word_1_95' title='bbox 1346 1374 1542 1455; x_wconf 70' lang='lat' dir='ltr'>praeinducta</span> <span class='ocrx_word' id='word_1_96' title='bbox 1571 1372 1605 1435; x_wconf 94' lang='lat' dir='ltr'>in</span> <span class='ocrx_word' id='word_1_97' title='bbox 1634 1372 1715 1437; x_wconf 93' lang='lat' dir='ltr'>libro</span> 
     </span>
     <span class='ocr_line' id='line_1_10' title="bbox 167 1470 1855 1553; baseline -0.001 -18"><span class='ocrx_word' id='word_1_98' title='bbox 167 1474 243 1536; x_wconf 90' lang='lat' dir='ltr'>bant</span> <span class='ocrx_word' id='word_1_99' title='bbox 256 1482 287 1536; x_wconf 89' lang='lat' dir='ltr'>te</span> <span class='ocrx_word' id='word_1_100' title='bbox 300 1472 399 1537; x_wconf 81' lang='lat' dir='ltr'>flores</span> <span class='ocrx_word' id='word_1_101' title='bbox 413 1492 555 1538; x_wconf 86' lang='lat' dir='ltr'>rosarum</span> <span class='ocrx_word' id='word_1_102' title='bbox 570 1482 602 1537; x_wconf 93' lang='lat' dir='ltr'>et</span> <span class='ocrx_word' id='word_1_103' title='bbox 616 1473 686 1536; x_wconf 89' lang='lat' dir='ltr'>lilia</span> <span class='ocrx_word' id='word_1_104' title='bbox 703 1472 911 1536; x_wconf 77' lang='lat' dir='ltr'>convallium.</span> <span class='ocrx_word' id='word_1_105' title='bbox 966 1470 1081 1553; x_wconf 90' lang='lat' dir='ltr'>primo,</span> <span class='ocrx_word' id='word_1_106' title='bbox 1106 1478 1227 1535; x_wconf 72' lang='lat' dir='ltr'>mntem</span> <span class='ocrx_word' id='word_1_107' title='bbox 1252 1472 1361 1536; x_wconf 89' lang='lat' dir='ltr'>decuit</span> <span class='ocrx_word' id='word_1_108' title='bbox 1383 1473 1584 1537; x_wconf 80' lang='lat' dir='ltr'>sanctitatem</span> <span class='ocrx_word' id='word_1_109' title='bbox 1609 1473 1715 1537; x_wconf 92' lang='lat' dir='ltr'>inesse</span> <span class='ocrx_word' id='word_1_110' title='bbox 1743 1495 1784 1535; x_wconf 77' lang='lat' dir='ltr'>ut.</span> <span class='ocrx_word' id='word_1_111' title='bbox 1811 1504 1855 1542; x_wconf 78' lang='grc' dir='ltr'><strong>ιιιι.</strong></span> 
     </span>
     <span class='ocr_line' id='line_1_11' title="bbox 166 1568 1773 1653; baseline -0.001 -19"><span class='ocrx_word' id='word_1_112' title='bbox 166 1572 271 1652; x_wconf 90' lang='lat' dir='ltr'>Porro,</span> <span class='ocrx_word' id='word_1_113' title='bbox 293 1572 436 1635; x_wconf 88' lang='lat' dir='ltr'>videntes</span> <span class='ocrx_word' id='word_1_114' title='bbox 457 1580 488 1635; x_wconf 92' lang='lat' dir='ltr'>te</span> <span class='ocrx_word' id='word_1_115' title='bbox 512 1572 567 1635; x_wconf 91' lang='lat' dir='ltr'>alii</span> <span class='ocrx_word' id='word_1_116' title='bbox 591 1571 671 1635; x_wconf 83' lang='lat' dir='ltr'>rilio</span> <span class='ocrx_word' id='word_1_117' title='bbox 694 1590 812 1653; x_wconf 94' lang='lat' dir='ltr'>sponso</span> <span class='ocrx_word' id='word_1_118' title='bbox 831 1570 914 1633; x_wconf 92' lang='lat' dir='ltr'>inni·</span> <span class='ocrx_word' id='word_1_119' title='bbox 967 1568 1054 1631; x_wconf 82' lang='lat' dir='ltr'>lintri</span> <span class='ocrx_word' id='word_1_120' title='bbox 1079 1569 1146 1632; x_wconf 92' lang='lat' dir='ltr'>veri</span> <span class='ocrx_word' id='word_1_121' title='bbox 1172 1569 1240 1649; x_wconf 85' lang='lat' dir='ltr'>llei,</span> <span class='ocrx_word' id='word_1_122' title='bbox 1262 1588 1325 1651; x_wconf 88' lang='lat' dir='ltr'>qua</span> <span class='ocrx_word' id='word_1_123' title='bbox 1350 1571 1409 1634; x_wconf 89' lang='lat' dir='ltr'>sub</span> <span class='ocrx_word' id='word_1_124' title='bbox 1432 1572 1496 1635; x_wconf 87' lang='lat' dir='ltr'>Deo</span> <span class='ocrx_word' id='word_1_125' title='bbox 1520 1572 1623 1652; x_wconf 75' lang='lat' dir='ltr'>maior</span> <span class='ocrx_word' id='word_1_126' title='bbox 1645 1590 1715 1635; x_wconf 86' lang='lat' dir='ltr'>esse</span> <span class='ocrx_word' id='word_1_127' title='bbox 1729 1568 1773 1598; x_wconf 61' lang='lat'>¹¹⁹·</span> 
     </span>
     <span class='ocr_line' id='line_1_12' title="bbox 167 1666 1716 1750; baseline 0 -19"><span class='ocrx_word' id='word_1_128' title='bbox 167 1689 248 1749; x_wconf 85' lang='lat' dir='ltr'>xam,</span> <span class='ocrx_word' id='word_1_129' title='bbox 268 1668 422 1750; x_wconf 78' lang='lat' dir='ltr'>gracilem</span> <span class='ocrx_word' id='word_1_130' title='bbox 446 1669 544 1732; x_wconf 92' lang='lat' dir='ltr'>nimis</span> <span class='ocrx_word' id='word_1_131' title='bbox 567 1677 600 1731; x_wconf 90' lang='lat' dir='ltr'>et</span> <span class='ocrx_word' id='word_1_132' title='bbox 623 1668 915 1749; x_wconf 87' lang='lat' dir='ltr'>incomparabiliter</span> <span class='ocrx_word' id='word_1_133' title='bbox 967 1667 1098 1747; x_wconf 79' lang='lat' dir='ltr'>nequit3</span> <span class='ocrx_word' id='word_1_134' title='bbox 1128 1666 1262 1749; x_wconf 92' lang='lat' dir='ltr'>ideoque</span> <span class='ocrx_word' id='word_1_135' title='bbox 1296 1669 1459 1750; x_wconf 87' lang='lat' dir='ltr'>proximus</span> <span class='ocrx_word' id='word_1_136' title='bbox 1486 1670 1549 1734; x_wconf 88' lang='lat' dir='ltr'>Deo</span> <span class='ocrx_word' id='word_1_137' title='bbox 1577 1669 1606 1734; x_wconf 94' lang='lat' dir='ltr'>ei</span> <span class='ocrx_word' id='word_1_138' title='bbox 1630 1670 1716 1750; x_wconf 87' lang='lat' dir='ltr'>juste</span> 
     </span>
     <span class='ocr_line' id='line_1_13' title="bbox 166 1764 1717 1849; baseline 0 -20"><span class='ocrx_word' id='word_1_139' title='bbox 166 1767 343 1848; x_wconf 86' lang='lat' dir='ltr'>pulchram,</span> <span class='ocrx_word' id='word_1_140' title='bbox 366 1786 431 1849; x_wconf 71' lang='lat' dir='ltr'>prm</span> <span class='ocrx_word' id='word_1_141' title='bbox 452 1766 661 1830; x_wconf 85' lang='lat' dir='ltr'>admiratione</span> <span class='ocrx_word' id='word_1_142' title='bbox 682 1766 882 1830; x_wconf 83' lang='lat' dir='ltr'>sciscitantes</span> <span class='ocrx_word' id='word_1_143' title='bbox 903 1789 911 1827; x_wconf 73' lang='grc' dir='ltr'>ε</span> <span class='ocrx_word' id='word_1_144' title='bbox 967 1764 1057 1826; x_wconf 89' lang='lat' dir='ltr'>locus</span> <span class='ocrx_word' id='word_1_145' title='bbox 1071 1772 1237 1845; x_wconf 77' lang='lat' dir='ltr'>prestatur</span> <span class='ocrx_word' id='word_1_146' title='bbox 1254 1788 1260 1827; x_wconf 93' lang='lat'><strong>:</strong></span> <span class='ocrx_word' id='word_1_147' title='bbox 1277 1766 1423 1848; x_wconf 89' lang='lat' dir='ltr'>ampliori</span> <span class='ocrx_word' id='word_1_148' title='bbox 1444 1786 1581 1848; x_wconf 91' lang='lat' dir='ltr'>namque</span> <span class='ocrx_word' id='word_1_149' title='bbox 1602 1767 1717 1830; x_wconf 87' lang='lat' dir='ltr'>sancti-</span> 
     </span>
     <span class='ocr_line' id='line_1_14' title="bbox 55 1862 1713 1948; baseline 0 -21"><span class='ocrx_word' id='word_1_150' title='bbox 55 1888 154 1933; x_wconf 63' lang='lat' dir='ltr'>atur.</span> <span class='ocrx_word' id='word_1_151' title='bbox 167 1865 239 1939; x_wconf 75' lang='lat' dir='ltr'>Oura</span> <span class='ocrx_word' id='word_1_152' title='bbox 259 1874 309 1928; x_wconf 93' lang='lat' dir='ltr'>est</span> <span class='ocrx_word' id='word_1_153' title='bbox 328 1864 506 1947; x_wconf 88' lang='lat' dir='ltr'>(inquiunt)</span> <span class='ocrx_word' id='word_1_154' title='bbox 520 1864 583 1927; x_wconf 90' lang='lat' dir='ltr'>ista</span> <span class='ocrx_word' id='word_1_155' title='bbox 601 1884 673 1946; x_wconf 84' lang='lat' dir='ltr'>qua</span> <span class='ocrx_word' id='word_1_156' title='bbox 692 1864 837 1927; x_wconf 88' lang='lat' dir='ltr'>ascendit</span> <span class='ocrx_word' id='word_1_157' title='bbox 858 1883 914 1947; x_wconf 86' lang='lat' dir='ltr'>per</span> <span class='ocrx_word' id='word_1_158' title='bbox 929 1862 953 1925; x_wconf 88' lang='lat' dir='ltr'>B</span> <span class='ocrx_word' id='word_1_159' title='bbox 968 1862 1023 1924; x_wconf 85' lang='lat' dir='ltr'>tati</span> <span class='ocrx_word' id='word_1_160' title='bbox 1052 1862 1158 1926; x_wconf 90' lang='lat' dir='ltr'>locum</span> <span class='ocrx_word' id='word_1_161' title='bbox 1191 1862 1301 1927; x_wconf 87' lang='lat' dir='ltr'>deberi</span> <span class='ocrx_word' id='word_1_162' title='bbox 1334 1864 1491 1945; x_wconf 89' lang='lat' dir='ltr'>altiorem,</span> <span class='ocrx_word' id='word_1_163' title='bbox 1520 1866 1626 1948; x_wconf 88' lang='lat' dir='ltr'>pelam</span> <span class='ocrx_word' id='word_1_164' title='bbox 1655 1874 1713 1929; x_wconf 90' lang='lat' dir='ltr'>est.</span> 
     </span>
     <span class='ocr_line' id='line_1_15' title="bbox 166 1961 1718 2045; baseline 0.001 -19"><span class='ocrx_word' id='word_1_165' title='bbox 166 1964 327 2026; x_wconf 91' lang='lat' dir='ltr'>desertum</span> <span class='ocrx_word' id='word_1_166' title='bbox 355 1962 438 2026; x_wconf 91' lang='lat' dir='ltr'>sicut</span> <span class='ocrx_word' id='word_1_167' title='bbox 466 1962 590 2044; x_wconf 88' lang='lat' dir='ltr'>virgula</span> <span class='ocrx_word' id='word_1_168' title='bbox 618 1962 699 2025; x_wconf 89' lang='lat' dir='ltr'>lumi</span> <span class='ocrx_word' id='word_1_169' title='bbox 727 1981 765 2026; x_wconf 85' lang='lat' dir='ltr'>ex</span> <span class='ocrx_word' id='word_1_170' title='bbox 793 1981 915 2025; x_wconf 88' lang='lat' dir='ltr'>aroma-</span> <span class='ocrx_word' id='word_1_171' title='bbox 968 1961 1122 2041; x_wconf 83' lang='lat' dir='ltr'>Denique,</span> <span class='ocrx_word' id='word_1_172' title='bbox 1152 1962 1208 2042; x_wconf 91' lang='lat' dir='ltr'>qui</span> <span class='ocrx_word' id='word_1_173' title='bbox 1236 1962 1309 2044; x_wconf 88' lang='lat' dir='ltr'>plus</span> <span class='ocrx_word' id='word_1_174' title='bbox 1337 1962 1453 2045; x_wconf 82' lang='lat' dir='ltr'>diligit,</span> <span class='ocrx_word' id='word_1_175' title='bbox 1483 1964 1547 2027; x_wconf 82' lang='lat' dir='ltr'>lleo</span> <span class='ocrx_word' id='word_1_176' title='bbox 1579 1963 1718 2027; x_wconf 86' lang='lat' dir='ltr'>vicinior</span> 
     </span>
     <span class='ocr_line' id='line_1_16' title="bbox 167 2057 1716 2144; baseline -0.001 -20"><span class='ocrx_word' id='word_1_177' title='bbox 167 2061 251 2124; x_wconf 91' lang='lat' dir='ltr'>tibus</span> <span class='ocrx_word' id='word_1_178' title='bbox 275 2062 411 2144; x_wconf 76' lang='lat' dir='ltr'>myrrha</span> <span class='ocrx_word' id='word_1_179' title='bbox 439 2069 471 2123; x_wconf 92' lang='lat' dir='ltr'>et</span> <span class='ocrx_word' id='word_1_180' title='bbox 494 2060 608 2140; x_wconf 88' lang='lat' dir='ltr'>thuris,</span> <span class='ocrx_word' id='word_1_181' title='bbox 630 2068 662 2123; x_wconf 87' lang='lat' dir='ltr'>et</span> <span class='ocrx_word' id='word_1_182' title='bbox 680 2060 821 2123; x_wconf 91' lang='lat' dir='ltr'>universi</span> <span class='ocrx_word' id='word_1_183' title='bbox 845 2060 915 2141; x_wconf 93' lang='lat' dir='ltr'>pul·</span> <span class='ocrx_word' id='word_1_184' title='bbox 968 2057 1029 2121; x_wconf 91' lang='lat' dir='ltr'>erit</span> <span class='ocrx_word' id='word_1_185' title='bbox 1054 2082 1062 2119; x_wconf 76' lang='grc' dir='ltr'>ι</span> <span class='ocrx_word' id='word_1_186' title='bbox 1087 2058 1210 2121; x_wconf 86' lang='lat' dir='ltr'>caritati</span> <span class='ocrx_word' id='word_1_187' title='bbox 1239 2060 1325 2123; x_wconf 91' lang='lat' dir='ltr'>enim</span> <span class='ocrx_word' id='word_1_188' title='bbox 1354 2060 1523 2124; x_wconf 89' lang='lat' dir='ltr'>essentiale</span> <span class='ocrx_word' id='word_1_189' title='bbox 1550 2060 1716 2143; x_wconf 72' lang='lat' dir='ltr'>praemium</span> 
     </span>
     <span class='ocr_line' id='line_1_17' title="bbox 166 2154 1717 2241; baseline 0 -20"><span class='ocrx_word' id='word_1_190' title='bbox 166 2159 250 2221; x_wconf 89' lang='lat' dir='ltr'>veris</span> <span class='ocrx_word' id='word_1_191' title='bbox 272 2158 501 2241; x_wconf 81' lang='lat' dir='ltr'>pigmentariil</span> <span class='ocrx_word' id='word_1_192' title='bbox 969 2155 1077 2218; x_wconf 87' lang='lat' dir='ltr'>deberi</span> <span class='ocrx_word' id='word_1_193' title='bbox 1113 2154 1256 2220; x_wconf 83' lang='lat' dir='ltr'>latentur</span> <span class='ocrx_word' id='word_1_194' title='bbox 1288 2158 1438 2241; x_wconf 81' lang='lat' dir='ltr'>theologi.</span> <span class='ocrx_word' id='word_1_195' title='bbox 1469 2158 1574 2221; x_wconf 88' lang='lat' dir='ltr'>Palam</span> <span class='ocrx_word' id='word_1_196' title='bbox 1611 2166 1717 2222; x_wconf 88' lang='lat' dir='ltr'>autem</span> 
     </span>
     <span class='ocr_line' id='line_1_18' title="bbox 205 2253 1716 2338; baseline -0.001 -19"><span class='ocrx_word' id='word_1_197' title='bbox 205 2258 276 2319; x_wconf 85' lang='lat' dir='ltr'>Tibi</span> <span class='ocrx_word' id='word_1_198' title='bbox 291 2257 439 2338; x_wconf 90' lang='lat' dir='ltr'>itaque,o</span> <span class='ocrx_word' id='word_1_199' title='bbox 453 2256 795 2334; x_wconf 84' lang='lat' dir='ltr'>Domina,ascendeuti</span> <span class='ocrx_word' id='word_1_200' title='bbox 809 2256 915 2319; x_wconf 87' lang='lat' dir='ltr'>omnis</span> <span class='ocrx_word' id='word_1_201' title='bbox 969 2254 1055 2334; x_wconf 92' lang='lat' dir='ltr'>quod</span> <span class='ocrx_word' id='word_1_202' title='bbox 1083 2253 1173 2315; x_wconf 88' lang='lat' dir='ltr'>nulla</span> <span class='ocrx_word' id='word_1_203' title='bbox 1200 2273 1291 2319; x_wconf 89' lang='lat' dir='ltr'>mens</span> <span class='ocrx_word' id='word_1_204' title='bbox 1325 2264 1440 2334; x_wconf 89' lang='lat' dir='ltr'>creata,</span> <span class='ocrx_word' id='word_1_205' title='bbox 1472 2264 1544 2338; x_wconf 89' lang='lat' dir='ltr'>post</span> <span class='ocrx_word' id='word_1_206' title='bbox 1577 2256 1716 2318; x_wconf 89' lang='lat' dir='ltr'>animam</span> 
     </span>
     <span class='ocr_line' id='line_1_19' title="bbox 167 2350 1719 2437; baseline 0 -22"><span class='ocrx_word' id='word_1_207' title='bbox 167 2354 332 2437; x_wconf 89' lang='lat' dir='ltr'>applaudit</span> <span class='ocrx_word' id='word_1_208' title='bbox 354 2353 493 2417; x_wconf 89' lang='lat' dir='ltr'>coelestis</span> <span class='ocrx_word' id='word_1_209' title='bbox 517 2353 687 2417; x_wconf 87' lang='lat' dir='ltr'>exercitus.</span> <span class='ocrx_word' id='word_1_210' title='bbox 707 2354 863 2416; x_wconf 80' lang='lat' dir='ltr'>Latanter</span> <span class='ocrx_word' id='word_1_211' title='bbox 884 2362 915 2416; x_wconf 88' lang='lat' dir='ltr'>te</span> <span class='ocrx_word' id='word_1_212' title='bbox 969 2350 1096 2429; x_wconf 81' lang='lat' dir='ltr'>Christi,</span> <span class='ocrx_word' id='word_1_213' title='bbox 1112 2358 1176 2413; x_wconf 87' lang='lat' dir='ltr'>tarn</span> <span class='ocrx_word' id='word_1_214' title='bbox 1197 2352 1308 2417; x_wconf 90' lang='lat' dir='ltr'>intime</span> <span class='ocrx_word' id='word_1_215' title='bbox 1328 2361 1424 2435; x_wconf 89' lang='lat' dir='ltr'>atque</span> <span class='ocrx_word' id='word_1_216' title='bbox 1442 2354 1591 2418; x_wconf 89' lang='lat' dir='ltr'>ardenter</span> <span class='ocrx_word' id='word_1_217' title='bbox 1609 2372 1719 2435; x_wconf 93' lang='lat' dir='ltr'>quem-</span> 
     </span>
     <span class='ocr_line' id='line_1_20' title="bbox 167 2447 1718 2536; baseline -0.001 -21"><span class='ocrx_word' id='word_1_218' title='bbox 167 2452 404 2536; x_wconf 88' lang='lat' dir='ltr'>amplectuntur</span> <span class='ocrx_word' id='word_1_219' title='bbox 423 2452 577 2534; x_wconf 76' lang='lat' dir='ltr'>angelica</span> <span class='ocrx_word' id='word_1_220' title='bbox 597 2461 732 2530; x_wconf 88' lang='lat' dir='ltr'>mentes,</span> <span class='ocrx_word' id='word_1_221' title='bbox 748 2471 807 2533; x_wconf 90' lang='lat' dir='ltr'>per</span> <span class='ocrx_word' id='word_1_222' title='bbox 820 2470 915 2533; x_wconf 88' lang='lat' dir='ltr'>quam</span> <span class='ocrx_word' id='word_1_223' title='bbox 970 2447 1141 2510; x_wconf 87' lang='lat' dir='ltr'>admodum</span> <span class='ocrx_word' id='word_1_224' title='bbox 1169 2448 1264 2512; x_wconf 81' lang='lat' dir='ltr'>llario</span> <span class='ocrx_word' id='word_1_225' title='bbox 1293 2450 1391 2512; x_wconf 86' lang='lat' dir='ltr'>Deum</span> <span class='ocrx_word' id='word_1_226' title='bbox 1420 2450 1532 2513; x_wconf 90' lang='lat' dir='ltr'>dilexit</span> <span class='ocrx_word' id='word_1_227' title='bbox 1563 2474 1570 2512; x_wconf 92' lang='lat'>:</span> <span class='ocrx_word' id='word_1_228' title='bbox 1600 2450 1718 2532; x_wconf 90' lang='lat' dir='ltr'>quippe</span> 
     </span>
     <span class='ocr_line' id='line_1_21' title="bbox 168 2546 1718 2631; baseline -0.001 -19"><span class='ocrx_word' id='word_1_229' title='bbox 168 2551 290 2612; x_wconf 91' lang='lat' dir='ltr'>sedium</span> <span class='ocrx_word' id='word_1_230' title='bbox 314 2569 442 2611; x_wconf 91' lang='lat' dir='ltr'>suarum</span> <span class='ocrx_word' id='word_1_231' title='bbox 468 2559 544 2612; x_wconf 92' lang='lat' dir='ltr'>sunt</span> <span class='ocrx_word' id='word_1_232' title='bbox 566 2557 717 2631; x_wconf 81' lang='lat' dir='ltr'>reparata</span> <span class='ocrx_word' id='word_1_233' title='bbox 738 2548 848 2611; x_wconf 79' lang='lat' dir='ltr'>ruina.</span> <span class='ocrx_word' id='word_1_234' title='bbox 864 2548 917 2611; x_wconf 88' lang='lat' dir='ltr'>Ju-</span> <span class='ocrx_word' id='word_1_235' title='bbox 969 2563 1041 2625; x_wconf 79' lang='lat' dir='ltr'>quaa</span> <span class='ocrx_word' id='word_1_236' title='bbox 1055 2564 1128 2608; x_wconf 91' lang='lat' dir='ltr'>eum</span> <span class='ocrx_word' id='word_1_237' title='bbox 1151 2554 1185 2607; x_wconf 89' lang='lat' dir='ltr'>ut</span> <span class='ocrx_word' id='word_1_238' title='bbox 1207 2546 1337 2609; x_wconf 91' lang='lat' dir='ltr'>unicum</span> <span class='ocrx_word' id='word_1_239' title='bbox 1357 2547 1587 2630; x_wconf 89' lang='lat' dir='ltr'>propriumque</span> <span class='ocrx_word' id='word_1_240' title='bbox 1601 2548 1718 2611; x_wconf 82' lang='lat' dir='ltr'>Filium</span> 
     </span>
     <span class='ocr_line' id='line_1_22' title="bbox 168 2643 1718 2727; baseline -0.001 -16"><span class='ocrx_word' id='word_1_241' title='bbox 168 2650 348 2711; x_wconf 91' lang='lat' dir='ltr'>cundantur</span> <span class='ocrx_word' id='word_1_242' title='bbox 370 2646 404 2709; x_wconf 92' lang='lat' dir='ltr'>in</span> <span class='ocrx_word' id='word_1_243' title='bbox 428 2656 484 2711; x_wconf 93' lang='lat' dir='ltr'>tuo</span> <span class='ocrx_word' id='word_1_244' title='bbox 506 2647 645 2710; x_wconf 90' lang='lat' dir='ltr'>adventu</span> <span class='ocrx_word' id='word_1_245' title='bbox 663 2646 851 2710; x_wconf 74' lang='lat' dir='ltr'>Patriarchae</span> <span class='ocrx_word' id='word_1_246' title='bbox 870 2646 916 2709; x_wconf 77' lang='lat' dir='ltr'>lo</span> <span class='ocrx_word' id='word_1_247' title='bbox 970 2643 1139 2707; x_wconf 91' lang='lat' dir='ltr'>adamavit.</span> <span class='ocrx_word' id='word_1_248' title='bbox 1148 2643 1271 2706; x_wconf 85' lang='lat' dir='ltr'>Etenim</span> <span class='ocrx_word' id='word_1_249' title='bbox 1288 2644 1314 2706; x_wconf 91' lang='lat' dir='ltr'>si</span> <span class='ocrx_word' id='word_1_250' title='bbox 1331 2646 1513 2726; x_wconf 91' lang='lat' dir='ltr'>quominus,</span> <span class='ocrx_word' id='word_1_251' title='bbox 1528 2663 1594 2709; x_wconf 93' lang='lat' dir='ltr'>non</span> <span class='ocrx_word' id='word_1_252' title='bbox 1609 2646 1718 2727; x_wconf 90' lang='lat' dir='ltr'>utique</span> 
     </span>
     <span class='ocr_line' id='line_1_23' title="bbox 167 2741 1718 2827; baseline -0.001 -19"><span class='ocrx_word' id='word_1_253' title='bbox 167 2745 256 2825; x_wconf 90' lang='lat' dir='ltr'>lices,</span> <span class='ocrx_word' id='word_1_254' title='bbox 276 2746 312 2807; x_wconf 94' lang='lat' dir='ltr'>in</span> <span class='ocrx_word' id='word_1_255' title='bbox 335 2745 430 2826; x_wconf 84' lang='lat' dir='ltr'>cujus</span> <span class='ocrx_word' id='word_1_256' title='bbox 452 2745 598 2827; x_wconf 90' lang='lat' dir='ltr'>germine</span> <span class='ocrx_word' id='word_1_257' title='bbox 623 2752 656 2808; x_wconf 95' lang='lat' dir='ltr'>et</span> <span class='ocrx_word' id='word_1_258' title='bbox 679 2745 741 2827; x_wconf 91' lang='lat' dir='ltr'>ipsi</span> <span class='ocrx_word' id='word_1_259' title='bbox 765 2753 799 2808; x_wconf 89' lang='lat' dir='ltr'>et</span> <span class='ocrx_word' id='word_1_260' title='bbox 820 2764 916 2808; x_wconf 92' lang='lat' dir='ltr'>omne</span> <span class='ocrx_word' id='word_1_261' title='bbox 969 2759 1043 2803; x_wconf 89' lang='lat' dir='ltr'>eum</span> <span class='ocrx_word' id='word_1_262' title='bbox 1068 2750 1190 2804; x_wconf 86' lang='lat' dir='ltr'>tantum</span> <span class='ocrx_word' id='word_1_263' title='bbox 1215 2741 1379 2805; x_wconf 82' lang='lat' dir='ltr'>dilexisset</span> <span class='ocrx_word' id='word_1_264' title='bbox 1402 2750 1556 2824; x_wconf 88' lang='lat' dir='ltr'>quantum</span> <span class='ocrx_word' id='word_1_265' title='bbox 1580 2762 1653 2807; x_wconf 87' lang='lat' dir='ltr'>eum</span> <span class='ocrx_word' id='word_1_266' title='bbox 1678 2743 1718 2807; x_wconf 92' lang='lat' dir='ltr'>ab</span> 
     </span>
     <span class='ocr_line' id='line_1_24' title="bbox 167 2838 1590 2926; baseline -0.002 -19"><span class='ocrx_word' id='word_1_267' title='bbox 167 2862 275 2907; x_wconf 87' lang='lat' dir='ltr'>eorum</span> <span class='ocrx_word' id='word_1_268' title='bbox 304 2862 426 2922; x_wconf 88' lang='lat' dir='ltr'>semen,</span> <span class='ocrx_word' id='word_1_269' title='bbox 456 2843 626 2926; x_wconf 89' lang='lat' dir='ltr'>omnisque</span> <span class='ocrx_word' id='word_1_270' title='bbox 653 2843 784 2925; x_wconf 87' lang='lat' dir='ltr'>insuper</span> <span class='ocrx_word' id='word_1_271' title='bbox 812 2844 914 2925; x_wconf 91' lang='lat' dir='ltr'>plebs,</span> <span class='ocrx_word' id='word_1_272' title='bbox 969 2838 1040 2921; x_wconf 90' lang='lat' dir='ltr'>ipsa</span> <span class='ocrx_word' id='word_1_273' title='bbox 1059 2839 1151 2920; x_wconf 92' lang='lat' dir='ltr'>diligi</span> <span class='ocrx_word' id='word_1_274' title='bbox 1172 2859 1231 2921; x_wconf 88' lang='lat' dir='ltr'>par</span> <span class='ocrx_word' id='word_1_275' title='bbox 1250 2840 1436 2922; x_wconf 82' lang='lat' dir='ltr'>justumque</span> <span class='ocrx_word' id='word_1_276' title='bbox 1457 2842 1590 2904; x_wconf 87' lang='lat' dir='ltr'>exstitit.</span> 
     </span>
     <span class='ocr_line' id='line_1_25' title="bbox 167 2936 1718 3023; baseline -0.001 -20"><span class='ocrx_word' id='word_1_277' title='bbox 167 2941 423 3005; x_wconf 84' lang='lat' dir='ltr'>benedictionem</span> <span class='ocrx_word' id='word_1_278' title='bbox 448 2960 482 3004; x_wconf 91' lang='lat' dir='ltr'>se</span> <span class='ocrx_word' id='word_1_279' title='bbox 505 2943 618 3023; x_wconf 88' lang='lat' dir='ltr'>adepta</span> <span class='ocrx_word' id='word_1_280' title='bbox 640 2943 852 3022; x_wconf 85' lang='lat' dir='ltr'>congaudent.</span> <span class='ocrx_word' id='word_1_281' title='bbox 873 2941 916 3004; x_wconf 85' lang='lat' dir='ltr'>l&#39;e</span> <span class='ocrx_word' id='word_1_282' title='bbox 1010 2936 1234 3000; x_wconf 89' lang='lat' dir='ltr'>Verumtamen</span> <span class='ocrx_word' id='word_1_283' title='bbox 1249 2956 1314 3000; x_wconf 93' lang='lat' dir='ltr'>non</span> <span class='ocrx_word' id='word_1_284' title='bbox 1329 2938 1389 3001; x_wconf 93' lang='lat' dir='ltr'>hoc</span> <span class='ocrx_word' id='word_1_285' title='bbox 1406 2939 1452 3001; x_wconf 88' lang='lat' dir='ltr'>sic</span> <span class='ocrx_word' id='word_1_286' title='bbox 1474 2939 1718 3021; x_wconf 79' lang='lat' dir='ltr'>intelligendum</span> 
     </span>
     <span class='ocr_line' id='line_1_26' title="bbox 168 3034 1719 3121; baseline 0 -20"><span class='ocrx_word' id='word_1_287' title='bbox 168 3040 348 3103; x_wconf 90' lang='lat' dir='ltr'>venientem</span> <span class='ocrx_word' id='word_1_288' title='bbox 383 3040 523 3102; x_wconf 91' lang='lat' dir='ltr'>salutant</span> <span class='ocrx_word' id='word_1_289' title='bbox 556 3048 810 3121; x_wconf 88' lang='lat' dir='ltr'>veneranturque</span> <span class='ocrx_word' id='word_1_290' title='bbox 844 3040 916 3103; x_wconf 80' lang='lat' dir='ltr'>Pro</span> <span class='ocrx_word' id='word_1_291' title='bbox 933 3034 1096 3117; x_wconf 83' lang='lat' dir='ltr'>Copinor,</span> <span class='ocrx_word' id='word_1_292' title='bbox 1112 3035 1196 3116; x_wconf 93' lang='lat' dir='ltr'>quod</span> <span class='ocrx_word' id='word_1_293' title='bbox 1212 3035 1306 3098; x_wconf 84' lang='lat' dir='ltr'>llario</span> <span class='ocrx_word' id='word_1_294' title='bbox 1325 3044 1361 3098; x_wconf 97' lang='lat' dir='ltr'>ut</span> <span class='ocrx_word' id='word_1_295' title='bbox 1379 3036 1493 3099; x_wconf 84' lang='lat' dir='ltr'>viatrix</span> <span class='ocrx_word' id='word_1_296' title='bbox 1512 3056 1578 3120; x_wconf 79' lang='lat' dir='ltr'>pra</span> <span class='ocrx_word' id='word_1_297' title='bbox 1596 3038 1719 3119; x_wconf 86' lang='lat' dir='ltr'>angelis</span> 
     </span>
     <span class='ocr_line' id='line_1_27' title="bbox 168 3132 1772 3220; baseline -0.001 -19"><span class='ocrx_word' id='word_1_298' title='bbox 168 3139 269 3219; x_wconf 68' lang='lat' dir='ltr'>phetae</span> <span class='ocrx_word' id='word_1_299' title='bbox 287 3161 295 3199; x_wconf 72' lang='grc' dir='ltr'><strong><em>ε</em></strong></span> <span class='ocrx_word' id='word_1_300' title='bbox 311 3138 429 3220; x_wconf 87' lang='lat' dir='ltr'>quippe</span> <span class='ocrx_word' id='word_1_301' title='bbox 450 3157 546 3219; x_wconf 90' lang='lat' dir='ltr'>quam</span> <span class='ocrx_word' id='word_1_302' title='bbox 568 3146 632 3201; x_wconf 90' lang='lat' dir='ltr'>tam</span> <span class='ocrx_word' id='word_1_303' title='bbox 653 3138 787 3220; x_wconf 90' lang='lat' dir='ltr'>alonge</span> <span class='ocrx_word' id='word_1_304' title='bbox 809 3138 916 3200; x_wconf 88' lang='lat' dir='ltr'>toties-</span> <span class='ocrx_word' id='word_1_305' title='bbox 970 3132 1069 3195; x_wconf 85' lang='lat' dir='ltr'>Deum</span> <span class='ocrx_word' id='word_1_306' title='bbox 1099 3132 1264 3196; x_wconf 91' lang='lat' dir='ltr'>intensiori</span> <span class='ocrx_word' id='word_1_307' title='bbox 1294 3133 1424 3197; x_wconf 88' lang='lat' dir='ltr'>caritate</span> <span class='ocrx_word' id='word_1_308' title='bbox 1449 3134 1628 3198; x_wconf 88' lang='lat' dir='ltr'>dilexerit:</span> <span class='ocrx_word' id='word_1_309' title='bbox 1653 3154 1718 3199; x_wconf 92' lang='lat' dir='ltr'>non</span> <span class='ocrx_word' id='word_1_310' title='bbox 1769 3156 1772 3169; x_wconf 93' lang='lat'><em>·</em></span> 
     </span>
     <span class='ocr_line' id='line_1_28' title="bbox 97 3229 1719 3319; baseline -0.002 -20"><span class='ocrx_word' id='word_1_311' title='bbox 97 3266 142 3306; x_wconf 54' lang='grc' dir='ltr'>ης</span> <span class='ocrx_word' id='word_1_312' title='bbox 167 3256 228 3317; x_wconf 92' lang='lat' dir='ltr'>que</span> <span class='ocrx_word' id='word_1_313' title='bbox 249 3236 475 3319; x_wconf 72' lang='lat' dir='ltr'>praedixerunt,</span> <span class='ocrx_word' id='word_1_314' title='bbox 491 3246 586 3317; x_wconf 90' lang='lat' dir='ltr'>atque</span> <span class='ocrx_word' id='word_1_315' title='bbox 608 3255 780 3318; x_wconf 91' lang='lat' dir='ltr'>perquam</span> <span class='ocrx_word' id='word_1_316' title='bbox 801 3235 916 3299; x_wconf 79' lang='lat' dir='ltr'>fideles</span> <span class='ocrx_word' id='word_1_317' title='bbox 969 3229 1057 3292; x_wconf 87' lang='lat' dir='ltr'>enim</span> <span class='ocrx_word' id='word_1_318' title='bbox 1072 3231 1190 3312; x_wconf 69' lang='lat' dir='ltr'>aequari</span> <span class='ocrx_word' id='word_1_319' title='bbox 1213 3231 1298 3294; x_wconf 88' lang='lat' dir='ltr'>valet</span> <span class='ocrx_word' id='word_1_320' title='bbox 1318 3232 1433 3295; x_wconf 71' lang='lat' dir='ltr'>earitm</span> <span class='ocrx_word' id='word_1_321' title='bbox 1448 3234 1507 3295; x_wconf 83' lang='lat' dir='ltr'>viae</span> <span class='ocrx_word' id='word_1_322' title='bbox 1526 3233 1649 3295; x_wconf 88' lang='lat' dir='ltr'>caritati</span> <span class='ocrx_word' id='word_1_323' title='bbox 1664 3250 1719 3315; x_wconf 63' lang='lat' dir='ltr'>pass</span> 
     </span>
     <span class='ocr_line' id='line_1_29' title="bbox 56 3328 1720 3416; baseline -0.001 -21"><span class='ocrx_word' id='word_1_324' title='bbox 56 3337 100 3373; x_wconf 75' lang='lat'><strong>¹¹¹¹·</strong></span> <span class='ocrx_word' id='word_1_325' title='bbox 138 3358 144 3369; x_wconf 90' lang='lat'><strong>·</strong></span> <span class='ocrx_word' id='word_1_326' title='bbox 167 3334 288 3397; x_wconf 93' lang='lat' dir='ltr'>inventi</span> <span class='ocrx_word' id='word_1_327' title='bbox 314 3342 398 3397; x_wconf 91' lang='lat' dir='ltr'>sunt.</span> <span class='ocrx_word' id='word_1_328' title='bbox 425 3335 467 3396; x_wconf 85' lang='lat' dir='ltr'>Te</span> <span class='ocrx_word' id='word_1_329' title='bbox 495 3335 630 3416; x_wconf 91' lang='lat' dir='ltr'>proinde</span> <span class='ocrx_word' id='word_1_330' title='bbox 653 3335 779 3398; x_wconf 76' lang='lat' dir='ltr'>athleta</span> <span class='ocrx_word' id='word_1_331' title='bbox 801 3333 915 3397; x_wconf 86' lang='lat' dir='ltr'>Christi</span> <span class='ocrx_word' id='word_1_332' title='bbox 970 3328 1050 3406; x_wconf 79' lang='lat' dir='ltr'>triae,</span> <span class='ocrx_word' id='word_1_333' title='bbox 1066 3328 1335 3409; x_wconf 78' lang='lat' dir='ltr'>quemadmodum</span> <span class='ocrx_word' id='word_1_334' title='bbox 1357 3349 1416 3393; x_wconf 90' lang='lat' dir='ltr'>nec</span> <span class='ocrx_word' id='word_1_335' title='bbox 1438 3330 1580 3412; x_wconf 88' lang='lat' dir='ltr'>cognitio</span> <span class='ocrx_word' id='word_1_336' title='bbox 1602 3331 1635 3393; x_wconf 91' lang='lat' dir='ltr'>in</span> <span class='ocrx_word' id='word_1_337' title='bbox 1657 3350 1720 3413; x_wconf 88' lang='lat' dir='ltr'>qua</span> 
     </span>
     <span class='ocr_line' id='line_1_30' title="bbox 167 3426 1720 3515; baseline -0.003 -20"><span class='ocrx_word' id='word_1_338' title='bbox 167 3432 503 3513; x_wconf 77' lang='lat' dir='ltr'>fortissimi,tanquam</span> <span class='ocrx_word' id='word_1_339' title='bbox 518 3432 778 3515; x_wconf 74' lang='lat' dir='ltr'>archimartyrem</span> <span class='ocrx_word' id='word_1_340' title='bbox 793 3442 824 3495; x_wconf 89' lang='lat' dir='ltr'>et</span> <span class='ocrx_word' id='word_1_341' title='bbox 838 3453 917 3495; x_wconf 88' lang='lat' dir='ltr'>mar·</span> <span class='ocrx_word' id='word_1_342' title='bbox 970 3426 1086 3489; x_wconf 89' lang='lat' dir='ltr'>caritas</span> <span class='ocrx_word' id='word_1_343' title='bbox 1108 3427 1277 3490; x_wconf 88' lang='lat' dir='ltr'>radicatur.</span> <span class='ocrx_word' id='word_1_344' title='bbox 1294 3428 1430 3509; x_wconf 89' lang='lat' dir='ltr'>Ideoque</span> <span class='ocrx_word' id='word_1_345' title='bbox 1450 3428 1593 3492; x_wconf 89' lang='lat' dir='ltr'>Christus</span> <span class='ocrx_word' id='word_1_346' title='bbox 1615 3430 1720 3492; x_wconf 90' lang='lat' dir='ltr'>Domi-</span> 
     </span>
     <span class='ocr_line' id='line_1_31' title="bbox 167 3524 1867 3613; baseline -0.002 -20"><span class='ocrx_word' id='word_1_347' title='bbox 167 3530 238 3612; x_wconf 78' lang='lat' dir='ltr'>tyrii</span> <span class='ocrx_word' id='word_1_348' title='bbox 253 3549 382 3613; x_wconf 90' lang='lat' dir='ltr'>quoque</span> <span class='ocrx_word' id='word_1_349' title='bbox 396 3530 674 3610; x_wconf 81' lang='lat' dir='ltr'>praelarissimum</span> <span class='ocrx_word' id='word_1_350' title='bbox 688 3529 793 3612; x_wconf 86' lang='lat' dir='ltr'>jubar,</span> <span class='ocrx_word' id='word_1_351' title='bbox 809 3550 917 3593; x_wconf 88' lang='lat' dir='ltr'>ascen-</span> <span class='ocrx_word' id='word_1_352' title='bbox 969 3544 1030 3587; x_wconf 91' lang='lat' dir='ltr'>nus</span> <span class='ocrx_word' id='word_1_353' title='bbox 1060 3548 1068 3587; x_wconf 75' lang='lat' dir='ltr'><strong><em>z</em></strong></span> <span class='ocrx_word' id='word_1_354' title='bbox 1098 3526 1156 3600; x_wconf 86' lang='lat' dir='ltr'>Qui</span> <span class='ocrx_word' id='word_1_355' title='bbox 1185 3524 1289 3589; x_wconf 89' lang='lat' dir='ltr'>minor</span> <span class='ocrx_word' id='word_1_356' title='bbox 1317 3536 1365 3589; x_wconf 87' lang='lat' dir='ltr'>est</span> <span class='ocrx_word' id='word_1_357' title='bbox 1393 3527 1523 3607; x_wconf 89' lang='lat' dir='ltr'>(inquit)</span> <span class='ocrx_word' id='word_1_358' title='bbox 1553 3527 1586 3589; x_wconf 92' lang='lat' dir='ltr'>in</span> <span class='ocrx_word' id='word_1_359' title='bbox 1620 3546 1719 3608; x_wconf 89' lang='lat' dir='ltr'>regno</span> <span class='ocrx_word' id='word_1_360' title='bbox 1740 3550 1867 3601; x_wconf 69' lang='lat' dir='ltr'>marran,</span> 
     </span>
     <span class='ocr_line' id='line_1_32' title="bbox 167 3616 1766 3710; baseline -0.003 -19"><span class='ocrx_word' id='word_1_361' title='bbox 167 3631 294 3692; x_wconf 83' lang='lat' dir='ltr'>dentem</span> <span class='ocrx_word' id='word_1_362' title='bbox 318 3628 512 3710; x_wconf 77' lang='lat' dir='ltr'>glorificant.</span> <span class='ocrx_word' id='word_1_363' title='bbox 538 3629 689 3692; x_wconf 75' lang='lat' dir='ltr'>Praeterea</span> <span class='ocrx_word' id='word_1_364' title='bbox 716 3629 915 3692; x_wconf 80' lang='lat' dir='ltr'>confessores</span> <span class='ocrx_word' id='word_1_365' title='bbox 970 3623 1135 3699; x_wconf 88' lang='lat' dir='ltr'>coelorum,</span> <span class='ocrx_word' id='word_1_366' title='bbox 1161 3623 1192 3685; x_wconf 92' lang='lat' dir='ltr'>id</span> <span class='ocrx_word' id='word_1_367' title='bbox 1222 3631 1270 3685; x_wconf 90' lang='lat' dir='ltr'>est</span> <span class='ocrx_word' id='word_1_368' title='bbox 1297 3622 1429 3685; x_wconf 83' lang='lat' dir='ltr'>iniimus</span> <span class='ocrx_word' id='word_1_369' title='bbox 1458 3624 1717 3706; x_wconf 89' lang='lat' dir='ltr'>comprehensor,</span> <span class='ocrx_word' id='word_1_370' title='bbox 1734 3616 1766 3656; x_wconf 66' lang='lat'>‘¹&#39;</span> 
     </span>
     <span class='ocr_line' id='line_1_33' title="bbox 167 3720 1719 3808; baseline -0.001 -18"><span class='ocrx_word' id='word_1_371' title='bbox 167 3729 267 3790; x_wconf 87' lang='lat' dir='ltr'>sancti</span> <span class='ocrx_word' id='word_1_372' title='bbox 289 3736 321 3791; x_wconf 90' lang='lat' dir='ltr'>te</span> <span class='ocrx_word' id='word_1_373' title='bbox 343 3726 416 3789; x_wconf 74' lang='lat' dir='ltr'>vitae</span> <span class='ocrx_word' id='word_1_374' title='bbox 436 3726 618 3808; x_wconf 86' lang='lat' dir='ltr'>exemplum</span> <span class='ocrx_word' id='word_1_375' title='bbox 633 3747 671 3790; x_wconf 91' lang='lat' dir='ltr'>ac</span> <span class='ocrx_word' id='word_1_376' title='bbox 691 3727 822 3808; x_wconf 77' lang='lat' dir='ltr'>justitia</span> <span class='ocrx_word' id='word_1_377' title='bbox 843 3746 916 3789; x_wconf 93' lang='lat' dir='ltr'>nor-</span> <span class='ocrx_word' id='word_1_378' title='bbox 969 3720 1074 3802; x_wconf 87' lang='lat' dir='ltr'>major</span> <span class='ocrx_word' id='word_1_379' title='bbox 1096 3730 1144 3783; x_wconf 86' lang='lat' dir='ltr'>est</span> <span class='ocrx_word' id='word_1_380' title='bbox 1163 3720 1219 3784; x_wconf 91' lang='lat' dir='ltr'>illo</span> <span class='ocrx_word' id='word_1_381' title='bbox 1236 3745 1242 3783; x_wconf 95' lang='lat'>:</span> <span class='ocrx_word' id='word_1_382' title='bbox 1260 3721 1315 3785; x_wconf 91' lang='lat' dir='ltr'>illo</span> <span class='ocrx_word' id='word_1_383' title='bbox 1339 3722 1449 3804; x_wconf 90' lang='lat' dir='ltr'>utique</span> <span class='ocrx_word' id='word_1_384' title='bbox 1474 3724 1513 3785; x_wconf 93' lang='lat' dir='ltr'>de</span> <span class='ocrx_word' id='word_1_385' title='bbox 1536 3741 1600 3805; x_wconf 95' lang='lat' dir='ltr'>quo</span> <span class='ocrx_word' id='word_1_386' title='bbox 1624 3725 1719 3806; x_wconf 90' lang='lat' dir='ltr'>paulo</span> 
     </span>
     <span class='ocr_line' id='line_1_34' title="bbox 167 3818 1828 3907; baseline 0.002 -20"><span class='ocrx_word' id='word_1_387' title='bbox 167 3846 249 3888; x_wconf 87' lang='lat' dir='ltr'>marn</span> <span class='ocrx_word' id='word_1_388' title='bbox 279 3825 501 3906; x_wconf 75' lang='lat' dir='ltr'>universaque</span> <span class='ocrx_word' id='word_1_389' title='bbox 530 3826 673 3906; x_wconf 83' lang='lat' dir='ltr'>regulam</span> <span class='ocrx_word' id='word_1_390' title='bbox 707 3824 915 3907; x_wconf 79' lang='lat' dir='ltr'>perfectionis</span> <span class='ocrx_word' id='word_1_391' title='bbox 970 3825 1043 3881; x_wconf 81' lang='lat' dir='ltr'>ante</span> <span class='ocrx_word' id='word_1_392' title='bbox 1057 3818 1231 3900; x_wconf 85' lang='lat' dir='ltr'>perhibuit,</span> <span class='ocrx_word' id='word_1_393' title='bbox 1247 3819 1333 3882; x_wconf 93' lang='lat' dir='ltr'>luter</span> <span class='ocrx_word' id='word_1_394' title='bbox 1353 3828 1445 3883; x_wconf 87' lang='lat' dir='ltr'>natos</span> <span class='ocrx_word' id='word_1_395' title='bbox 1460 3821 1632 3884; x_wconf 92' lang='lat' dir='ltr'>mulierum</span> <span class='ocrx_word' id='word_1_396' title='bbox 1654 3840 1718 3885; x_wconf 89' lang='lat' dir='ltr'>non</span> <span class='ocrx_word' id='word_1_397' title='bbox 1734 3846 1828 3890; x_wconf 71' lang='lat' dir='ltr'>raram.</span> 
     </span>
     <span class='ocr_line' id='line_1_35' title="bbox 55 3916 1717 4004; baseline 0 -23"><span class='ocrx_word' id='word_1_398' title='bbox 55 3940 154 3991; x_wconf 60' lang='lat' dir='ltr'>eruere.</span> <span class='ocrx_word' id='word_1_399' title='bbox 166 3926 315 3987; x_wconf 89' lang='lat' dir='ltr'>exaltant.</span> <span class='ocrx_word' id='word_1_400' title='bbox 346 3922 479 3985; x_wconf 85' lang='lat' dir='ltr'>Demum</span> <span class='ocrx_word' id='word_1_401' title='bbox 512 3923 714 3985; x_wconf 90' lang='lat' dir='ltr'>adducuntur</span> <span class='ocrx_word' id='word_1_402' title='bbox 746 3923 823 4004; x_wconf 82' lang='lat' dir='ltr'>Regi</span> <span class='ocrx_word' id='word_1_403' title='bbox 852 3923 916 3984; x_wconf 91' lang='lat' dir='ltr'>vir·</span> <span class='ocrx_word' id='word_1_404' title='bbox 969 3916 1105 3979; x_wconf 88' lang='lat' dir='ltr'>surrexit</span> <span class='ocrx_word' id='word_1_405' title='bbox 1120 3916 1223 3997; x_wconf 86' lang='lat' dir='ltr'>major</span> <span class='ocrx_word' id='word_1_406' title='bbox 1236 3917 1354 3980; x_wconf 85' lang='lat' dir='ltr'>loanne</span> <span class='ocrx_word' id='word_1_407' title='bbox 1368 3918 1717 3999; x_wconf 74' lang='lat' dir='ltr'>Baptistazinsinuans,</span> 
     </span>
     <span class='ocr_line' id='line_1_36' title="bbox 167 4017 1719 4103; baseline -0.001 -20"><span class='ocrx_word' id='word_1_408' title='bbox 167 4023 255 4103; x_wconf 90' lang='lat' dir='ltr'>gines</span> <span class='ocrx_word' id='word_1_409' title='bbox 276 4030 445 4103; x_wconf 77' lang='lat' dir='ltr'>postcom,</span> <span class='ocrx_word' id='word_1_410' title='bbox 466 4028 499 4084; x_wconf 91' lang='lat' dir='ltr'>et</span> <span class='ocrx_word' id='word_1_411' title='bbox 518 4021 623 4084; x_wconf 91' lang='lat' dir='ltr'>omnis</span> <span class='ocrx_word' id='word_1_412' title='bbox 642 4020 782 4084; x_wconf 84' lang='lat' dir='ltr'>coelestis</span> <span class='ocrx_word' id='word_1_413' title='bbox 796 4020 915 4084; x_wconf 87' lang='lat' dir='ltr'>exerci-</span> <span class='ocrx_word' id='word_1_414' title='bbox 968 4023 1004 4076; x_wconf 92' lang='lat' dir='ltr'>ut</span> <span class='ocrx_word' id='word_1_415' title='bbox 1032 4033 1113 4094; x_wconf 91' lang='lat' dir='ltr'>reor,</span> <span class='ocrx_word' id='word_1_416' title='bbox 1144 4024 1237 4097; x_wconf 92' lang='lat' dir='ltr'>atque</span> <span class='ocrx_word' id='word_1_417' title='bbox 1266 4024 1458 4097; x_wconf 89' lang='lat' dir='ltr'>contestans,</span> <span class='ocrx_word' id='word_1_418' title='bbox 1488 4017 1719 4099; x_wconf 83' lang='lat' dir='ltr'>perlectionem</span> 
     </span>
     <span class='ocr_line' id='line_1_37' title="bbox 167 4112 1720 4199; baseline 0.001 -21"><span class='ocrx_word' id='word_1_419' title='bbox 167 4125 215 4179; x_wconf 88' lang='lat' dir='ltr'>tus</span> <span class='ocrx_word' id='word_1_420' title='bbox 226 4116 330 4179; x_wconf 79' lang='lat' dir='ltr'>llaria</span> <span class='ocrx_word' id='word_1_421' title='bbox 345 4124 495 4198; x_wconf 91' lang='lat' dir='ltr'>tanquam</span> <span class='ocrx_word' id='word_1_422' title='bbox 510 4116 565 4179; x_wconf 84' lang='lat' dir='ltr'>Dei</span> <span class='ocrx_word' id='word_1_423' title='bbox 580 4116 629 4179; x_wconf 89' lang='lat' dir='ltr'>sui</span> <span class='ocrx_word' id='word_1_424' title='bbox 640 4116 728 4178; x_wconf 89' lang='lat' dir='ltr'>llatri</span> <span class='ocrx_word' id='word_1_425' title='bbox 744 4116 916 4198; x_wconf 73' lang='lat' dir='ltr'>praeclaris</span> <span class='ocrx_word' id='word_1_426' title='bbox 969 4113 1029 4175; x_wconf 83' lang='lat' dir='ltr'>viae</span> <span class='ocrx_word' id='word_1_427' title='bbox 1044 4112 1233 4194; x_wconf 80' lang='lat' dir='ltr'>perfectioni</span> <span class='ocrx_word' id='word_1_428' title='bbox 1256 4114 1364 4196; x_wconf 83' lang='lat' dir='ltr'>petriae</span> <span class='ocrx_word' id='word_1_429' title='bbox 1386 4116 1542 4198; x_wconf 73' lang='lat' dir='ltr'>coaequari</span> <span class='ocrx_word' id='word_1_430' title='bbox 1564 4135 1628 4180; x_wconf 94' lang='lat' dir='ltr'>non</span> <span class='ocrx_word' id='word_1_431' title='bbox 1647 4135 1720 4199; x_wconf 93' lang='lat' dir='ltr'>pos-</span> 
     </span>
     <span class='ocr_line' id='line_1_38' title="bbox 167 4212 1719 4296; baseline 0.001 -20"><span class='ocrx_word' id='word_1_432' title='bbox 167 4214 253 4278; x_wconf 83' lang='lat' dir='ltr'>sima</span> <span class='ocrx_word' id='word_1_433' title='bbox 273 4215 425 4292; x_wconf 88' lang='lat' dir='ltr'>occurrit,</span> <span class='ocrx_word' id='word_1_434' title='bbox 442 4214 584 4279; x_wconf 90' lang='lat' dir='ltr'>concinit</span> <span class='ocrx_word' id='word_1_435' title='bbox 603 4223 636 4277; x_wconf 88' lang='lat' dir='ltr'>et</span> <span class='ocrx_word' id='word_1_436' title='bbox 652 4214 789 4296; x_wconf 87' lang='lat' dir='ltr'>jubilat;</span> <span class='ocrx_word' id='word_1_437' title='bbox 805 4214 915 4295; x_wconf 91' lang='lat' dir='ltr'>sicque</span> <span class='ocrx_word' id='word_1_438' title='bbox 930 4212 955 4274; x_wconf 86' lang='lat' dir='ltr'>ll</span> <span class='ocrx_word' id='word_1_439' title='bbox 970 4232 1012 4274; x_wconf 88' lang='lat' dir='ltr'>se.</span> <span class='ocrx_word' id='word_1_440' title='bbox 1019 4213 1183 4287; x_wconf 84' lang='lat' dir='ltr'>Quomodo</span> <span class='ocrx_word' id='word_1_441' title='bbox 1197 4231 1273 4294; x_wconf 89' lang='lat' dir='ltr'>ergo</span> <span class='ocrx_word' id='word_1_442' title='bbox 1283 4213 1433 4276; x_wconf 92' lang='lat' dir='ltr'>omnibus</span> <span class='ocrx_word' id='word_1_443' title='bbox 1447 4214 1610 4277; x_wconf 88' lang='lat' dir='ltr'>ardentius</span> <span class='ocrx_word' id='word_1_444' title='bbox 1621 4216 1719 4279; x_wconf 90' lang='lat' dir='ltr'>Deum</span> 
     </span>
     <span class='ocr_line' id='line_1_39' title="bbox 168 4311 1722 4394; baseline 0.001 -20"><span class='ocrx_word' id='word_1_445' title='bbox 168 4331 240 4374; x_wconf 92' lang='lat' dir='ltr'>cum</span> <span class='ocrx_word' id='word_1_446' title='bbox 267 4311 475 4375; x_wconf 84' lang='lat' dir='ltr'>inenarrabili</span> <span class='ocrx_word' id='word_1_447' title='bbox 499 4311 615 4393; x_wconf 90' lang='lat' dir='ltr'>gaudio</span> <span class='ocrx_word' id='word_1_448' title='bbox 639 4313 916 4394; x_wconf 90' lang='lat' dir='ltr'>supermundanos</span> <span class='ocrx_word' id='word_1_449' title='bbox 969 4329 1092 4374; x_wconf 90' lang='lat' dir='ltr'>amasse</span> <span class='ocrx_word' id='word_1_450' title='bbox 1121 4319 1152 4372; x_wconf 91' lang='lat' dir='ltr'>et</span> <span class='ocrx_word' id='word_1_451' title='bbox 1184 4329 1341 4372; x_wconf 89' lang='lat' dir='ltr'>summam</span> <span class='ocrx_word' id='word_1_452' title='bbox 1375 4311 1576 4375; x_wconf 81' lang='lat' dir='ltr'>sanctitatem</span> <span class='ocrx_word' id='word_1_453' title='bbox 1609 4314 1722 4377; x_wconf 92' lang='lat' dir='ltr'>sortita</span> 
     </span>
     <span class='ocr_line' id='line_1_40' title="bbox 168 4407 1717 4491; baseline 0.001 -20"><span class='ocrx_word' id='word_1_454' title='bbox 168 4409 323 4473; x_wconf 88' lang='lat' dir='ltr'>thalamos</span> <span class='ocrx_word' id='word_1_455' title='bbox 356 4408 464 4488; x_wconf 91' lang='lat' dir='ltr'>intrat,</span> <span class='ocrx_word' id='word_1_456' title='bbox 501 4408 631 4489; x_wconf 89' lang='lat' dir='ltr'>illicque</span> <span class='ocrx_word' id='word_1_457' title='bbox 666 4429 740 4472; x_wconf 91' lang='lat' dir='ltr'>cum</span> <span class='ocrx_word' id='word_1_458' title='bbox 778 4409 916 4473; x_wconf 79' lang='lat' dir='ltr'>infinita</span> <span class='ocrx_word' id='word_1_459' title='bbox 969 4407 1065 4469; x_wconf 89' lang='lat' dir='ltr'>llaria</span> <span class='ocrx_word' id='word_1_460' title='bbox 1092 4407 1252 4470; x_wconf 87' lang='lat' dir='ltr'>censenda</span> <span class='ocrx_word' id='word_1_461' title='bbox 1276 4410 1345 4469; x_wconf 84' lang='lat' dir='ltr'>estl</span> <span class='ocrx_word' id='word_1_462' title='bbox 1370 4408 1433 4470; x_wconf 91' lang='lat' dir='ltr'>nisi</span> <span class='ocrx_word' id='word_1_463' title='bbox 1462 4411 1546 4489; x_wconf 92' lang='lat' dir='ltr'>quod</span> <span class='ocrx_word' id='word_1_464' title='bbox 1575 4418 1717 4491; x_wconf 87' lang='lat' dir='ltr'>eatenus,</span> 
     </span>
     <span class='ocr_line' id='line_1_41' title="bbox 169 4505 1720 4591; baseline 0 -20"><span class='ocrx_word' id='word_1_465' title='bbox 169 4528 284 4591; x_wconf 87' lang='lat' dir='ltr'>sponso</span> <span class='ocrx_word' id='word_1_466' title='bbox 305 4506 421 4571; x_wconf 77' lang='lat' dir='ltr'>latitia</span> <span class='ocrx_word' id='word_1_467' title='bbox 442 4506 511 4569; x_wconf 92' lang='lat' dir='ltr'>sine</span> <span class='ocrx_word' id='word_1_468' title='bbox 531 4505 600 4569; x_wconf 85' lang='lat' dir='ltr'>line</span> <span class='ocrx_word' id='word_1_469' title='bbox 622 4516 812 4589; x_wconf 89' lang='lat' dir='ltr'>perseverat.</span> <span class='ocrx_word' id='word_1_470' title='bbox 971 4505 997 4567; x_wconf 91' lang='lat' dir='ltr'>si</span> <span class='ocrx_word' id='word_1_471' title='bbox 1023 4506 1083 4569; x_wconf 90' lang='lat' dir='ltr'>rite</span> <span class='ocrx_word' id='word_1_472' title='bbox 1108 4506 1287 4585; x_wconf 89' lang='lat' dir='ltr'>considero,</span> <span class='ocrx_word' id='word_1_473' title='bbox 1308 4506 1407 4568; x_wconf 90' lang='lat' dir='ltr'>Deum</span> <span class='ocrx_word' id='word_1_474' title='bbox 1429 4507 1549 4587; x_wconf 84' lang='lat' dir='ltr'>dilexit,</span> <span class='ocrx_word' id='word_1_475' title='bbox 1570 4516 1720 4590; x_wconf 88' lang='lat' dir='ltr'>tantaque</span> 
     </span>
     <span class='ocr_line' id='line_1_42' title="bbox 970 4603 1719 4687; baseline 0.004 -20"><span class='ocrx_word' id='word_1_476' title='bbox 970 4603 1000 4667; x_wconf 89' lang='lat' dir='ltr'>ei</span> <span class='ocrx_word' id='word_1_477' title='bbox 1029 4604 1159 4667; x_wconf 87' lang='lat' dir='ltr'>caritate</span> <span class='ocrx_word' id='word_1_478' title='bbox 1184 4604 1327 4682; x_wconf 75' lang='lat' dir='ltr'>adhesit,</span> <span class='ocrx_word' id='word_1_479' title='bbox 1363 4622 1434 4685; x_wconf 78' lang='lat' dir='ltr'>quar</span> <span class='ocrx_word' id='word_1_480' title='bbox 1464 4623 1562 4687; x_wconf 91' lang='lat' dir='ltr'>supra</span> <span class='ocrx_word' id='word_1_481' title='bbox 1591 4623 1719 4670; x_wconf 92' lang='lat' dir='ltr'>omnem</span> 
     </span>
     <span class='ocr_line' id='line_1_43' title="bbox 381 4702 1716 4782; baseline 0.004 -18"><span class='ocrx_word' id='word_1_482' title='bbox 381 4716 627 4781; x_wconf 70' lang='lat' dir='ltr'>ARTmUfflJS</span> <span class='ocrx_word' id='word_1_483' title='bbox 654 4715 695 4778; x_wconf 71' lang='lat' dir='ltr'>v,</span> <span class='ocrx_word' id='word_1_484' title='bbox 970 4702 1149 4782; x_wconf 88' lang='lat' dir='ltr'>angelicam</span> <span class='ocrx_word' id='word_1_485' title='bbox 1184 4702 1384 4765; x_wconf 90' lang='lat' dir='ltr'>altitudinem</span> <span class='ocrx_word' id='word_1_486' title='bbox 1425 4703 1555 4766; x_wconf 90' lang='lat' dir='ltr'>exaltari</span> <span class='ocrx_word' id='word_1_487' title='bbox 1590 4706 1716 4769; x_wconf 90' lang='lat' dir='ltr'>meruit.</span> 
     </span>
     <span class='ocr_line' id='line_1_44' title="bbox 969 4799 1721 4884; baseline 0.007 -23"><span class='ocrx_word' id='word_1_488' title='bbox 969 4799 1089 4882; x_wconf 90' lang='lat' dir='ltr'>Nempe</span> <span class='ocrx_word' id='word_1_489' title='bbox 1108 4800 1168 4862; x_wconf 93' lang='lat' dir='ltr'>hoc</span> <span class='ocrx_word' id='word_1_490' title='bbox 1188 4818 1313 4882; x_wconf 92' lang='lat' dir='ltr'>quoque</span> <span class='ocrx_word' id='word_1_491' title='bbox 1333 4801 1439 4881; x_wconf 92' lang='lat' dir='ltr'>modo,</span> <span class='ocrx_word' id='word_1_492' title='bbox 1459 4801 1518 4863; x_wconf 93' lang='lat' dir='ltr'>etsi</span> <span class='ocrx_word' id='word_1_493' title='bbox 1538 4802 1565 4864; x_wconf 91' lang='lat' dir='ltr'>is</span> <span class='ocrx_word' id='word_1_494' title='bbox 1585 4803 1640 4884; x_wconf 91' lang='lat' dir='ltr'>qui</span> <span class='ocrx_word' id='word_1_495' title='bbox 1660 4805 1721 4867; x_wconf 91' lang='lat' dir='ltr'>mi·</span> 
     </span>
     <span class='ocr_line' id='line_1_45' title="bbox 969 4897 1717 4981; baseline 0.009 -22"><span class='ocrx_word' id='word_1_496' title='bbox 969 4915 1028 4959; x_wconf 94' lang='lat' dir='ltr'>nor</span> <span class='ocrx_word' id='word_1_497' title='bbox 1042 4905 1091 4960; x_wconf 89' lang='lat' dir='ltr'>est</span> <span class='ocrx_word' id='word_1_498' title='bbox 1106 4897 1139 4960; x_wconf 92' lang='lat' dir='ltr'>in</span> <span class='ocrx_word' id='word_1_499' title='bbox 1155 4916 1253 4979; x_wconf 88' lang='lat' dir='ltr'>regno</span> <span class='ocrx_word' id='word_1_500' title='bbox 1275 4898 1440 4979; x_wconf 77' lang='lat' dir='ltr'>emiorum,</span> <span class='ocrx_word' id='word_1_501' title='bbox 1456 4899 1560 4980; x_wconf 76' lang='lat' dir='ltr'>maior</span> <span class='ocrx_word' id='word_1_502' title='bbox 1580 4908 1629 4964; x_wconf 89' lang='lat' dir='ltr'>est</span> <span class='ocrx_word' id='word_1_503' title='bbox 1650 4902 1717 4981; x_wconf 90' lang='lat' dir='ltr'>illo,</span> 
     </span>
     <span class='ocr_line' id='line_1_46' title="bbox 971 4994 1718 5073; baseline 0.008 -17"><span class='ocrx_word' id='word_1_504' title='bbox 971 4994 1001 5057; x_wconf 93' lang='lat' dir='ltr'>id</span> <span class='ocrx_word' id='word_1_505' title='bbox 1017 5004 1066 5057; x_wconf 89' lang='lat' dir='ltr'>est</span> <span class='ocrx_word' id='word_1_506' title='bbox 1079 4994 1211 5073; x_wconf 88' lang='lat' dir='ltr'>Joanne,</span> <span class='ocrx_word' id='word_1_507' title='bbox 1227 4996 1328 5059; x_wconf 93' lang='lat' dir='ltr'>nihilo</span> <span class='ocrx_word' id='word_1_508' title='bbox 1350 4996 1457 5059; x_wconf 90' lang='lat' dir='ltr'>minus</span> <span class='ocrx_word' id='word_1_509' title='bbox 1478 4997 1588 5059; x_wconf 87' lang='lat' dir='ltr'>multis</span> <span class='ocrx_word' id='word_1_510' title='bbox 1607 5017 1718 5062; x_wconf 92' lang='lat' dir='ltr'>eorum</span> 
     </span>
     <span class='ocr_line' id='line_1_47' title="bbox 55 5091 1536 5189; baseline -0.003 -30"><span class='ocrx_word' id='word_1_511' title='bbox 55 5132 154 5189; x_wconf 56' lang='lat' dir='ltr'>em„</span> <span class='ocrx_word' id='word_1_512' title='bbox 233 5098 318 5159; x_wconf 80' lang='grc' dir='ltr'>ΕΝΙ</span> <span class='ocrx_word' id='word_1_513' title='bbox 336 5097 529 5167; x_wconf 72' lang='lat' dir='ltr'>cetthaeo,</span> <span class='ocrx_word' id='word_1_514' title='bbox 544 5114 660 5171; x_wconf 79' lang='lat' dir='ltr'>sponsa</span> <span class='ocrx_word' id='word_1_515' title='bbox 682 5115 764 5162; x_wconf 82' lang='lat' dir='ltr'>oreo,</span> <span class='ocrx_word' id='word_1_516' title='bbox 781 5097 857 5154; x_wconf 84' lang='lat' dir='ltr'>veni</span> <span class='ocrx_word' id='word_1_517' title='bbox 875 5098 916 5154; x_wconf 85' lang='lat' dir='ltr'>de</span> <span class='ocrx_word' id='word_1_518' title='bbox 970 5091 1107 5155; x_wconf 80' lang='lat' dir='ltr'>loannes</span> <span class='ocrx_word' id='word_1_519' title='bbox 1129 5094 1270 5175; x_wconf 74' lang='lat' dir='ltr'>praeferri</span> <span class='ocrx_word' id='word_1_520' title='bbox 1293 5094 1477 5176; x_wconf 86' lang='lat' dir='ltr'>promeruit.</span> <span class='ocrx_word' id='word_1_521' title='bbox 1531 5124 1536 5133; x_wconf 64' lang='lat'>¹</span> 
     </span>
     <span class='ocr_line' id='line_1_48' title="bbox 245 5190 1718 5272; baseline 0.001 -16"><span class='ocrx_word' id='word_1_522' title='bbox 245 5196 384 5263; x_wconf 81' lang='lat' dir='ltr'>Libano,</span> <span class='ocrx_word' id='word_1_523' title='bbox 404 5195 503 5262; x_wconf 80' lang='lat' dir='ltr'>oeni,·</span> <span class='ocrx_word' id='word_1_524' title='bbox 522 5194 730 5253; x_wconf 82' lang='lat' dir='ltr'>coronaberis</span> <span class='ocrx_word' id='word_1_525' title='bbox 749 5195 790 5252; x_wconf 84' lang='lat' dir='ltr'>de</span> <span class='ocrx_word' id='word_1_526' title='bbox 809 5194 915 5267; x_wconf 82' lang='lat' dir='ltr'>capite</span> <span class='ocrx_word' id='word_1_527' title='bbox 1017 5190 1242 5253; x_wconf 83' lang='lat' dir='ltr'>Verumtamen</span> <span class='ocrx_word' id='word_1_528' title='bbox 1277 5199 1349 5272; x_wconf 88' lang='lat' dir='ltr'>post</span> <span class='ocrx_word' id='word_1_529' title='bbox 1382 5191 1510 5254; x_wconf 82' lang='lat' dir='ltr'>Mariam</span> <span class='ocrx_word' id='word_1_530' title='bbox 1551 5192 1718 5258; x_wconf 88' lang='lat' dir='ltr'>hominum</span> 
     </span>
     <span class='ocr_line' id='line_1_49' title="bbox 166 5288 1719 5373; baseline 0 -17"><span class='ocrx_word' id='word_1_531' title='bbox 166 5294 362 5365; x_wconf 51' lang='lat' dir='ltr'>Amanum</span> <span class='ocrx_word' id='word_1_532' title='bbox 382 5292 502 5351; x_wconf 82' lang='lat' dir='ltr'>vertice</span> <span class='ocrx_word' id='word_1_533' title='bbox 521 5292 629 5355; x_wconf 82' lang='lat' dir='ltr'>Sanir</span> <span class='ocrx_word' id='word_1_534' title='bbox 648 5300 679 5351; x_wconf 85' lang='lat' dir='ltr'>et</span> <span class='ocrx_word' id='word_1_535' title='bbox 699 5294 859 5361; x_wconf 80' lang='lat' dir='ltr'>Hermon,</span> <span class='ocrx_word' id='word_1_536' title='bbox 873 5292 914 5349; x_wconf 70' lang='lat' dir='ltr'>de</span> <span class='ocrx_word' id='word_1_537' title='bbox 970 5288 1154 5373; x_wconf 90' lang='lat' dir='ltr'>quempiam</span> <span class='ocrx_word' id='word_1_538' title='bbox 1183 5288 1334 5371; x_wconf 84' lang='lat' dir='ltr'>angelicis</span> <span class='ocrx_word' id='word_1_539' title='bbox 1359 5290 1483 5353; x_wconf 91' lang='lat' dir='ltr'>cunctis</span> <span class='ocrx_word' id='word_1_540' title='bbox 1512 5290 1618 5355; x_wconf 88' lang='lat' dir='ltr'>choris</span> <span class='ocrx_word' id='word_1_541' title='bbox 1644 5312 1719 5357; x_wconf 87' lang='lat' dir='ltr'>cen-</span> 
     </span>
    </p>
   </div>
   <div class='ocr_carea' id='block_1_3' title="bbox 181 4846 902 4999">
    <p class='ocr_par' dir='ltr' id='par_1_3' title="bbox 181 4846 902 4999">
     <span class='ocr_line' id='line_1_50' title="bbox 181 4846 902 4923; baseline -0.003 -17"><span class='ocrx_word' id='word_1_542' title='bbox 181 4849 271 4915; x_wconf 83' lang='lat' dir='ltr'>Quod</span> <span class='ocrx_word' id='word_1_543' title='bbox 284 4865 384 4922; x_wconf 76' lang='lat' dir='ltr'>super</span> <span class='ocrx_word' id='word_1_544' title='bbox 397 4848 568 4906; x_wconf 78' lang='lat' dir='ltr'>uniuersos</span> <span class='ocrx_word' id='word_1_545' title='bbox 584 4849 774 4923; x_wconf 73' lang='lat' dir='ltr'>angelorum</span> <span class='ocrx_word' id='word_1_546' title='bbox 791 4846 902 4905; x_wconf 80' lang='lat' dir='ltr'>choros</span> 
     </span>
     <span class='ocr_line' id='line_1_51' title="bbox 359 4936 716 4999; baseline 0.003 -4"><span class='ocrx_word' id='word_1_547' title='bbox 359 4937 403 4995; x_wconf 85' lang='lat' dir='ltr'>ait</span> <span class='ocrx_word' id='word_1_548' title='bbox 423 4936 537 4999; x_wconf 81' lang='lat' dir='ltr'>Mario</span> <span class='ocrx_word' id='word_1_549' title='bbox 558 4938 716 4996; x_wconf 70' lang='lat' dir='ltr'>arcellata.</span> 
     </span>
    </p>
   </div>
   <div class='ocr_carea' id='block_1_4' title="bbox 0 0 2167 6259">
    <p class='ocr_par' dir='ltr' id='par_1_4' title="bbox 0 0 2167 6259">
     <span class='ocr_line' id='line_1_52' title="bbox 0 0 2167 6259; baseline 0 0"><span class='ocrx_word' id='word_1_550' title='bbox 0 0 2167 6259; x_wconf 95' lang='lat' dir='ltr'> </span> 
     </span>
    </p>
   </div>
  </div>
 </body>
</html>
