4309 6259
443 502 484 548 ΒΕ
504 500 706 549 alsuanum
726 499 937 548 undulatam
957 500 1117 548 SBMONES
1139 502 1205 549 SEX.
1229 520 1268 531 -
1292 502 1390 551 Sfflo
1412 504 1435 550 11
1652 487 1708 551 Assl

162 669 324 750 habentia,
340 670 448 753 gratiae
462 668 646 734 contentiva
659 690 696 733 ac
711 669 822 733 salutis
836 670 1051 751 ope-AQuod
1087 678 1187 734 totum
1226 671 1336 735 Daniel
1370 672 1596 755 compendiose
1634 692 1713 755 pre-

162 768 276 846 rativa,
298 768 439 850 oportuit
459 788 558 832 unum
579 769 752 832 consistere
773 769 857 831 inter
873 786 912 830 ea
965 768 1123 831 nuntiavit
1146 788 1183 831 ae
1206 769 1337 851 tetigit:
1358 770 1392 833 ln
1419 769 1550 833 dimidio
1574 770 1711 851 (dicens)
1726 798 1858 854 ommi,

162 884 228 929 non
252 866 355 929 solum
381 867 601 949 participative
628 867 763 949 gratiam
790 866 912 929 habens
965 866 1172 929 hebdomadis
1209 866 1340 930 deficiet
1377 867 1481 930 hostia
1523 875 1555 930 et
1589 867 1713 930 sacrifi·

161 972 194 1026 et
219 963 406 1045 imperfecte
433 965 567 1047 gratiam
595 964 775 1043 continens,
799 982 911 1026 verum
965 962 1061 1025 cium.
1078 963 1232 1045 loquitur
1250 983 1386 1046 namque
1405 965 1444 1027 de
1464 964 1714 1029 hebdomadibus

161 1060 259 1122 etiam
287 1061 500 1125 essentialiter
528 1063 625 1127 totius
652 1063 762 1144 gratiae
789 1061 912 1125 fontem
966 1080 1133 1141 annorum,
1146 1080 1279 1142 quarum
1294 1061 1444 1143 quelibet
1458 1063 1601 1125 continet
1614 1082 1716 1127 annos

160 1158 390 1240 complectens,
421 1160 559 1223 Verbum
586 1160 738 1223 videlicet
766 1160 913 1221 incama-
965 1166 1087 1240 septem
1112 1182 1119 1221 :
1144 1159 1176 1221 in
1204 1178 1341 1240 quarum
1372 1160 1485 1223 ultima
1513 1161 1639 1223 occisus
1668 1168 1717 1223 est

160 1264 242 1335 tum,
259 1255 292 1317 in
306 1256 401 1337 cujus
415 1266 577 1340 assumpta
596 1258 795 1321 humanitate
809 1257 912 1340 gratia
964 1256 1116 1335 Christus,
1133 1258 1188 1337 qui
1205 1257 1238 1318 in
1257 1257 1391 1320 dimidio
1407 1257 1494 1320 illius
1510 1257 1716 1322 hebdomade

159 1352 338 1415 formaliter
351 1362 383 1415 et
401 1355 558 1437 complete
577 1355 761 1419 includitur.
778 1356 912 1418 lucete
965 1352 1102 1417 instituit
1128 1355 1334 1418 Eucharistiae
1359 1364 1605 1435 sacramentum,
1621 1365 1653 1419 et
1677 1356 1717 1419 fi-

159 1451 205 1513 ris
233 1470 310 1515 vero
334 1453 541 1515 sacramentis
565 1454 667 1535 gratia
691 1473 754 1517 non
778 1454 913 1516 babetur
966 1471 1039 1514 nem
1075 1452 1229 1534 imposuit
1268 1453 1438 1517 sacrificiis
1473 1454 1564 1537 legis
1601 1455 1714 1518 Ultima

159 1569 221 1613 nec
237 1550 323 1613 inest
341 1552 517 1613 seeundum
535 1570 605 1614 esse
619 1550 754 1615 formale
773 1552 913 1634 comple
966 1550 1084 1632 quippe
1106 1550 1304 1614 hebdomada
1327 1552 1382 1613 illa
1404 1552 1429 1615 si
1453 1552 1584 1615 induas
1611 1562 1716 1636 partes

160 1656 241 1729 tum,
262 1667 363 1729 quum
391 1650 437 1713 sic
466 1650 526 1713 soli
553 1649 699 1713 rationali
729 1658 761 1711 et
789 1650 913 1711 intelle
965 1648 1137 1727 dividatur,
1159 1648 1310 1729 quaelibet
1333 1650 1472 1732 partium
1496 1652 1639 1714 continet
1661 1672 1717 1715 an-

159 1747 258 1809 ctuali
279 1747 431 1811 inhaereat
445 1756 607 1827 creaturae,
623 1767 693 1830 quae
712 1747 779 1811 sola
798 1745 913 1809 sancti·
966 1753 1102 1808 nostres
1117 1766 1190 1809 cum
1205 1746 1350 1811 dimidio.
1368 1748 1463 1812 Porro
1478 1749 1619 1812 Christus
1635 1750 1714 1813 vixit

160 1845 237 1907 tatis
251 1864 290 1907 ae
303 1846 412 1927 gratiae
426 1853 475 1908 est
489 1846 680 1927 subjectum.
926 1847 951 1910 B
968 1843 1001 1905 in
1022 1863 1118 1907 carne
1140 1846 1265 1909 mortali
1288 1846 1381 1908 anuis
1402 1846 1532 1930 triginta
1553 1847 1666 1927 tribus,
1682 1856 1714 1911 et

41 1967 145 2022 ccxxiv.
199 1943 343 2017 Qualiter
364 1952 470 2006 autem
496 1944 572 2006 insit
594 1944 667 2008 aliis
692 1944 911 2023 sacramentis,
968 1950 1054 2006 tanto
1067 1942 1141 2024 plus
1161 1942 1244 2006 sicut
1262 1943 1470 2007 aNativitatis
1490 1945 1542 2007 die
1557 1964 1657 2027 usque
1678 1945 1712 2009 in

41 2029 144 2073 ΜΨ·
159 2042 231 2105 duaa
264 2050 341 2104 sunt
371 2041 539 2123 opiniones
568 2042 716 2106 solennes
743 2066 750 2105 z
777 2062 912 2124 quarum
967 2040 1052 2103 diem
1076 2050 1222 2104 sanctum
1247 2042 1446 2105 parasceves.
1471 2043 1585 2123 Sisque
1610 2044 1642 2105 in
1666 2044 1714 2106 di-

159 2159 258 2203 unam
284 2148 461 2221 sequuntur
478 2140 655 2203 Alexander
672 2142 711 2204 de
730 2141 835 2221 llalcs,
855 2142 913 2205 Bo-
967 2137 1063 2200 midio
1099 2138 1186 2202 illius
1214 2139 1419 2203 hebdomadas
1454 2139 1649 2203 sacrificium
1684 2150 1715 2205 et

159 2237 546 2318 naventura,Guillelmus
559 2239 745 2302 Parisiensis
759 2239 792 2301 in
807 2240 913 2302 Sacra·
967 2236 1086 2300 oblatio
1110 2237 1189 2319 legis
1213 2237 1330 2301 defecit
1354 2246 1508 2319 quantum
1532 2239 1571 2301 ad
1595 2239 1715 2323 obliga-

158 2336 306 2414 mentali,
332 2336 456 2416 Scotus,
481 2345 513 2400 et
535 2337 590 2401 alii
615 2337 717 2401 multi.
744 2338 832 2401 Unde
854 2338 913 2401 Bo-
968 2334 1100 2397 tionem.

158 2443 339 2499 noventura
358 2436 392 2497 in
415 2436 541 2519 Scripto
564 2437 667 2518 quarti
693 2435 801 2514 refert,
826 2438 911 2519 quod
1006 2432 1170 2513 Praeterea,
1181 2432 1332 2515 quoniam
1347 2433 1506 2516 Sapientia
1520 2435 1629 2515 Patris,
1642 2436 1717 2498 Ver-

157 2534 228 2617 ipse
252 2533 403 2597 dominus
427 2533 616 2597 Gnillelmus
639 2534 824 2597 Parisiensis
845 2534 913 2617 epi·
967 2531 1044 2593 bum
1062 2539 1228 2611 aeternum,
1245 2539 1375 2613 propter
1396 2551 1453 2597 nos
1474 2533 1593 2596 exstitit
1614 2533 1716 2597 inean-

158 2650 289 2713 scopus,
321 2632 354 2693 in
392 2633 562 2713 presentia
599 2632 743 2713 magistri
779 2632 912 2695 Alexan·
967 2637 1088 2706 natum,
1105 2648 1141 2692 ac
1158 2628 1255 2691 semel
1272 2629 1305 2691 in
1320 2648 1414 2693 cruce
1428 2630 1531 2695 voluit
1544 2630 1714 2712 immolari,

156 2730 218 2807 dri,
235 2729 366 2793 Parisiis
388 2729 421 2791 in
440 2740 600 2794 conventu
619 2730 762 2793 Fratrum
785 2730 911 2794 Ordinis
967 2726 1042 2787 hinc
1067 2724 1162 2787 variis
1186 2726 1288 2789 modis
1310 2736 1424 2791 nostrae
1448 2729 1585 2811 providit
1607 2730 1712 2793 saluti.

157 2828 188 2889 S.
218 2826 384 2889 Francisci
411 2827 601 2910 approbavit
627 2828 796 2891 Alexandri
826 2827 911 2911 posi·
966 2823 1030 2886 h'ec
1050 2824 1079 2885 ei
1101 2822 1231 2887 suffecit
1247 2826 1345 2888 semel
1365 2845 1422 2908 pro
1442 2827 1533 2891 nobis
1555 2828 1713 2891 immolari

157 2926 293 2988 tionem.
309 2924 412 2988 Aliam
430 2926 616 3009 opinionem
636 2934 812 3008 sequuntur
830 2928 911 2990 Tho
967 2922 1001 2983 iu
1030 2941 1125 2985 cruce
1153 2941 1211 3004 per
1239 2923 1350 2986 mortis
1379 2925 1627 3008 perpessionem,
1658 2926 1713 2989 sed

157 3040 238 3099 mas,
255 3022 415 3102 Albertus,
432 3023 584 3104 AEgidins,
604 3022 771 3102 henricus,
792 3042 829 3086 ac
855 3024 909 3086 alii
925 3024 947 3089 (l
967 3022 1049 3083 hanc
1063 3021 1280 3102 quotidianam
1295 3031 1327 3085 et
1342 3041 1512 3104 perennem
1535 3024 1583 3087 sui
1603 3025 1716 3088 immo-

157 3120 280 3203 plures.
301 3120 340 3181 Et
351 3120 456 3202 prima
473 3121 604 3203 quidem
623 3121 733 3204 opinio
755 3123 795 3185 ad
818 3122 911 3185 intel·
967 3119 1118 3183 lationem
1148 3120 1182 3182 in
1215 3120 1363 3203 mysterio
1397 3121 1429 3183 in
1458 3122 1556 3187 Misse
1588 3123 1713 3203 officio,

158 3218 326 3300 ligandum
342 3238 378 3281 ao
393 3218 630 3282 defendendum
650 3228 751 3283 exstat
764 3220 909 3297 facilior,
968 3218 1038 3299 ejus
1057 3217 1185 3281 infinita
1204 3218 1359 3302 sapientia
1379 3220 1552 3299 adinvenit,
1569 3222 1639 3303 ejus
1657 3222 1716 3283 im-

158 3317 303 3379 secunda
316 3335 392 3380 vero
411 3317 507 3380 dictis
526 3326 710 3381 sanctorum
728 3319 910 3401 Augustini,
967 3334 1079 3378 mensa
1106 3316 1277 3379 clementia
1304 3318 1473 3396 ordinavit,
1504 3320 1575 3400 ejus
1603 3320 1717 3383 caritas

157 3414 250 3479 bedae
274 3424 308 3477 et
330 3416 457 3479 Petrum
476 3418 703 3481 consonantior
722 3426 908 3500 reputatur:
968 3431 1093 3476 summa
1110 3413 1257 3496 prefixit,
1278 3433 1341 3495 qua
1365 3423 1397 3479 et
1417 3415 1471 3479 Dei
1495 3415 1593 3479 Patris
1618 3417 1717 3481 hono-

158 3514 390 3594 propterquod
404 3514 507 3595 magis
522 3515 688 3579 consentio
701 3515 742 3578 ei.
967 3530 1035 3574 rem
1055 3512 1244 3594 generisque
1264 3513 1395 3575 humani
1413 3513 1594 3595 procuravit
1608 3532 1714 3597 opem,

198 3610 360 3693 Amplius,
375 3612 528 3693 quoniam
551 3612 694 3676 christus
718 3613 752 3675 in
777 3614 838 3676 boc
864 3634 913 3677 sa-
967 3609 1099 3691 gratiam
1120 3629 1158 3672 ae
1180 3610 1325 3673 salutem.
1346 3610 1433 3685 Quod
1456 3619 1555 3674 totum
1577 3612 1623 3674 sic
1641 3612 1716 3676 fieri

160 3718 326 3773 eramento
357 3710 524 3774 exhibetur
558 3710 651 3774 nobis
685 3720 720 3773 ut
748 3711 851 3791 cibus,
881 3721 913 3775 et
967 3708 1227 3771 decentissimum
1244 3708 1400 3771 exstitisse
1415 3709 1493 3773 ratio
1511 3709 1610 3772 dictat
1624 3711 1717 3773 desu-

159 3809 269 3871 cibum
298 3816 423 3890 oportet
449 3809 577 3873 realiter
604 3809 756 3893 coniungi
785 3809 910 3889 cibato;
967 3824 1026 3887 per
1040 3805 1207 3886 illustrata,
1223 3824 1293 3887 que
1308 3816 1426 3887 quanto
1440 3807 1512 3889 plus
1528 3807 1715 3890 illustratur,

159 3906 232 3970 ideo
246 3914 336 3969 recte
355 3906 453 3970 sentit
466 3906 608 3970 Ecclesia
623 3908 783 3971 Christum
802 3907 836 3969 in
851 3908 911 3970 boc
968 3911 1055 3967 tanto
1076 3904 1238 3985 limpidius
1261 3904 1402 3967 intuetur
1415 3924 1510 3987 quam
1531 3906 1716 3971 rationabile

160 4014 362 4069 sacramento
386 4004 513 4068 realiter
538 4006 706 4069 contineri.
723 4006 835 4069 Decmt
858 4025 913 4067 au·
968 4021 1025 4064 seu
1046 4002 1151 4083 potius
1173 4002 1470 4084 superrationabile,
1487 4004 1716 4069 misericordis-

160 4110 224 4165 tem
238 4102 401 4165 Christum
416 4103 477 4167 hoc
493 4103 658 4166 instituere
678 4111 912 4167 sacramentum
968 4100 1098 4179 simum,
1130 4100 1411 4183 sapientissimum,
1445 4102 1716 4167 amorosissimum

160 4201 194 4263 in
218 4201 394 4264 novissima
418 4220 521 4280 eoena,
546 4210 619 4284 post
643 4220 738 4283 quam
766 4202 912 4284 protinus
928 4198 1065 4265 Dfuerit
1078 4198 1175 4279 istud,
1193 4207 1227 4261 ut
1248 4207 1278 4261 et
1298 4200 1438 4282 quotidie
1458 4200 1625 4265 dominice
1645 4221 1716 4284 pas-

159 4298 221 4361 fuit
249 4300 423 4363 tradendus
449 4318 486 4363 ac
514 4299 687 4364 moriturus
716 4320 773 4384 pro
807 4302 909 4365 nobis.
968 4296 1066 4361 sionis
1085 4298 1174 4379 quasi
1196 4306 1340 4361 recenter
1361 4317 1518 4362 memores
1538 4300 1648 4379 simus,
1666 4320 1717 4365 ea-

159 4397 230 4479 lpse
251 4398 340 4460 enim
360 4398 589 4480 prenuntiatus
609 4397 672 4460 fuit
692 4418 795 4464 novus
809 4420 914 4463 sacer·
968 4395 1130 4477 ritatisque
1141 4396 1196 4460 Dei
1212 4416 1249 4460 ae
1261 4396 1387 4478 pietatis
1399 4416 1461 4461 sue
1477 4405 1508 4459 et
1519 4398 1717 4461 liberalitatis

160 4496 230 4574 dos,
246 4495 410 4578 perfectus
433 4504 464 4559 et
488 4516 594 4576 verus,
615 4515 680 4559 non
706 4496 912 4580 imperfectus
967 4496 1007 4557 ad
1031 4513 1090 4558 nos
1114 4495 1240 4558 assidue
1270 4495 1483 4577 recordemur,
1508 4499 1719 4563 recordando-

44 4614 148 4668 eumn,
161 4613 198 4657 ac
213 4594 363 4676 typicus,
380 4595 556 4658 secundum
584 4596 729 4659 ordinem
750 4596 912 4659 Melchise
967 4611 1029 4673 que
1064 4592 1314 4673 inflammemur,
1350 4602 1382 4655 et
1417 4594 1564 4657 meritum
1601 4596 1717 4661 Christi

44 4706 49 4719 ·
162 4692 256 4772 dech,
272 4710 338 4755 non
355 4691 444 4773 juxta
458 4693 555 4755 ritum
574 4700 606 4755 et
624 4693 769 4757 ordinem
784 4694 909 4774 Aaron;
966 4691 1180 4754 abundantius
1217 4690 1455 4773 participemus,
1490 4694 1715 4775 ¹consequendo

161 4809 265 4855 novus
298 4808 424 4872 quoque
457 4797 489 4853 et
519 4789 681 4874 perfectus
710 4791 871 4874 legislator
901 4817 908 4856 :
966 4787 1103 4853 effectus
1129 4789 1319 4853 sacramenti
1343 4790 1444 4871 istius,
1471 4799 1506 4853 ut
1526 4790 1609 4855 infra
1630 4792 1715 4856 diee-

161 4889 316 4953 translato
338 4888 427 4952 enim
452 4890 640 4967 sacerdotio,
656 4910 787 4953 necesse
812 4899 861 4954 est
879 4901 911 4955 et
966 4897 1019 4951 tur
1034 4911 1042 4949 t
1057 4888 1098 4951 de
1113 4888 1206 4969 cujus
1220 4888 1417 4953 institutione
1437 4892 1633 4954 tantumdem
1649 4892 1715 4957 suf-

162 4988 243 5069 legis
258 4988 332 5050 fieri
351 4986 603 5067 translationem,
619 4988 701 5051 utin
721 4989 857 5071 epistola
870 4993 910 5055 ad
966 4986 1057 5051 ficiat
1077 4987 1227 5070 tetigisse.

161 5086 311 5150 Hebraeos
334 5086 475 5168 disputat
498 5106 536 5149 ac
559 5086 755 5150 demonstrat
779 5090 911 5170 Aposto·
1006 5086 1096 5149 Nunc
1117 5088 1156 5150 de
1179 5087 1333 5170 dignitate
1352 5090 1495 5171 ejusdem
1514 5092 1634 5174 aliquid
1654 5112 1711 5175 pro

163 5185 223 5248 lus.
242 5184 417 5248 Translatis
433 5185 561 5247 demum
580 5186 755 5249 sacerdotio
774 5194 807 5249 et
827 5187 908 5270 lege,
965 5184 1090 5248 viribus
1113 5194 1162 5248 est
1182 5189 1385 5269 tangendum.
1406 5188 1557 5263 Quocirca
1576 5210 1713 5273 pensan·

162 5286 305 5369 oportuit
322 5292 520 5347 sacramenta
543 5293 575 5347 et
598 5283 755 5349 sacrificia
781 5286 908 5351 variari.
966 5286 1055 5363 dum,
1071 5285 1156 5365 quod
1177 5285 1209 5347 in
1229 5296 1426 5351 sacramento
1445 5288 1506 5353 isto
1525 5290 1645 5372 aliquid
1664 5302 1712 5357 est
