4309 6259
464 486 526 551 too
747 504 787 550 nn
807 501 965 550 rumcouro
984 500 1022 546 nr
1042 498 1206 547 crunnum
1226 498 1344 559 namn,
1366 498 1454 545 crana
1473 498 1497 545 1.
1519 517 1559 527 —
1580 497 1651 543 lar.
1672 496 1735 543 xxx

468 672 725 757 comparabiliter
754 670 831 734 felix
859 669 966 747 Maria,
996 687 1066 751 quae
1095 667 1214 748 absque
1230 666 1418 747 Aquoniam
1452 665 1605 729 lectulum
1638 664 1815 730 Salomonis
1853 664 1992 746 sexaginta
2003 666 2092 730 carr}

468 773 602 836 libidine
622 770 776 851 concipis,
794 769 863 831 sine
882 767 1067 850 gravamine
1091 764 1216 845 bajulas
1270 765 1368 828 fortes
1383 765 1527 827 ambiunt
1542 784 1579 828 ex
1594 764 1776 830 fortissimis
1790 764 1992 839 lsrael,omnes
2004 748 2017 787 ⁵·

469 872 634 951 etabsque
649 869 758 932 dolore
776 886 921 950 generas,
937 865 1071 927 ubilibet
1086 864 1214 942 intacta,
1271 871 1415 926 tenentes
1440 863 1573 943 gladios,
1598 873 1630 926 et
1657 864 1696 927 ad
1726 862 1810 926 bella
1836 860 1990 923 fortissimi.

470 970 593 1051 integra
613 976 645 1030 et
670 966 792 1029 illibata
816 984 1046 1048 perseverans3
1064 962 1097 1024 iu
1124 962 1216 1044 cujus
1272 961 1399 1043 Angelis
1414 962 1532 1044 quippe
1547 962 1614 1024 suis
1628 960 1792 1023 mandavit
1805 960 1844 1022 de
1859 968 1899 1037 te,
1912 978 1930 1023 o
1945 960 1991 1021 Μα-
2001 977 2073 1020 rami,

470 1066 677 1147 conceptione
693 1072 802 1126 sancta
821 1064 885 1143 agit
903 1062 1052 1141 Trinitas,
1069 1060 1104 1121 in
1124 1059 1216 1140 cujus
1272 1060 1330 1137 ria,
1346 1067 1382 1120 ut
1402 1060 1579 1122 custodiant
1598 1067 1629 1121 te
1648 1059 1681 1121 in
1697 1058 1845 1121 omnibus
1863 1056 1920 1119 viis
1933 1058 1988 1118 tuis.

469 1173 561 1247 partu
591 1162 733 1245 angelica
757 1161 897 1225 concinit
921 1160 1064 1241 puritas;
1088 1177 1158 1238 quaa
1183 1158 1215 1217 in
1270 1157 1317 1220 llli
1339 1176 1464 1238 quoque
1479 1156 1628 1219 Genitrici
1645 1156 1699 1219 Dei
1715 1154 1926 1235 Creatorisque
1944 1156 1988 1231 sni,

469 1263 676 1343 conceptione
688 1261 751 1322 lleo
767 1259 951 1335 sacraris,et
966 1258 998 1318 in
1015 1265 1106 1338 partu
1122 1266 1215 1335 atque
1272 1255 1426 1318 famulatu
1449 1255 1668 1336 obsequuntur
1691 1254 1939 1317 reverentissimo
1957 1263 1990 1315 at·
2092 1234 2093 1249 ¹

468 1369 539 1443 post
553 1368 678 1442 partum
699 1358 744 1419 sic
764 1357 870 1419 clausa
885 1356 1071 1435 munitaque
1094 1372 1217 1434 perma-
1271 1373 1333 1435 que
1356 1354 1601 1435 promptissimo.

467 1478 536 1537 nes,
553 1466 589 1519 ut
601 1457 666 1538 jam
690 1455 778 1518 alteri
795 1464 825 1516 te
840 1454 991 1516 accedere
1013 1460 1066 1514 aut
1088 1470 1147 1513 usu
1170 1450 1215 1511 uti
1310 1453 1390 1530 Jam,
1406 1471 1425 1515 o
1440 1452 1583 1529 Domina,
1600 1470 1619 1515 o
1638 1451 1734 1515 Μανία
1751 1450 1911 1529 altissima,
1925 1450 1990 1512 lata-

466 1556 608 1619 femineo
623 1553 753 1616 minimo
769 1571 899 1634 prorsus
914 1551 1017 1612 liceat.
1034 1548 1214 1630 llysterium
1270 1549 1378 1613 bundo
1411 1550 1505 1613 corde
1537 1548 1835 1631 jucundissimoque
1868 1548 1939 1626 visu,
1967 1556 1988 1609 ot

465 1654 528 1717 hoc
543 1670 694 1734 magnum
715 1659 774 1729 est,
791 1649 876 1730 quod
898 1647 968 1727 tibi,
983 1666 1002 1710 o
1017 1647 1123 1724 Μανία,
1142 1664 1216 1709 con·
1270 1649 1345 1711 item
1371 1646 1639 1711 affectuosissima
1662 1656 1781 1725 mente,
1799 1666 1891 1710 cerne
1912 1647 1988 1707 Deum

467 1769 593 1814 cessum
608 1758 665 1827 est,
684 1756 719 1810 ut
732 1748 831 1809 lleum
851 1764 908 1827 per
929 1763 1025 1826 quem
1040 1743 1159 1821 omnia,
1178 1762 1215 1804 ex
1270 1765 1381 1809 verum
1405 1754 1500 1826 atque
1523 1746 1726 1823 immensum,
1752 1745 1919 1827 Antiquom
1942 1745 1990 1805 die-

466 1858 497 1911 te
513 1867 624 1911 cernas
640 1845 811 1928 procedere
825 1866 832 1920 3
849 1862 945 1925 quem
962 1862 1035 1905 cum
1056 1840 1213 1903 ineffabili
1229 1838 1252 1900 B
1272 1864 1341 1907 rum
1358 1852 1389 1906 et
1408 1844 1564 1907 universae
1589 1843 1794 1907 beatitudinis
1821 1844 1949 1922 Fontem,
1962 1860 1989 1903 ex

465 1946 664 2029 jucunditate
679 1943 776 2026 paris,
793 1942 998 2005 devotissima
1013 1947 1119 2002 mente
1143 1957 1215 2001 mox
1271 1950 1301 2005 te
1332 1940 1524 2005 infantulum
1552 1941 1672 2005 factum
1700 1941 1925 2024 parvulumque
1948 1959 1990 2001 na·

465 2054 575 2108 natum
590 2045 713 2121 adoras,
721 2061 758 2105 ac
773 2040 996 2103 sincerissimis
1011 2037 1215 2101 dulcissimis
1270 2048 1349 2118 tum,
1367 2040 1513 2103 manibus
1535 2041 1596 2103 tuis
1616 2061 1650 2105 se
1670 2041 1875 2123 praebentem,
1889 2058 1921 2102 ac
1942 2038 1989 2099 tuis

466 2163 529 2225 que
550 2142 697 2205 manibus
718 2146 908 2203 contrectas.
1270 2139 1400 2221 insuper
1414 2139 1565 2201 maternis
1581 2139 1765 2202 ministeriis
1779 2138 1914 2201 filialiter
1925 2145 1991 2199 uton-

506 2242 664 2316 Quantum
678 2256 748 2317 nos,
765 2256 785 2300 o
800 2236 944 2315 Domina,
960 2242 1054 2316 partu
1068 2241 1122 2296 tuo
1138 2232 1215 2295 laeti-
1271 2246 1345 2299 tem.
1358 2234 1382 2298 0
1397 2236 1502 2315 Maria,
1512 2237 1614 2299 dulcis
1629 2236 1773 2315 llomina,
1786 2256 1876 2301 mens
1889 2233 1990 2297 mitissi-

466 2339 559 2419 ficas,
587 2335 783 2401 honorificas
811 2334 951 2414 itemque
979 2331 1127 2411 felicitas,
1151 2347 1215 2412 quo
1270 2333 1606 2414 ma,affeotuosissima
1617 2335 1712 2416 Virgo
1728 2334 1989 2417 benignissimeque

330 2456 452 2509 nom.
467 2438 522 2500 llei
542 2435 639 2500 Patris
661 2433 722 2495 filii
744 2441 776 2497 et
796 2431 940 2511 heredes,
956 2430 1071 2493 Christi
1087 2430 1215 2492 cohere-
1271 2432 1376 2511 Mater,
1401 2452 1492 2514 auge,
1515 2452 1632 2514 quaeso,
1657 2434 1691 2497 in
1711 2435 1768 2495 'me
1794 2442 1856 2497 tuas
1883 2431 1991 2513 dignita-

322 2523 355 2564 ¹⁷·
468 2539 524 2601 des
552 2545 584 2599 et
610 2535 736 2612 fratres,
761 2542 856 2614 atque
885 2530 1215 2611 supermundanorum
1271 2530 1311 2592 tis
1331 2530 1631 2612 contemplationem
1656 2539 1750 2613 atque
1765 2529 1990 2607 fervorem3do

469 2635 637 2717 spirituum
662 2632 811 2696 concives
835 2627 1057 2692 efficimurtO
1081 2626 1216 2689 familia·
1270 2636 1326 2690 net
1349 2647 1400 2690 me
1424 2627 1481 2690 tibi
1506 2628 1603 2690 Filius
1624 2635 1697 2690 tuus
1720 2652 1726 2689 :
1748 2627 1906 2710 quoniam,
1928 2626 1990 2689 sicut

468 2733 592 2798 rissima
620 2730 895 2809 sacratissimaque
920 2727 995 2804 lleo,
1021 2723 1122 2787 divini
1151 2742 1215 2787 non
1271 2745 1366 2790 omne
1393 2726 1476 2808 quod
1500 2726 1554 2788 dat
1572 2726 1632 2808 ipsi
1655 2726 1746 2789 Pater
1767 2745 1835 2790 non
1852 2724 1945 2809 perdit
1962 2742 1990 2785 ax
2003 2743 2095 2785 rm,

468 2832 579 2913 ignara
594 2827 732 2905 consilii,
749 2846 806 2909 per
819 2844 915 2907 quam
933 2822 1088 2905 quidquid
1108 2821 1215 2903 gratiae
1271 2843 1320 2903 eo,
1351 2824 1397 2887 sic
1426 2824 1533 2906 utique
1559 2824 1683 2887 nullum
1712 2843 1824 2888 eorum
1853 2842 1924 2905 quos
1949 2810 2023 2883 ulii·

467 2927 694 3009 felicitatisque
728 2925 866 2987 mundus
898 2922 1053 2985 divinitus
1088 2920 1215 2984 sortitus
1270 2922 1368 2984 Filius
1398 2931 1470 2984 tuus
1496 2922 1661 2985 donaverit
1685 2922 1792 3005 perdis
1818 2942 1878 2985 nec
1901 2918 1990 3003 perimi

468 3036 527 3107 est,
557 3026 587 3089 ei
615 3023 770 3108 impertiri
799 3024 862 3086 lloo
892 3019 1104 3103 complacuit!
1131 3018 1251 3084 Nun-G
1272 3018 1360 3082 sinis.

467 3144 564 3207 quam
579 3131 692 3186 natura
706 3122 751 3184 sic
765 3120 900 3183 mutavit
914 3138 971 3181 sua
985 3119 1057 3199 jura
1071 3117 1216 3199 quemad·

468 3223 598 3286 modum
615 3221 647 3282 in
660 3220 721 3282 hac
741 3217 905 3281 nativitate
927 3216 1139 3279 sanctissima.
1156 3216 1218 3297 Ap-

310 3345 454 3397 amena.
469 3320 600 3405 parebat
618 3320 651 3381 in
670 3338 709 3382 ea
726 3317 823 3398 llagis
842 3315 934 3379 stella
952 3315 1028 3379 olim
1046 3314 1215 3397 promissa,
1455 3319 1700 3386 ARTIGULUS
1724 3322 1836 3386 XXX,

470 3418 620 3502 quoniam
648 3425 695 3497 tu,
724 3434 743 3479 o
771 3414 875 3491 llario,
902 3433 976 3476 eum
1005 3412 1131 3475 edidisti
1161 3413 1216 3493 qui

471 3517 574 3580 sidera
598 3514 751 3592 condidit,
777 3519 924 3575 numerat
946 3520 1041 3592 atque
1065 3510 1215 3592 appellat.
1352 3498 1400 3557 De
1420 3496 1627 3556 mirabilibuf
1646 3498 1683 3557 2⁸⁷²
1696 3500 1811 3559 Maria
1828 3498 1930 3575 fsssslff·

323 3640 455 3693 aalma,
471 3615 588 3678 Jubilat
616 3612 755 3677 ooelestis
783 3609 951 3689 exercitus,
980 3609 1130 3690 quoniam
1161 3609 1220 3671 Do·
2095 3670 2096 3695 ,

325 3706 358 3747 ¹⁴·
472 3714 589 3791 minus,
611 3713 694 3774 Deus
715 3710 904 3789 creatorque
924 3726 1034 3770 corum
1053 3726 1092 3769 ex
1111 3715 1141 3769 te
1164 3726 1219 3769 na·
1347 3712 1443 3780 EUS,
1466 3711 1502 3769 in
1526 3712 1713 3771 sanctorio
1738 3710 2074 3790 tua-quiscerem

472 3812 582 3875 scitur.
617 3809 746 3872 Labitur
782 3808 889 3870 llomm
920 3805 1103 3869 aeternitatis
1140 3814 1219 3867 tom·
1357 3827 1497 3885 magnus
1525 3809 1609 3868 sicut
1637 3812 1724 3869 Deus
1752 3809 1885 3868 noster?
1910 3810 1950 3868 Tu
1972 3792 2053 3861 es'‘·'⁵'

472 3911 573 3992 plum,
596 3907 748 3989 quoniam
773 3925 812 3967 ex
836 3913 867 3967 te
892 3904 1015 3985 virgine
1039 3903 1138 3966 Filius
1163 3903 1217 3966 Dei
1274 3910 1361 3967 Deos
1376 3908 1436 3985 qui
1447 3906 1533 3983 facis
1547 3906 1727 3967 mirabilia.
1744 3905 1896 3987 Magnalia
1912 3900 1994 3984 egisti,

320 4034 458 4085 amneio,
472 4006 698 4091 proficiscitur.
729 4002 752 4065 Ο
781 4002 874 4065 Μανία
902 4002 975 4064 fons
1003 4000 1219 4064 indeficientis
1274 4005 1349 4066 dum
1370 4002 1508 4067 visibilia
1529 4012 1560 4067 et
1583 4003 1757 4067 invisibilia
1775 4024 1815 4066 ex
1833 4002 1928 4066 nihilo
1946 4000 1996 4081 pla·

472 4100 858 4179 communicabilitatis,ex
872 4118 935 4180 qua
950 4099 1038 4161 rivus
1052 4098 1107 4161 ille
1121 4100 1221 4161 oritur
1275 4103 1404 4177 smasti3
1430 4102 1505 4163 dum
1532 4102 1652 4164 entium
1682 4111 1812 4165 naturas
1839 4097 1995 4172 distinxisti,

472 4204 527 4285 qui
543 4202 576 4264 in
590 4208 727 4282 quatuor
741 4198 851 4260 mundi
873 4197 983 4278 plagas
1003 4216 1037 4259 se
1055 4198 1217 4278 expandit,
1235 4196 1259 4259 D
1274 4208 1306 4261 et
1320 4200 1567 4280 unumquodque
1582 4198 1746 4281 aptissime
1761 4198 1910 4262 ordinasti
1922 4206 1997 4275 atque

470 4319 566 4365 omne
590 4298 741 4361 saeculum
764 4296 872 4377 rigans
900 4302 994 4375 atque
1022 4303 1216 4358 venustanst
1275 4298 1397 4362 locasti.
1415 4297 1556 4378 Denique
1576 4298 1609 4358 in
1629 4297 1711 4361 ooelo
1729 4306 1874 4379 terraque
1892 4292 2073 4365 niati-pa

470 4398 587 4475 Gaude,
604 4395 698 4458 Μανία
718 4394 856 4475 genitrix
877 4393 972 4468 vitm,
995 4392 1112 4470 laetare,
1129 4393 1218 4474 origo
1275 4397 1328 4477 lia,
1345 4414 1459 4477 magna
1474 4404 1506 4457 et
1518 4394 1738 4459 inscrutabilia
1756 4404 1901 4477 operatus
1920 4408 1996 4473 agno

470 4496 564 4575 lucis,
590 4493 744 4557 Salvatrix
776 4491 873 4569 orbis,
904 4491 1000 4552 Mater
1029 4491 1215 4569 sanctitatis,
1275 4494 1383 4556 sceris.
1401 4494 1447 4555 Tu
1471 4492 1546 4556 olim
1566 4492 1687 4557 diluvio
1712 4494 1822 4557 orbem
1846 4486 2081 4575 operuistiffiao

469 4596 568 4657 decus
593 4600 756 4669 creature,
777 4595 999 4653 ornamentum
1024 4588 1109 4666 coeli,
1130 4607 1219 4652 amor
1275 4600 1306 4655 et
1322 4592 1398 4654 item
1413 4590 1445 4651 in
1462 4591 1615 4671 portentis
1637 4592 1877 4654 vehementibus
1896 4586 2053 4683 imudi'ffl
2068 4641 2082 4666 n

470 4693 669 4768 devotorum,
686 4688 844 4770 refugium
860 4686 1049 4749 miserorum
1068 4694 1100 4748 et
1119 4686 1219 4766 gloria
1275 4690 1377 4770 lisque
1397 4688 1562 4770 prodigiis,
1579 4688 1705 4771 plebem
1724 4697 1800 4752 tuno
1825 4689 1947 4752 electam
1967 4682 2054 4751 dctis·

471 4790 656 4853 electorum.
1276 4788 1407 4869 AEgypto
1422 4786 1568 4864 eduxisti,
1586 4805 1643 4867 per
1657 4787 1781 4850 deserta
1802 4784 1956 4857 deduxisti,
1970 4800 1997 4842 ac

513 4889 619 4964 Porro,
649 4902 809 4964 maguam,
838 4881 878 4944 ad
906 4881 951 4943 tui
981 4882 1169 4961 custodiam,
1200 4901 1220 4945 o
1276 4886 1404 4947 demum
1429 4884 1462 4945 in
1491 4885 1661 4965 promissas
1684 4884 1832 4967 regiones
1858 4878 1998 4947 induxisti.

456 4983 590 5049 summi
604 4983 659 5045 Ilei
674 4981 811 5043 Genitrix
826 4980 1018 5059 veneranda,
1034 4980 1220 5061 angelorum
1275 4983 1408 5065 lnsuper
1430 4982 1600 5045 multifaric
1625 4983 1795 5065 multisque
1820 4982 1916 5046 modis
1938 4978 1998 5041 olim
2011 4982 2078 5032 aet-st

474 5081 709 5147 multitudinem
722 5079 847 5141 ooelitus
858 5095 921 5140 non
932 5077 1114 5141 dubitamus
1125 5087 1221 5142 trans·
1276 5081 1429 5164 patribus,
1460 5080 1624 5162 Prophetis
1656 5100 1693 5143 ao
1721 5080 1893 5162 praeelectis
1920 5074 1998 5157 toqui,

475 5182 604 5246 missam
622 5203 629 5241 ε
647 5196 762 5259 nempe
782 5185 815 5239 tu
839 5195 932 5238 verus
954 5176 1021 5238 veri
1045 5177 1221 5241 Salomonis
1278 5197 1430 5261 apparere
1445 5178 1583 5259 itemque
1597 5178 1751 5260 inspirare
1766 5179 1910 5261 dignatus
1923 5194 1961 5238 es.

475 5280 622 5359 lectulus,
638 5279 772 5341 thronus
793 5294 829 5338 ac
850 5274 1029 5353 tbalamus;
1045 5283 1078 5338 et
1103 5276 1221 5339 scimus
1318 5277 1542 5339 Verumtamen
1562 5294 1626 5340 non
1649 5276 1786 5359 amplius
1810 5286 1858 5340 est
1879 5274 1924 5338 bis
1945 5288 2001 5353 spa
