4309 6259
655 504 813 551 asrosrno
834 504 932 550 avum
956 511 963 548 :
986 504 1058 561 ava,
1082 504 1177 551 asnis
1198 504 1310 551 srsma
1718 488 1759 551 85

209 682 241 740 te
256 674 350 739 nobis
364 674 694 738 misericordissimam
710 692 835 751 esseae
850 673 958 736 debito
973 672 998 735 A
1016 673 1154 753 rilicata,
1180 681 1377 756 reportantes
1403 674 1503 736 linem
1531 674 1608 737 fidei
1633 682 1755 754 vestra,

211 774 427 839 condecentia
451 773 701 854 moralitatisqne
725 772 797 854 jure
821 791 858 835 ac
883 790 958 835 con·
1013 772 1148 835 salutem
1170 773 1348 835 animarum
1370 780 1557 835 vestrarum.

209 872 368 954 gmentia‚
384 872 422 934 ad
438 870 603 951 hocquasi
620 870 773 952 adstringi
790 868 921 933 videris.
1053 874 1107 931 Sit
1136 874 1209 931 laras
1244 874 1306 932 Deo
1336 872 1449 941 Patri,
1478 890 1603 931 summo
1630 872 1759 931 Christo
1825 880 1843 937 ¹1

251 970 275 1033 Ο
307 972 403 1047 Virgo
427 970 622 1046 deputaris,
648 968 752 1030 idest
776 986 899 1030 summa
927 975 958 1029 et
1013 971 1123 1037 decus,
1153 968 1184 1030 id
1214 975 1262 1030 est
1294 969 1411 1030 decens
1444 967 1617 1045 veneratio,
1648 974 1760 1048 ntputa

210 1068 306 1131 unica
325 1068 358 1130 in
377 1066 571 1149 virginitate,
594 1065 677 1129 sicut
695 1066 727 1127 in
748 1065 862 1129 ceteris
880 1084 958 1148 quo·
1014 1065 1113 1128 latriae
1127 1065 1242 1128 cultus.
1258 1065 1379 1127 Dicitur
1394 1074 1498 1127 autem
1514 1064 1656 1128 Christus
1675 1084 1760 1127 snm-

210 1184 273 1248 que
298 1165 468 1229 virtutibus
488 1184 617 1248 prorsus
637 1162 843 1246 praecunctis
868 1162 956 1245 puris

1014 1183 1096 1243 mus,
1122 1182 1185 1227 uon
1209 1164 1294 1245 qnod
1317 1165 1408 1227 Patre
1431 1172 1485 1227 ant
1502 1163 1622 1246 Spiritu
1646 1164 1759 1226 Sancto

210 1263 396 1328 bominibus
427 1262 703 1339 excellentissima,
736 1268 830 1344 prout
862 1262 955 1324 modo

103 1414 110 1423 .
179 1384 193 1427 ·.
210 1382 395 1446 expressum
419 1369 477 1425 est.
501 1362 589 1425 Unde
614 1360 845 1442 subjungitur:
868 1363 956 1421 inter

210 1482 319 1523 omnes
337 1462 441 1531 mitis,
456 1460 487 1523 id
507 1468 555 1523 est
574 1478 637 1541 praa
662 1460 784 1522 cunctis
809 1457 956 1521 inellabi-

1015 1264 1056 1325 sit
1070 1262 1184 1344 maior,
1194 1263 1248 1325 sed
1263 1282 1304 1325 ne
1320 1262 1441 1325 ratione
1457 1270 1626 1344 assumptae
1640 1270 1760 1325 naturae

1016 1360 1121 1423 minor
1134 1368 1262 1442 putetur
1276 1360 1476 1442 simpliciter,
1488 1361 1633 1442 quamvis
1649 1379 1761 1423 secun-

1014 1459 1090 1520 dum
1106 1458 1194 1521 illam
1210 1459 1252 1521 sit
1266 1459 1373 1522 minor
1390 1460 1670 1540 (quemadmodum
1691 1458 1759 1541 ipse

211 1560 284 1623 liter
309 1558 577 1636 mansuetissima,
605 1576 767 1639 nunquam
791 1558 829 1620 ad
855 1556 955 1619 ullum
1015 1556 1156 1637 loquitur
1171 1581 1178 1619 ι
1194 1558 1286 1619 Pater
1298 1557 1401 1639 major
1415 1577 1466 1620 me
1486 1559 1567 1637 est);
1587 1565 1619 1620 et
1638 1576 1907 1638 rursus,1„„„,„„‚

210 1658 383 1721 iracundia
399 1664 518 1720 motum
537 1656 678 1734 inducta,
695 1674 754 1717 nec
775 1654 838 1717 ulla
858 1654 957 1736 impa-
1013 1655 1165 1737 quoniam
1198 1656 1288 1717 Pater
1321 1664 1352 1717 et
1384 1655 1525 1719 Christus
1557 1675 1595 1719 ac
1624 1654 1759 1737 Spiritus
1773 1651 1809 1694 ²⁸·

210 1754 323 1819 tientia
346 1754 506 1817 stimulata
531 1754 683 1817 adversus
713 1771 766 1815 eos
795 1771 813 1814 a
840 1752 957 1833 quihus
1014 1754 1147 1816 Sanctus
1162 1762 1236 1815 sunt
1251 1773 1333 1815 unus
1347 1772 1503 1833 summus,
1517 1772 1580 1817 non
1596 1762 1660 1815 tres
1675 1771 1761 1813 sum-

210 1854 319 1917 vidisti
344 1853 474 1916 unicum
499 1860 531 1915 et
554 1850 894 1934 superdilectissimum
920 1869 957 1912 ac
976 1854 999 1917 B
1015 1854 1070 1932 mi,
1087 1852 1170 1915 sicut
1193 1861 1267 1914 sunt
1292 1872 1374 1915 nnus
1397 1852 1584 1930 immensus,
1608 1870 1673 1915 non
1696 1858 1761 1913 tres

211 1950 574 2037 praeinnocentissimum
598 1950 715 2013 Filium
743 1957 832 2011 tuum
857 1955 903 2011 tot
927 1955 959 2009 et
1015 1950 1175 2013 immensi,
1191 1952 1342 2027 Spiritui
1355 1954 1488 2020 Sancto,
1500 1950 1623 2033 supple,
1636 1949 1678 2011 sit
1692 1949 1761 2011 laus

211 2060 298 2115 tanta
314 2050 466 2132 perferre,
483 2057 515 2111 et
529 2049 657 2111 tandem
672 2054 806 2111 mortem
821 2046 959 2109 acerbis·
1015 2058 1046 2111 et
1060 2050 1158 2112 decus
1178 2048 1262 2111 sicut
1278 2048 1360 2110 Patri
1381 2057 1413 2110 et
1431 2048 1531 2126 llili03
1549 2050 1667 2118 tribus,
1688 2047 1763 2109 snb-

211 2150 325 2213 simam
341 2148 508 2210 sustinere.
521 2148 588 2209 Nos
601 2147 708 2222 scalpis
722 2149 853 2215 solutos,
864 2145 896 2207 id
912 2152 960 2207 est
1015 2147 1101 2225 audi,
1130 2146 1278 2209 Personis
1311 2146 1363 2225 sit,
1393 2148 1497 2207 honor
1524 2166 1623 2216 unus,
1653 2146 1685 2209 id
1714 2153 1762 2207 est

211 2246 327 2311 merito
341 2244 498 2329 passionis
513 2244 584 2306 Filii
600 2244 645 2306 tui
661 2264 680 2306 a
694 2243 782 2306 vitiis
797 2242 958 2320 liberatos,
1016 2246 1101 2308 idem
1125 2253 1156 2307 et
1186 2244 1355 2322 indivisus,
1381 2264 1438 2306 seu
1467 2244 1578 2306 eadem
1607 2244 1759 2321 adoratio,

211 2353 366 2427 quantum
395 2362 433 2407 ex
459 2350 547 2425 parte
571 2342 672 2424 ipsius
700 2350 759 2419 est,
785 2348 816 2403 et
844 2360 901 2423 per
929 2349 959 2403 te
1015 2344 1098 2407 sicut
1126 2352 1200 2406 sunt
1228 2362 1310 2405 unus
1338 2343 1421 2405 Deus
1450 2350 1482 2405 et
1510 2362 1592 2403 unus
1622 2342 1759 2405 Creator.

212 2444 339 2505 veniam
365 2449 536 2517 assecutos,
553 2443 648 2501 mites
664 2442 720 2518 fac
743 2448 773 2501 et
798 2449 913 2508 castos,
928 2438 959 2500 id
1016 2444 1253 2521 Verumtamen,
1271 2441 1354 2503 sient
1375 2450 1449 2503 snnt
1463 2449 1527 2502 tres
1541 2440 1697 2520 Personae,
1715 2440 1761 2502 sio

213 2550 272 2622 est,
290 2540 424 2603 virtutes
438 2539 507 2617 has,
524 2539 701 2601 castitatem
721 2556 758 2600 ac
779 2537 957 2614 multatam,
1014 2541 1165 2623 quaelibet
1189 2558 1298 2602 earum
1323 2546 1427 2621 potest
1449 2538 1613 2620 sigillatim
1638 2538 1761 2602 adorari

214 2640 350 2721 impetra
368 2637 473 2715 nobis,
490 2656 546 2699 seu
565 2636 743 2718 proiectum
764 2634 797 2697 in
816 2634 874 2715 eis,
891 2653 961 2717 per·
1015 2648 1046 2702 et
1061 2636 1304 2703 honorariNam
1321 2638 1354 2699 in
1369 2637 1469 2699 Missae
1481 2636 1592 2700 allicio
1604 2636 1763 2699 orationes

215 2737 426 2801 severantiam
449 2744 481 2799 el
500 2736 807 2800 consummationem
830 2734 960 2797 linalem
1016 2737 1198 2819 specialiter
1225 2736 1406 2817 diriguntur
1432 2734 1471 2797 ad
1499 2736 1598 2797 Deum
1627 2734 1761 2797 Patrem.

215 2837 248 2898 in
265 2836 356 2919 ipsis.
373 2836 490 2917 hlagnaa
505 2834 623 2916 quippe
638 2841 712 2895 sunt
732 2833 799 2895 ista
814 2832 959 2911 virtutes,
1015 2836 1054 2898 Et
1075 2836 1108 2897 in
1128 2834 1256 2918 hymnis
1274 2842 1368 2915 atque
1388 2832 1562 2914 sequentiis
1582 2831 1764 2915 specialiter

160 2968 197 3005 m,
214 2954 313 3016 quum
334 2934 367 2996 in
387 2932 611 2996 Ecclesiastico
631 2930 784 3012 scriptum
806 2930 847 2992 sit
863 2951 869 2989 :
888 2930 959 3009 Fili,
1016 2934 1202 2997 invocamus
1229 2931 1381 3013 Spiritum
1409 2931 1570 3008 Sanctum,
1593 2930 1729 2994 dicendo
1753 2954 1760 2992 ι

215 3034 248 3096 in
271 3032 514 3095 mansuetudine
538 3036 708 3111 operatua
732 3029 794 3104 lac,
811 3038 842 3091 et
866 3030 1002 3111 superC

47 2956 138 3000 Eeeli.

33 3024 74 3063 ta.

1204 3101 1284 3161 Veni,
1300 3102 1403 3153 Sancte
1420 3100 1552 3165 Spiritus,

214 3150 343 3195 omnem
358 3129 523 3193 bominum
540 3129 673 3211 gloriam
688 3126 832 3209 diligeris
845 3150 853 3205 3
870 3126 962 3189 item-

34 3252 107 3296 1eru.
126 3264 196 3299 aava.
213 3250 276 3313 que
307 3254 315 3291 :
342 3228 451 3291 Omnis
481 3225 666 3311 ponderatio
696 3244 759 3289 non
790 3232 838 3287 est
864 3225 961 3306 digna

29 3330 71 3369 ΞΟ.

214 3326 408 3392 continentis
430 3324 554 3388 anime.

265 3429 368 3489 Vitam
386 3434 510 3501 praesta
527 3442 661 3501 puram,
679 3421 709 3483 id
730 3428 778 3483 est
797 3439 962 3484 conv-ersa

215 3524 336 3587 tionem
356 3524 420 3586 [leo
443 3528 653 3603 acceptumst
673 3519 812 3602 peccatis
833 3537 962 3600 praeser-

32 3641 90 3684 Pe
83 3640 198 3694 annoti
215 3624 275 3686 tim
295 3620 509 3685 mortalibus'
503 3638 689 3698 immunem,
707 3625 741 3679 ut
761 3618 793 3679 in
813 3617 902 3679 coelis
922 3618 963 3678 sit

29 3708 70 3746 .⁰.

1204 3184 1239 3233 Et
1256 3182 1350 3232 emitte
1366 3182 1477 3233 ooelitus

1204 3263 1290 3314 Lucis
1306 3265 1362 3313 ture
1379 3262 1499 3312 radium.

1017 3426 1120 3488 ltem:
1137 3423 1243 3487 Sancti
1264 3422 1400 3503 Spiritus
1419 3421 1502 3483 adsit
1526 3422 1618 3485 nobis
1641 3422 1762 3503 gratia3

1019 3524 1052 3586 in
1067 3523 1186 3605 hymno
1199 3539 1351 3601 quoque:
1369 3519 1460 3599 Veni,
1473 3519 1600 3582 Creator
1614 3519 1761 3600 Spiritus.

35 3766 75 3810 g„
78 3766 166 3807 pm,
168 3774 197 3810 ,,
216 3722 417 3788 conversatio
432 3728 550 3797 nostra,
567 3738 636 3801 quae
651 3736 776 3781 sursum
792 3724 865 3779 sunt
880 3735 963 3798 quar-
1057 3722 1220 3801 Praeterea,
1236 3721 1389 3801 hymnum
1410 3718 1505 3780 istum
1525 3720 1565 3779 de
1589 3719 1765 3781 sacratissi-

29 3833 83 3877 ¹·
70 3860 95 3871 ··
216 3822 316 3885 rendo
335 3839 372 3882 ac
393 3818 555 3900 sapiendo,
573 3836 637 3881 non
658 3816 796 3879 carnalia
817 3823 847 3877 et
868 3823 963 3877 terre
1018 3841 1070 3883 ma
1085 3839 1122 3883 ac
1137 3837 1326 3881 suavissima
1335 3818 1455 3898 Regma
1465 3836 1503 3879 ao
1514 3816 1647 3880 Domana
1657 3824 1764 3880 nostra

215 3921 583 3997 na,ieerparatutum,
600 3915 705 3991 idest,
722 3913 963 3995 disponenobis
1019 3938 1092 3982 cum
1116 3918 1295 3995 devotione,
1320 3915 1446 3978 lervore
1469 3923 1501 3977 et
1525 3914 1687 3977 alacritate
1711 3917 1765 3977 de

215 4035 365 4081 securum
380 4032 543 4078 accessum
558 4014 597 4075 ad
613 4013 728 4075 Filium
748 4020 849 4089 tuum,
867 4012 910 4074 ita
929 4021 963 4074 ut
1019 4035 1201 4099 promamus
1217 4023 1303 4078 tanto
1318 4014 1571 4095 majori,quanto
1586 4014 1656 4095 ipsa
1670 4014 1765 4077 unica

215 4116 322 4179 taliter
341 4130 566 4177 conversemur
585 4112 669 4193 quod
690 4110 759 4173 sine
784 4108 963 4171 resistentia
1019 4135 1055 4178 ac
1076 4113 1336 4195 incomparabilis
1355 4111 1489 4176 Domina
1507 4112 1621 4175 ceteris
1640 4112 1765 4175 Sanctis

215 4214 429 4298 perducamur
443 4211 482 4274 ad
497 4212 567 4291 ejus
583 4210 862 4292 prasentiammec
879 4228 963 4289 sepa·
979 4213 1004 4276 b
1019 4221 1067 4276 est
1088 4212 1257 4276 sublimior
1276 4212 1431 4292 nobisque
1450 4210 1628 4273 amabilior.
1645 4209 1765 4292 Nempe

216 4330 324 4375 remur
338 4309 378 4372 ab
394 4327 443 4388 eo,
460 4317 497 4369 ut
512 4310 779 4369 videnteslesum
795 4325 851 4388 per
866 4305 963 4368 beati·
1019 4331 1118 4394 quum
1152 4311 1401 4391 unumquodque
1434 4315 1556 4371 tantum
1585 4308 1699 4371 habeat
1725 4309 1765 4370 de

216 4410 315 4473 ticam
339 4407 509 4485 visionem,
535 4407 637 4487 quoad
662 4406 732 4486 ejus
754 4405 904 4468 deitatem
933 4411 965 4465 et
1020 4408 1215 4473 amabilitate
1235 4415 1388 4489 quantum
1410 4407 1450 4468 de
1474 4406 1625 4482 bonitate,
1642 4414 1674 4467 et
1698 4415 1766 4468 tan-

215 4509 321 4591 quoad
347 4515 492 4570 naturam
518 4512 724 4586 assumptam,
749 4504 852 4585 quoad
881 4504 965 4567 acci·
1021 4517 1088 4571 tum
1111 4507 1150 4569 de
1169 4505 1414 4569 honorabilitate
1428 4512 1581 4585 quantum
1601 4503 1640 4565 de
1659 4513 1766 4568 ancto-

216 4606 356 4671 dentalis
371 4604 492 4687 praemii
510 4603 746 4686 perceptionem
758 4602 962 4685 praecipuam,
1022 4607 1124 4683 ritate,
1162 4604 1316 4685 dignitate
1353 4621 1390 4664 ac
1428 4602 1604 4682 majestate,
1642 4610 1765 4664 tantum

21 4733 198 4798 peomne.
217 4714 314 4789 prout
336 4704 419 4767 istud
440 4722 536 4785 supra
556 4702 672 4764 elarius
693 4701 754 4765 luit
775 4702 963 4785 expositum,
1021 4722 1148 4785 quoque
1170 4704 1210 4765 de
1234 4701 1388 4764 suavitate
1410 4706 1564 4780 quantum
1588 4700 1628 4761 de
1651 4718 1767 4763 conve-

216 4822 344 4880 semper
367 4806 578 4871 collaetemur,
600 4799 630 4863 id
656 4808 714 4879 est,
740 4807 893 4881 perpetuo
917 4801 966 4881 ju·
1021 4800 1159 4877 nientia;
1177 4807 1299 4863 constat
1313 4798 1398 4879 qnod
1413 4805 1567 4877 quantum
1583 4797 1767 4861 beatissima

218 4902 398 4966 cundemnr
420 4898 452 4959 in
473 4898 543 4979 ipso
562 4905 594 4959 et
617 4916 690 4960 cum
710 4898 779 4979 ipso
800 4898 831 4959 in
853 4898 965 4979 patria,
1022 4900 1119 4981 Virgo
1134 4898 1201 4960 haec
1218 4897 1331 4960 ceteris
1347 4896 1470 4958 Sanctis
1490 4894 1649 4958 universis
1664 4896 1768 4978 perle-

216 5000 487 5083 qnemadmodum
503 4996 536 5058 in
551 4996 653 5079 prima
669 5015 724 5058 sua
739 4996 856 5059 ellatur
870 4998 968 5061 Cano
1023 4999 1115 5075 otior,
1133 4996 1282 5073 sanctior,
1298 4996 1401 5076 major
1414 5002 1446 5057 et
1460 4994 1587 5076 dignior
1605 5002 1664 5072 est,
1681 5002 1768 5057 tanto

39 5120 200 5172 arcanas,
218 5100 294 5163 nica
309 5096 531 5181 Apostolorum
548 5113 714 5177 supremus
732 5117 739 5155 ι
756 5094 789 5156 ln
810 5095 967 5157 Christum
1024 5096 1088 5159 illis
1117 5093 1297 5171 amabilior,
1327 5092 1545 5156 honorabilior
1577 5092 1769 5173 suaviorque

25 5196 51 5235 ⁹¹
218 5218 310 5265 nunc
331 5215 395 5261 non
421 5195 566 5259 videntes
590 5192 731 5271 creditis,
748 5193 891 5257 videntes
916 5215 970 5257 au·
1025 5193 1182 5258 consistit.
1200 5193 1232 5256 Si
1254 5210 1330 5274 ergo
1354 5199 1419 5255 tam
1438 5191 1643 5253 vehementer
1664 5190 1771 5271 diligi-

218 5308 287 5363 tem
303 5293 503 5360 exsultabitis
518 5290 626 5355 laetitia
642 5292 847 5355 inenarrabili
864 5300 895 5355 et
908 5293 972 5375 glo·
1026 5312 1097 5355 mus
1122 5291 1370 5356 illustrissimam
1393 5288 1606 5367 Catharinam,
1631 5288 1770 5370 regalem
