4309 6259
466 478 527 543 tsi
727 495 768 543 ns
788 494 945 544 rhammo
964 494 1003 542 nr
1023 492 1187 543 ntouulrs
1205 492 1323 551 suurn,
1346 492 1434 541 imm
1453 495 1475 541 1.
1495 513 1536 525 -
1555 495 1626 542 sar.
1649 496 1691 555 vr,
1713 496 1757 541 ru

314 686 453 739 senuas.
468 667 608 751 serpenti
629 674 810 731 contestans
833 690 840 727 ε
861 665 1046 729 Inimicitias
1067 664 1136 746 (ait)
1158 682 1213 747 po
1228 663 1253 726 l
1271 664 1477 727 calefactum
1493 672 1551 743 est,
1568 672 1600 728 et
1613 664 1768 729 habitavit
1785 664 1817 727 in
1836 664 1935 730 nobis.
1949 666 1995 729 lle-

468 786 543 829 nam
566 766 649 829 inter
670 774 700 829 te
723 774 755 828 et
776 766 963 843 mulierem3
985 766 1054 845 ipsa
1072 771 1215 828 conteret
1270 763 1365 845 nique
1387 762 1583 845 Unigenitus,
1599 763 1654 844 qui
1678 772 1727 827 est
1751 764 1784 826 in
1808 765 1879 827 sinu
1900 764 1992 844 Patris,
2003 786 2075 831 imru

335 888 410 932 ema.
425 902 455 938 m,
469 872 565 945 caput
581 872 683 927 tuum.
699 862 841 944 Denique
861 862 893 925 iu
914 861 993 925 rubo
1012 863 1142 925 ardente
1157 860 1215 924 Ce-
1270 862 1337 943 ipse
1352 862 1602 944 enarravitzEgo
1617 862 1687 942 (ait)
1701 870 1734 924 et
1746 863 1836 925 Pater
1849 882 1942 925 unum
1954 882 2052 928 suum
2064 892 2075 927 ι

322 950 455 1057 {iff‘i'l
469 963 642 1044 deonisque
674 962 792 1026 vellere
824 961 962 1042 figurata
989 959 1140 1023 crederis.
1170 958 1213 1021 De
1271 980 1363 1039 mus;
1383 969 1415 1023 et
1433 961 1538 1024 denuo
1556 984 1562 1021 :
1579 961 1690 1024 Omnia
1709 980 1779 1042 quae
1800 960 1894 1024 habet
1910 962 1991 1039 Pater,
2012 985 2078 1027 ram

386 1045 393 1058 ’
469 1069 511 1138 te,
541 1060 757 1123 sincerissima
783 1067 814 1121 te
843 1066 948 1121 mente
980 1056 1211 1137 contemplans,
1271 1078 1341 1122 mea
1356 1066 1439 1121 sunt.
1456 1060 1503 1121 Ad
1519 1060 1640 1122 Patrem
1655 1078 1781 1141 quoque
1796 1059 1925 1141 loquens
1938 1060 1994 1123 Vni·
2005 1050 2026 1087 ¹⁵·

470 1158 597 1222 divinus
617 1158 716 1220 David
735 1156 853 1219 cecinit
871 1176 945 1218 cum
964 1156 1068 1220 cordis
1087 1154 1212 1236 jubilo:
1270 1157 1394 1238 genitus
1412 1182 1418 1219 :
1436 1156 1546 1220 Omnia
1561 1158 1698 1237 (asserit)
1714 1177 1795 1239 mea,
1813 1167 2079 1236 tuasunt3etm1e.

321 1274 454 1325 eimau.
468 1257 549 1319 Audi
573 1256 758 1338 (inquiens),
780 1253 860 1333 filia,
883 1262 914 1316 et
939 1254 1021 1331 vide,
1043 1261 1074 1316 et
1098 1252 1215 1315 inclina
1269 1263 1335 1335 tua,
1352 1273 1423 1318 mea
1438 1262 1521 1317 suut.
1539 1256 1595 1317 llic
1616 1274 1724 1318 veram
1746 1275 1875 1318 carnem
1894 1276 1929 1319 ex
1942 1244 2024 1319 Vir-'⁰‘

353 1373 577 1418 uumaurem
600 1362 696 1416 tuam.
713 1353 752 1416 Et
771 1361 844 1435 post
863 1371 966 1435 pauca
982 1376 989 1413 :
1007 1351 1215 1433 Concupiscet
1269 1353 1342 1433 gine
1379 1352 1525 1437 sumpsit,
1556 1354 1823 1434 quemadmodum
1851 1355 1992 1436 discipulis

467 1453 605 1533 (asserit)
633 1471 688 1515 rex
718 1452 866 1514 decorem
898 1458 999 1513 tuum.
1029 1449 1155 1523 Quoties
1184 1456 1214 1511 te
1270 1449 1374 1512 fassus
1389 1451 1806 1532 est:Palpate(inquiens)et
1821 1451 1993 1533 videte,quo
2009 1469 2074 1511 unet

467 1551 614 1615 Salomon
630 1550 664 1611 in
679 1550 794 1613 amoris
808 1548 986 1628 Cantico,in
1002 1548 1111 1630 sponsi
1124 1566 1216 1627 spon·
1270 1548 1355 1610 niam
1370 1548 1499 1629 spiritus
1521 1568 1650 1612 samem
1672 1558 1704 1612 et
1723 1569 1796 1613 ossa
1821 1569 1884 1613 non
1904 1551 1990 1628 habel,
2002 1536 2024 1573 ³³·

467 1666 572 1729 sasque
594 1645 730 1728 dialogo,
747 1645 954 1727 descripsisse
974 1645 1136 1708 cerniturl
1152 1646 1214 1705 Αιι-
1270 1646 1353 1709 sicut
1380 1665 1431 1709 me
1455 1646 1570 1709 videtis
1598 1647 1726 1711 habere.
1754 1647 1878 1729 Alioqui
1901 1666 1991 1711 uerum

467 1764 531 1809 non
554 1746 594 1807 de
619 1753 650 1807 te
674 1744 860 1825 prophetico
885 1744 1063 1806 sciscitatus
1084 1751 1132 1806 est
1151 1742 1214 1824 spi·
1270 1744 1409 1806 nouerit
1428 1745 1512 1825 quod
1534 1745 1562 1807 ei
1584 1745 1800 1827 Archangelus
1821 1745 2048 1808 dixit:bcceuu.1
2062 1767 2079 1803 ι..

319 1856 454 1907 Pru-1111.
468 1844 541 1923 ritu,
567 1843 727 1905 Mulierem
752 1842 867 1906 fortem
892 1842 963 1922 quis
988 1841 1151 1904 invenietl
1175 1842 1253 1904 Ata
1271 1843 1430 1924 concipies
1446 1842 1478 1905 in
1495 1851 1593 1922 utero,
1607 1852 1639 1906 et
1653 1844 1757 1925 paries
1773 1843 1991 1907 filiumVemn

321 1920 452 2033 ¹23¹,st
466 1960 543 2005 vero
573 1959 664 2004 sacer
696 1941 791 2003 lsaias
821 1964 828 2002 :
858 1940 939 2003 Ecce
968 1939 1095 2021 (iuquit)
1124 1939 1213 2021 virgo
1269 1960 1343 2023 ergo
1361 1943 1459 2006 Deum
1480 1943 1549 2025 ipsa
1571 1963 1645 2007 vere
1667 1944 1828 2026 concepit,
1845 1944 1991 2007 humanam

467 2040 626 2121 concipiet
658 2047 690 2102 et
723 2040 825 2121 paliet
856 2037 971 2101 filium.
1006 2039 1044 2101 Et
1072 2038 1214 2101 beatissi-
1268 2040 1297 2103 ei
1312 2060 1452 2121 caruem,
1466 2040 1541 2104 licet
1555 2042 1703 2105 inusitata
1718 2042 1991 2123 supernaturalique

331 2149 451 2202 ier-11¹1.
465 2158 537 2201 mus
560 2137 711 2200 ieremias
742 2161 749 2199 ι
780 2136 903 2201 Novum
932 2137 1001 2217 (ait)
1030 2137 1127 2199 faciet
1154 2136 1213 2199 Do·
1268 2138 1419 2216 maneria,
1453 2139 1610 2202 veraciter
1642 2140 1848 2218 ministrans,
1875 2148 1904 2202 et
1934 2158 1992 2202 eum
2101 2132 2102 2143 ἢ

318 2213 353 2256 ²²·
465 2236 572 2297 miuus
596 2253 692 2316 super
710 2243 847 2312 terram;
871 2233 985 2296 mulier
1005 2233 1213 2296 circumdabit
1267 2254 1342 2299 vere
1362 2235 1496 2319 peperit,
1520 2237 1655 2301 similem
1676 2238 1737 2301 sibi
1759 2238 1792 2302 in
1816 2247 1933 2317 natura,
1952 2256 1993 2299 re

464 2334 581 2396 virum.
1267 2355 1338 2398 rum
1359 2335 1521 2399 hominem
1540 2335 1686 2417 gignens.

674 2640 920 2705 ARTICULUS
939 2640 998 2704 VI.
1462 2653 1710 2718 ARTICULUS
1735 2654 1810 2718 VII.

527 2819 619 2887 Quod
641 2817 759 2877 divina
782 2816 895 2877 Maria
920 2816 963 2875 Sil
987 2815 1060 2874 veri
1082 2818 1145 2876 Dei
1265 2828 1357 2895 Quod
1370 2830 1518 2888 eumdem
1532 2828 1658 2889 Filium
1674 2848 1770 2908 quem
1785 2832 1889 2892 Pater
1897 2828 1994 2907 genuit

728 2908 839 2967 Mater
852 2924 941 2965 vera·
1304 2918 1341 2976 in
1360 2919 1557 2987 salernitate,
1573 2918 1741 2978 benedicto
1754 2920 1869 2980 Morio
1883 2920 1994 2995 peperit
2103 2960 2104 2983 t

1222 3018 1245 3083 c
1304 3006 1508 3082 intempore.

529 3116 755 3181 ERIFICATUM
769 3134 898 3199 prorsus
913 3119 1059 3198 estquod
1079 3136 1207 3199 serpen-

542 3216 565 3277 ti
593 3216 633 3278 de
660 3214 827 3297 praelecta
854 3214 975 3278 femina
998 3215 1080 3278 Deus
1109 3216 1207 3279 disse-
1323 3216 1434 3280 ACRAE
1457 3216 1634 3298 divinaeque
1656 3216 1777 3300 Virgini
1803 3220 1931 3301 loquens
1949 3220 1994 3281 hr-

314 3329 446 3383 amnus.
460 3315 525 3377 ruit
559 3337 566 3375 ε
595 3315 815 3376 lusidiaberis
848 3313 1024 3394 (inquiens)
1058 3318 1207 3375 calcaneo
1337 3315 1510 3397 changelus
1528 3318 1703 3393 :Spiritus
1722 3318 2076 3399 Sanctusfinquitltetu

459 3415 540 3491 ejus.
563 3412 628 3475 Hoc
652 3428 767 3491 nempe
791 3429 848 3492 per
871 3410 1037 3475 haereticos
1060 3412 1207 3474 incredu·
1262 3416 1467 3492 superveniet
1499 3416 1537 3473 iu
1571 3423 1612 3485 te,
1641 3423 1671 3473 et
1705 3416 1816 3476 uirtus
1849 3418 1996 3479 ditissimi
2104 3408 2105 3411 ’

460 3510 571 3591 losque
594 3508 836 3591 infatigabiliter
857 3509 931 3591 egit.
958 3510 1019 3571 Alii
1048 3530 1118 3573 eam
1144 3510 1207 3572 vir·
1262 3513 1466 3573 obumbrabit
1488 3513 1551 3572 tibi
1559 3532 1573 3581 ,·
1591 3513 1726 3592 ideoque
1746 3522 1777 3573 et
1800 3516 1887 3593 quod
1905 3533 1995 3573 uome-

458 3610 566 3691 ginem
590 3627 660 3672 esse
681 3607 773 3670 fateri
796 3607 978 3687 noluerunt,
1000 3615 1034 3669 ut
1054 3608 1154 3672 Ebion
1176 3617 1207 3671 et
1263 3621 1320 3671 tur
1338 3631 1380 3670 em
1402 3620 1432 3671 te
1452 3618 1613 3680 sanctum,
1629 3612 1801 3672 vocabitur
1816 3614 1923 3674 Filius
1934 3613 1994 3674 Dei.

457 3706 631 3769 Helvidius.
654 3706 714 3768 Alii
736 3723 852 3788 purum
874 3705 1037 3769 hominem
1058 3706 1206 3787 genuisse
1262 3709 1356 3771 Porro
1385 3707 1538 3789 quidquid
1567 3706 1608 3769 ab
1637 3708 1736 3771 altero
1761 3727 1838 3771 vere
1862 3708 1994 3792 gignitur,

456 3811 670 3884 asseruerunt,
691 3811 726 3865 ut
749 3802 842 3865 Arius
868 3810 900 3865 et
924 3803 1123 3882 Eunomius;
1152 3804 1206 3866 alii
1262 3812 1406 3867 naturam
1436 3822 1561 3885 quoque
1590 3823 1698 3867 veram
1727 3806 1768 3867 ab
1792 3805 1850 3869 illo
1874 3808 1994 3880 sortitur,

457 3902 556 3964 Deum
571 3901 699 3982 quidem
718 3919 801 3978 esse,
818 3900 873 3963 sed
893 3918 958 3963 uon
980 3919 1092 3963 verum
1107 3901 1206 3964 Deum
1262 3910 1356 3984 atque
1371 3902 1404 3965 in
1426 3900 1632 3965 similitudine
1653 3910 1772 3966 naturas
1796 3904 1837 3967 ab
1858 3904 1924 3986 ipso
1938 3921 1996 3985 pm

457 4017 528 4061 eam
551 4016 720 4080 generasse
744 3998 904 4076 dixerunt,
924 4006 961 4059 ut
985 3997 1151 4061 Corinthus
1175 4008 1207 4062 et
1261 3998 1427 4062 ficiscitur.
1464 3999 1547 4062 Duas
1582 3999 1679 4082 igitur
1712 4002 1942 4082 generationes,
1971 4007 1997 4061 et

457 4097 618 4160 Photinus.
640 4097 727 4159 Alter
745 4115 810 4160 non
830 4096 991 4159 hominem
1011 4114 1134 4176 verum,
1151 4099 1206 4161 sed
1263 4096 1338 4159 item
1359 4105 1487 4160 naturas
1505 4098 1594 4175 duas,
1611 4096 1800 4161 filiationem
1821 4116 1995 4162 verounum

457 4194 703 4277 phantasticum,
721 4193 889 4276 protulisse
911 4193 1156 4276 blasphemavit,
1173 4205 1208 4259 ut
1222 4201 1246 4261 l)
1262 4194 1385 4258 Christo
1409 4195 1515 4258 inesse
1539 4213 1671 4258 necesse
1699 4204 1758 4259 est.
1784 4196 1994 4259 Verumtamen

458 4292 666 4371 Manichaeus3
692 4310 787 4374 porro
810 4292 891 4355 alter
914 4292 1072 4355 Christum
1099 4294 1144 4356 nil
1169 4314 1207 4357 ex
1261 4293 1294 4353 iu
1321 4291 1525 4373 generatione
1554 4300 1707 4373 materna,
1737 4312 1796 4355 nec
1827 4311 1909 4358 nova
1935 4310 1995 4374 sup

458 4408 497 4453 es
519 4390 704 4471 sumpsisse,
726 4390 782 4453 sed
806 4409 865 4472 per
887 4409 957 4453 eam
979 4398 1130 4471 tanquam
1151 4406 1208 4470 per
1261 4389 1482 4472 positabilitas,
1503 4409 1563 4453 nec
1585 4408 1697 4453 recens
1718 4391 1931 4468 subsistentia,
1951 4408 1995 4451 ne

457 4488 678 4569 aqueductum
693 4489 854 4550 dumtaxat
869 4486 1019 4550 transisse
1039 4486 1205 4567 confinxit,
1260 4507 1322 4569 que
1347 4489 1478 4551 mutatio
1503 4486 1622 4569 aliqua,
1648 4488 1703 4551 [lei
1724 4488 1829 4553 Verbo
1849 4488 1993 4554 advenit:

457 4593 493 4648 ut
514 4584 709 4647 Valentinus.
1260 4586 1378 4667 quippe
1393 4587 1477 4667 quod
1493 4606 1531 4648 cx
1546 4594 1677 4668 paterna
1692 4596 1799 4650 mente
1820 4586 1996 4651 eternaliter

497 4682 535 4743 Et
561 4683 637 4763 quid
665 4700 746 4764 opus
777 4689 826 4744 est
860 4690 1047 4745 cunctorum
1076 4681 1205 4745 insidias
1260 4683 1623 4765 incommutabiliterque
1643 4704 1737 4747 verus
1752 4685 1837 4747 Deus
1857 4684 1996 4767 perfecta-

455 4780 732 4862 blasphemiasque
757 4800 897 4860 narrare,
918 4799 1017 4861 quum
1041 4781 1081 4843 de
1105 4780 1205 4863 ipsius
1259 4801 1322 4863 que
1337 4781 1514 4864 hypostasis
1529 4781 1692 4862 profluxit.
1709 4782 1769 4845 Sed
1790 4784 1832 4845 ad
1852 4802 1919 4846 esse
1936 4800 1996 4864 per

309 4892 442 4949 tlemus,
456 4878 536 4941 Filio
566 4876 628 4941 fari
656 4896 747 4941 orsus
775 4879 922 4957 ioannes,
949 4879 987 4941 Ut
1015 4878 1114 4941 simus
1143 4879 1205 4958 (in-
1259 4880 1523 4959 sonalitatemque
1552 4879 1646 4943 Verbi
1675 4888 1723 4943 est
1756 4888 1919 4962 assumpta
1948 4880 1996 4941 hu-

308 4957 343 5001 ²⁰·
455 4976 536 5057 quit)
565 4975 600 5037 in
627 4994 703 5039 vero
731 4975 810 5038 Filio
837 4976 918 5056 ejus,
949 4976 1000 5039 hic
1029 4983 1078 5039 est
1109 4994 1203 5038 verus
1259 4978 1406 5057 manitas,
1435 4986 1471 5039 ut
1503 4977 1566 5040 sint
1600 4978 1633 5040 in
1667 4997 1732 5039 una
1766 4997 1904 5061 persona
1936 4977 1996 5039 due

455 5075 549 5153 Deus,
575 5082 607 5136 et
630 5074 697 5136 vita
719 5077 858 5136 aetemal
883 5075 1067 5155 illususque
1091 5076 1201 5138 eodem
1258 5084 1388 5154 naturae,
1410 5075 1540 5138 retentis
1563 5076 1887 5159 permanentibusque
1906 5072 1996 5137 nihilo

305 5187 440 5243 emata.
454 5174 617 5251 edocente,
645 5172 795 5250 Verbum,
821 5191 880 5254 per
906 5173 991 5254 quod
1016 5172 1101 5236 facta
1129 5182 1203 5235 sunt
1258 5173 1364 5237 minus
1379 5174 1544 5255 utriusque
1559 5172 1690 5237 veritate
1705 5174 1869 5237 essentiali
1889 5181 1921 5237 et
1934 5188 1996 5255 pro

308 5254 342 5296 ¹⁴·
453 5270 571 5351 omnia,
584 5278 616 5333 et
629 5270 699 5333 sine
714 5288 778 5351 quo
792 5270 839 5331 nil
854 5270 975 5334 lactum
989 5278 1048 5349 est,
1061 5271 1200 5335 Verbum
1257 5271 1391 5354 prietate
1414 5272 1560 5335 naturali.
