4309 6259
829 484 985 533 xxrosrno
1005 484 1105 533 nruru
1126 487 1134 531 z
1156 484 1273 534 namon
1292 484 1417 551 norma,
1438 481 1542 533 vrnax
1561 484 1638 534 nnus

888 888 971 983 Ab
1021 890 1272 985 SEXTAM
1312 890 1576 987 HYMNUS

572 1244 603 1305 l.
620 1242 741 1307 Rector
755 1244 884 1324 potens,
901 1260 1000 1307 verax
1014 1244 1118 1324 Deus,
1350 1244 1470 1308 Confer
1483 1245 1625 1309 salutem
1640 1262 1827 1327 corporum,

550 1340 615 1415 Qui
633 1342 797 1423 temperas
814 1358 925 1405 rerum
944 1342 1043 1419 vices,
1228 1342 1235 1353 '
1350 1342 1538 1423 Veramque
1552 1359 1667 1425 pacem
1682 1344 1844 1407 cordium.

550 1439 729 1520 Splendore
751 1456 848 1502 mane
868 1440 1016 1519 instruis

549 1538 591 1601 Et
606 1536 739 1619 ignibus
754 1538 938 1601 meridiem.
1371 1540 1403 1603 3.
1419 1539 1555 1618 Praesta,
1573 1540 1671 1603 Pater
1684 1539 1847 1623 piissime,

1349 1638 1506 1718 Patrique
1527 1655 1661 1719 compar
1675 1638 1790 1718 Unice,

571 1734 603 1798 2.
622 1734 803 1815 Exstingue
817 1734 970 1798 flammas
984 1734 1108 1813 litium,
1350 1736 1434 1799 Cum
1456 1737 1583 1818 Spiritu
1603 1736 1773 1801 Paracleto

547 1832 651 1897 Auser
665 1833 807 1897 calorem
821 1834 969 1897 noctium
983 1854 991 1915 ;
1348 1833 1504 1914 Regnans
1518 1850 1577 1915 per
1591 1850 1689 1897 omne
1701 1832 1873 1897 saeculum.
1889 1833 1998 1898 Arnen.

962 2142 1272 2229 EXPOSITIO
1312 2143 1503 2229 HYMNI

459 2524 657 2587 ordinatione
672 2543 709 2587 ac
724 2524 929 2605 dispositione
944 2532 1206 2606 temporum,ora-
1417 2508 1534 2559 Noctem
1549 2508 1676 2573 diemque
1692 2509 1739 2574 ‘¹¹¹¹
1754 2509 1839 2573 ‘⁰8¹⁸-

460 2630 573 2705 turque
587 2623 669 2686 Deus
684 2631 718 2685 ut
733 2623 861 2687 ardores
877 2623 1205 2704 concupiscentiarum
1301 2628 1483 2700 Splendcre
1502 2645 1598 2685 mane
1621 2627 1773 2696 instruis,
1790 2626 1822 2687 id
1841 2633 1900 2703 est,
1917 2644 2000 2689 auro

459 2741 478 2784 a
502 2721 595 2784 nobis
619 2721 718 2800 tollat,
741 2722 866 2803 corpori
891 2720 1067 2801 sanitatem,
1093 2722 1206 2784 animae
1262 2741 1329 2783 raur
1349 2722 1501 2785 inlormas
1521 2730 1552 2785 et
1575 2740 1670 2785 ornas
1695 2723 1833 2787 candore
1857 2742 1895 2787 ae
1919 2724 2000 2786 radio

461 2820 719 2901 tranquillitatem
736 2820 861 2882 tribuat.
1262 2817 1350 2897 solis,
1366 2820 1572 2901 intelligendo
1587 2839 1676 2901 per«
1697 2840 1790 2884 mane
1811 2843 1840 2900 a,
1856 2821 1940 2903 quod
1958 2828 2001 2883 est

499 2917 616 2980 Auctor
643 2917 837 2982 Ambrosius.
868 2917 1000 2981 Carmen
1033 2915 1205 2981 iambicum
1262 2935 1334 2998 pars
1350 2916 1705 2998 temporis,temporalia
1719 2918 1921 3000 quassantia
1936 2917 2000 2998 ipso

460 3014 641 3078 dimetrum.
1260 3013 1412 3095 diluculo,
1429 3022 1464 3076 ut
1484 3014 1641 3077 elementa
1661 3024 1693 3078 et
1714 3015 1820 3093 mixta,
1839 3033 1909 3096 quar
1930 3024 1999 3077 tune

1261 3113 1336 3178 solis
1348 3112 1467 3174 lumine
1478 3111 1766 3193 perfunduntur3et
1775 3115 1904 3190 iquidus
1915 3114 2001 3173 meri-

376 3198 389 3254 ¹
531 3213 671 3274 ECTOR
690 3221 816 3288 potens,
841 3232 944 3272 cerae
970 3216 1066 3274 Deus.
1093 3212 1203 3289 Deum,
1261 3214 1427 3285 diem,hoc
1441 3221 1499 3292 est,
1512 3221 1652 3294 ternpore
1667 3213 1843 3276 meridiano
1856 3213 1959 3277 allicis
1972 3220 2002 3275 et

549 3308 691 3371 omnium
732 3318 905 3373 creatorem
943 3310 1203 3391 omnipotentem,
1262 3311 1429 3393 qualificas
1447 3311 1605 3375 elementa
1624 3312 1790 3375 ardoribus
1810 3311 1896 3375 solis.
1918 3312 2000 3374 'l'une

460 3424 530 3469 esse
546 3425 656 3471 eorum
672 3425 741 3488 quae
763 3408 903 3471 condidit
923 3415 1083 3490 potentem
1106 3416 1206 3471 recto
1262 3410 1348 3474 eninr
1374 3410 1440 3474 sole
1464 3410 1632 3472 exsistente
1658 3409 1691 3471 in
1715 3410 1791 3488 allo,
1813 3408 1851 3471 irt
1877 3409 2001 3472 reflexio

461 3524 540 3584 rern,
568 3505 601 3567 in
629 3506 763 3569 aliorum
792 3506 985 3587 expositione
1015 3506 1204 3588 hymnorum
1262 3509 1420 3571 radiorum
1450 3508 1519 3589 ejus
1555 3528 1592 3570 ex
1627 3508 1808 3589 objectione
1837 3525 2001 3589 corporum

321 3618 446 3695 aroana
462 3603 561 3685 patuit
583 3602 648 3684 jam
674 3603 858 3685 frequenter
884 3627 890 3665 :
918 3605 970 3685 qui
995 3612 1043 3666 est
1068 3628 1085 3663 a
1111 3622 1205 3666 verax
1220 3604 1244 3667 B
1262 3606 1372 3669 talium
1391 3630 1397 3667 :
1415 3625 1452 3668 ex
1471 3623 1534 3687 qua
1554 3605 1725 3669 reflexione
1747 3606 1834 3669 calor
1847 3614 2001 3681 causatur,
2111 3623 2112 3628 ¹

311 3683 446 3729 ‘'mm“
460 3702 542 3765 Deus
559 3724 587 3779 a,
604 3703 754 3783 quonlam
769 3702 836 3785 ipse
852 3704 937 3766 solus
953 3711 1000 3765 est
1014 3703 1097 3765 Deus
1112 3720 1205 3765 verus
1262 3705 1435 3785 praesertim
1470 3705 1546 3766 dum
1581 3704 1712 3767 reilexio
1740 3704 1841 3786 magis
1874 3704 1991 3767 directe

460 3801 591 3863 veritate
606 3808 737 3879 naturae,
754 3801 809 3882 qui
830 3800 916 3863 solus
934 3808 983 3863 est
1002 3820 1059 3863 ens
1080 3799 1205 3881 penitus
1262 3802 1625 3885 perpendiculariterque
1647 3810 1804 3865 causatur.
2111 3853 2112 3868 t

459 3898 690 3979 independens,
720 3898 863 3962 absolute
897 3898 1084 3979 perlectum,
1116 3905 1205 3960 aetus
1300 3903 1486 3978 Ecstinpue
1498 3903 1649 3976 flammas
1668 3903 1793 3971 titium,
1808 3898 1839 3962 id
1861 3906 1911 3963 est
1929 3898 2005 3981 igni·
2056 3915 2069 3967 a
2111 3915 2112 3970 ff

460 4015 558 4077 purus
574 4004 605 4058 et
620 4016 689 4059 esse
704 3995 908 4077 purissimum
924 3995 955 4056 in
972 4014 1005 4058 se
1018 3996 1203 4075 subsistens,
1261 4007 1310 4062 tos
1334 4007 1439 4062 motus
1463 3999 1658 4080 passionum,
1674 4006 1707 4061 et
1731 4016 1845 4079 pravos
1869 3998 1935 4077 irae,
1950 3997 2005 4059 im·

460 4094 500 4156 ab
533 4094 681 4157 omnibus
712 4092 837 4155 infinite
866 4092 1051 4156 excellentia
1081 4112 1206 4175 separa·
1261 4096 1429 4179 patientiae,
1458 4096 1637 4177 cupiditatis
1665 4095 1800 4174 furores,
1825 4114 1864 4157 ex
1893 4094 2004 4176 quibus
2111 4085 2112 4130 Ὗ

460 4198 549 4268 tum;
566 4190 621 4272 qui
643 4191 738 4253 etiam
754 4212 771 4250 u
788 4209 881 4253 verax
897 4214 914 4251 a
930 4192 1023 4255 estin
1038 4192 1154 4271 verbis,
1171 4193 1205 4254 in
1262 4196 1343 4274 lites,
1360 4195 1578 4258 contentiones
1599 4213 1636 4256 ac
1656 4193 1834 4257 consimilia
1854 4193 1931 4256 vitia
1949 4192 2006 4255 ori-
2111 4185 2112 4190 ’

461 4288 637 4370 promissis
653 4290 685 4351 in
702 4289 824 4352 eunctis
839 4290 904 4352 suis
918 4289 1055 4373 judiciis,
1073 4290 1157 4354 sieut
1174 4300 1206 4354 et
1262 4302 1368 4356 untur.
1395 4293 1508 4356 Anima
1532 4311 1670 4374 namque
1694 4292 1845 4355 iracunda
1868 4290 2007 4354 incendit
2039 4310 2091 4357 raa.
2111 4297 2112 4300 ’

311 4394 447 4448 loannem.
461 4386 556 4449 Filius
571 4387 647 4449 dicit
661 4389 700 4450 ad
715 4387 836 4450 Patrem
854 4411 860 4449 :
878 4388 987 4453 Sermo
1003 4397 1074 4452 tuus
1090 4390 1206 4452 venas
1262 4392 1360 4453 litem.
1383 4390 1517 4454 Jacobus
1536 4408 1663 4471 quoque
1682 4390 1725 4452 uit
1741 4413 1748 4450 :
1766 4389 1854 4452 Unde
1873 4388 1959 4451 bella
1977 4374 2110 4483 etffijlss',

314 4460 446 4573 qim,
461 4493 530 4563 est3
551 4493 584 4549 et
607 4485 769 4548 Psalmista
791 4509 798 4547 :
820 4485 1010 4569 Principium
1036 4488 1205 4552 verborum
1261 4490 1332 4551 lites
1356 4489 1390 4551 in
1414 4488 1524 4553 vobisl
1550 4507 1656 4553 nonne
1680 4508 1719 4551 ex
1743 4487 2007 4568 concupiscentiis
2111 4479 2112 4484 ’

314 4586 370 4689 ῖθΐῒὸ
386 4660 407 4689 m
425 4650 437 4691 ἲ
462 4590 588 4647 tuorum
611 4584 736 4647 veritas.
758 4585 859 4666 Atque
885 4586 997 4650 Tobios
1015 4587 1058 4648 ait
1075 4610 1082 4647 :
1100 4588 1206 4649 Justus
1262 4587 1391 4650 vestrisi
1403 4586 1482 4650 Nem
1497 4588 1542 4649 ira
1556 4586 1760 4649 materialiter
1772 4584 1926 4648 delinitur
1940 4604 2007 4648 esse

372 4678 377 4689 '
409 4678 507 4762 ''es,
533 4682 675 4762 Domine,
702 4691 734 4746 et
757 4683 864 4747 omnia
892 4684 1011 4764 judicia
1040 4693 1094 4747 tua
1121 4685 1206 4765 justa
1262 4684 1407 4748 accensio
1423 4685 1585 4767 sanguinis
1600 4684 1685 4748 circa
1700 4683 1866 4748 combine
1882 4684 1930 4746 ira
1945 4702 2006 4747 non
2020 4707 2113 4749 omna

461 4790 546 4861 sunt,
572 4789 604 4844 et
627 4799 739 4845 omnes
763 4781 821 4845 vias
846 4790 907 4845 tuae
929 4781 1146 4846 misericordie
1175 4776 1243 4844 etC
1262 4783 1359 4845 habet
1371 4782 1631 4863 misericordiam,
1647 4801 1707 4845 nec
1721 4800 1892 4863 erumpens
1907 4781 2005 4860 luror,
2020 4774 2037 4812 ⁸·

460 4880 587 4943 veritas.
615 4882 680 4949 Qui
704 4890 862 4957 temperas
888 4900 1001 4941 rerum
1026 4882 1122 4951 vices,
1146 4880 1206 4944 hoe
1261 4888 1293 4943 et
1316 4880 1469 4963 impetum
1494 4880 1622 4961 spiritus
1650 4877 1798 4943 concitati
1826 4878 1910 4942 ierre
1941 4880 2008 4961 quis
2111 4909 2112 4916 κ

458 4986 518 5058 est,
535 4976 719 5056 moderaris,
736 4978 877 5060 disponis
892 4983 924 5040 et
938 4977 1064 5041 ordinas
1087 4986 1207 5060 tempo-
1262 4978 1396 5059 poteritl

460 5076 573 5139 ralium
597 5095 703 5139 rerum
729 5094 765 5139 ao
785 5082 963 5156 temporum
984 5093 1151 5158 processus
1175 5084 1207 5139 et
1300 5078 1411 5153 Auser
1429 5081 1567 5137 calore-m
1593 5078 1750 5145 noctium,
1765 5075 1797 5137 id
1821 5082 1869 5137 est
1894 5094 2010 5140 coneu-
2111 5103 2112 5126 r

461 5174 689 5252 successiones,
702 5182 845 5254 tempora
859 5181 891 5236 et
905 5180 1022 5252 etates,
1033 5181 1067 5235 ut
1081 5174 1207 5256 plenius
1262 5173 1488 5255 piscantiarum
1503 5175 1645 5239 fervores
1660 5182 1692 5237 et
1705 5180 1806 5252 ectus,
1823 5172 1940 5254 quibus
1955 5192 2009 5237 no·
2111 5175 2112 5258 ᾗ

310 5282 444 5338 retica·-
461 5272 521 5337 tuit
534 5272 713 5356 expositum
729 5290 825 5354 super
839 5270 918 5333 illud
936 5294 942 5333 :
1262 5281 1375 5338 cturno
1390 5280 1531 5357 tempore
1551 5274 1651 5357 magis
1671 5279 1810 5337 vacatur.
1829 5274 1951 5350 Confer
1964 5293 2010 5334 sc-
2111 5277 2112 5344 l

500 2426 533 2489 lu
549 2444 588 2489 eo
602 2425 708 2489 divina
724 2426 868 2489 laudatur
888 2425 1026 2507 potentia
1041 2445 1060 2488 e
1074 2426 1247 2508 provided
1416 2427 1531 2478 AEterne
1548 2441 1641 2479 rerum
1658 2428 1800 2489 conditor,

2111 3643 2112 3682 l

2111 3699 2112 3758 l
