4309 6259
538 490 696 541 arrosrrro
716 491 815 539 nrum
838 492 846 537 :
870 490 1026 541 sennunoa
1046 492 1195 540 ramma
1216 493 1332 543 onoma
1655 477 1713 545 lll

173 663 433 745 quemadmodum
463 662 513 727 via
541 664 677 729 exterior
704 663 825 729 lubrica
848 662 911 727 lre-
926 662 952 727 Α
968 666 1081 729 ardore
1097 664 1252 730 lormetur
1269 672 1302 729 et
1322 666 1525 744 accendatur,
1541 686 1579 730 ac
1594 666 1716 732 lor‘dter

172 769 300 843 quanter
313 761 444 825 inclinat
458 762 498 827 ad
513 781 633 843 casum,
650 770 682 826 et
696 762 772 827 lacit
786 770 908 841 nubre,
967 772 1117 846 operetur
1144 788 1151 827 ε
1177 765 1295 829 etenim
1319 764 1401 829 lides
1424 764 1493 829 sine
1517 766 1646 831 caritate
1669 767 1716 829 in-

172 879 207 924 ae
230 859 407 941 expeditum
430 860 561 942 impedit
581 880 737 943 gressum.
763 861 848 925 Unde
872 862 911 923 de
967 862 1077 925 lormis
1093 871 1191 943 est,et
1204 883 1276 945 quae
1289 882 1354 928 non
1365 864 1461 927 babet
1475 882 1584 946 opera,
1592 873 1715 930 mortua
1727 890 1861 943 smper,

48 982 159 1029 amaa
172 958 271 1040 impiis
285 958 387 1021 lemur
405 958 438 1020 in
461 958 607 1023 Psalmo:
626 958 692 1021 Fiat
714 959 763 1022 via
784 957 911 1022 illerum
967 968 1016 1023 θεῖ
1031 961 1063 1023 in
1085 980 1119 1025 se
1134 961 1213 1042 ipsa.
1229 962 1363 1043 Insuper
1383 960 1464 1024 lidos
1484 962 1569 1026 dono
1591 962 1715 1044 sapien-

173 1058 305 1121 tenebrae
319 1064 351 1121 et
366 1057 533 1121 lubricum.
967 1056 1016 1121 tiae
1031 1059 1203 1122 adornatur
1215 1067 1249 1122 et
1262 1059 1432 1141 adjuvatur
1445 1060 1486 1121 ad
1496 1058 1716 1141 contemplan-

97 1158 113 1213 l
208 1158 380 1233 Informet,
394 1155 427 1218 id
442 1164 501 1235 θεῖ,
518 1155 642 1220 lortiter
662 1157 779 1220 lorrnet
793 1165 825 1219 ct
840 1175 913 1219 cau·
967 1156 1042 1219 dum
1058 1156 1176 1221 diviua.
1193 1157 1240 1219 Sit
1259 1176 1335 1240 ergo
1355 1157 1387 1219 in
1409 1158 1501 1221 nobis
1515 1156 1597 1220 lides
1616 1157 1712 1239 clara,

172 1262 216 1316 set
229 1252 259 1314 in
275 1251 376 1331 nobis,
389 1262 480 1313 octus
494 1265 654 1324 strenuos,
663 1253 694 1316 id
710 1260 758 1317 θεῖ
772 1253 912 1317 actiones
967 1252 1090 1317 fervida
1104 1264 1136 1317 ct
1150 1256 1338 1337 operatoria,
1345 1274 1416 1336 quas
1430 1256 1469 1317 ad
1485 1274 1579 1319 omne
1594 1256 1713 1319 bonum

50 1350 317 1425 Pttttpp.1r.virlulum
339 1350 480 1429 idoneas,
501 1350 609 1429 lortes,
627 1350 812 1435 condignas.
829 1352 912 1415 Deus
967 1370 1026 1416 nos
1055 1352 1164 1415 incitet
1187 1360 1219 1415 θῖ
1242 1352 1428 1417 confortet:
1455 1372 1529 1416 narn
1553 1361 1584 1418 et
1608 1353 1714 1417 Sancti
1728 1374 1862 1426 escenso.

50 1436 74 1475 '³‘
171 1468 302 1531 namque
317 1456 365 1512 est
386 1450 440 1530 qui
454 1450 648 1532 operaturin
670 1450 762 1515 nobis
781 1450 863 1513 velle
880 1458 913 1513 θῖ
967 1468 1025 1531 per
1053 1450 1151 1515 lidem
1181 1449 1326 1515 vicerunt
1358 1470 1477 1535 regna3
1507 1460 1539 1514 et
1570 1452 1638 1515 haec
1667 1460 1716 1515 est
1735 1471 1862 1521 ramat,

170 1546 331 1629 perlicere,
355 1547 444 1629 juxta
467 1548 663 1628 Apostolum.
690 1548 745 1611 Cui
775 1547 914 1628 loquitur
969 1548 1185 1630 victoriaque
1200 1550 1298 1613 vincit
1314 1549 1480 1630 mundum,
1497 1550 1580 1614 lides
1595 1558 1712 1615 nostra.
1728 1538 1749 1579 ⁴·

47 1662 156 1713 unuin.
169 1644 258 1709 isaias
283 1668 289 1705 ε
316 1643 427 1707 Omnia
451 1662 548 1727 opera
572 1654 680 1709 nostra
705 1653 853 1727 operatus
878 1664 913 1707 es
967 1646 1038 1728 lpsa
1052 1656 1101 1709 est
1114 1648 1218 1711 omnis
1229 1648 1304 1711 boni
1315 1648 1557 1711 tundamentum
1568 1657 1600 1711 et
1615 1648 1712 1726 radix,

169 1742 263 1807 nobs.
284 1742 376 1821 Item,
398 1764 415 1803 u
441 1742 591 1807 informet
615 1766 644 1825 a,
666 1743 696 1807 id
721 1750 780 1822 est,
801 1744 913 1807 doceat
968 1764 1004 1809 ac
1027 1744 1091 1809 vita
1109 1746 1197 1827 justi.
1218 1748 1365 1808 Fraudis
1386 1766 1508 1807 venene
1529 1749 1664 1817 nesciat,
1683 1746 1716 1811 id
1730 1769 1855 1819 amalr

168 1859 222 1904 nos
252 1858 412 1920 exercere,
442 1864 459 1901 a
489 1848 579 1905 actus
609 1850 755 1905 strenuos
786 1864 815 1921 a,
847 1858 911 1903 non
931 1840 1028 1921 Best,
1048 1843 1203 1907 diabolica
1223 1851 1429 1922 tentamenta,
1451 1844 1646 1926 perfidorum
1668 1864 1716 1908 er-

47 1958 155 2009 arcemn,
169 1939 314 2004 remissos
331 1962 338 2001 ε
355 1940 440 2021 quia,
462 1948 497 2002 ut
518 1940 665 2003 Salomon
688 1940 837 2022 loquitur,
858 1940 913 2020 qui
969 1959 1067 2021 rores,
1092 1943 1313 2023 persuasiones
1334 1942 1500 2024 pestiferas
1521 1951 1553 2005 θῖ
1573 1943 1716 2006 omnium

47 2022 63 2061 ⁹·
168 2037 335 2101 dissolutus
359 2046 391 2101 et
415 2037 565 2102 remissus
589 2038 693 2101 estin
718 2056 813 2120 opere
843 2055 912 2115 auo,
969 2040 1189 2103 baereticorum
1224 2040 1444 2123 deceptionem
1473 2040 1651 2119 abhorreat,
1682 2050 1718 2104 ut

169 2136 261 2199 lrater
275 2144 327 2199 θεῖ
341 2154 399 2199 sua
419 2155 515 2219 opera
536 2136 728 2219 dissipantis.
745 2136 824 2199 llino
846 2144 914 2201 orat
970 2156 1097 2220 semper
1110 2138 1272 2217 inviolata,
1288 2157 1369 2221 pura
1383 2146 1415 2201 θῖ
1429 2137 1519 2202 lortis
1533 2139 1689 2220 persistat.

58 2232 331 2305 e.au1‚l’salmista
358 2256 364 2297 :
392 2232 474 2297 Doce
504 2252 554 2297 me
584 2235 690 2299 lacere
719 2234 914 2297 voluntatem
1011 2238 1224 2316 Christueque
1255 2239 1347 2297 nobie
1375 2238 1419 2297 sit
1448 2238 1551 2307 cibus,
1580 2238 1642 2301 boc
1669 2246 1718 2300 est
1783 2247 1802 2302 e

48 2316 73 2356 ¹⁰·
169 2340 258 2395 tuam.
286 2336 426 2396 Dantem
456 2336 613 2393 retundat
643 2334 765 2403 invidi,
794 2332 825 2395 id
854 2340 912 2409 θεῖ,
971 2333 1102 2397 relectio
1116 2342 1148 2397 θῖ
1166 2333 1355 2398 confortatio
1373 2334 1486 2398 animae
1505 2343 1631 2399 nostra.
1647 2335 1718 2418 lpse

167 2450 307 2495 morsum
324 2440 357 2494 et
370 2430 592 2495 lacerationem
608 2450 645 2495 ao
661 2431 821 2494 lesionem
835 2429 916 2493 invi·
971 2432 1056 2495 enim
1071 2439 1119 2495 est
1139 2434 1228 2514 panis
1247 2432 1319 2495 vitae
1337 2441 1370 2495 θῖ
1388 2432 1577 2510 intellectus,
1594 2432 1718 2515 sapien·
1731 2452 1864 2502 neema.

166 2529 240 2593 diesi
258 2528 391 2607 diaboli,
409 2546 466 2591 seu
487 2529 581 2592 etiam
597 2528 733 2593 bominis
755 2528 915 2593 rancorosi
971 2530 1013 2593 tia
1037 2550 1163 2593 summa
1185 2538 1325 2593 mentem
1355 2531 1503 2595 reliciens
1532 2538 1564 2595 et
1592 2530 1719 2597 oculor-

167 2636 195 2690 et
209 2627 422 2709 obloquentis,
436 2626 585 2708 reprimat
600 2634 632 2691 et
646 2626 836 2710 confringat,
856 2626 916 2689 sio·
970 2637 1052 2707 tans,
1069 2628 1123 2710 qui
1143 2635 1176 2691 et
1194 2637 1396 2692 sacrosancto
1414 2648 1546 2711 corpore
1567 2630 1718 2710 pretioso-

56 2734 87 2775 1³⁸·
95 2749 119 2783 n.
135 2738 153 2780 ⁸·
166 2735 198 2789 ut
224 2725 491 2808 Psalmograpbus
515 2725 654 2807 loquitur
677 2726 741 2789 llee
767 2748 774 2787 :
800 2726 915 2787 Dentes
969 2742 1032 2806 que
1047 2724 1201 2806 sanguine
1221 2742 1278 2787 suo
1297 2743 1356 2788 nos
1375 2725 1430 2789 alit
1449 2726 1481 2787 in
1501 2726 1715 2807 Sacmmento,

45 2840 153 2891 riute.
167 2834 368 2908 peccatorum
392 2824 587 2903 contrivisti3
613 2832 645 2888 θῖ
669 2824 783 2887 iterum
811 2849 817 2887 :
847 2823 915 2888 lilii
971 2830 1006 2885 ut
1027 2823 1143 2885 latetur
1161 2824 1355 2904 evangelista
1379 2824 1515 2887 loannes
1532 2847 1539 2885 ε
1556 2822 1622 2905 Ego
1646 2843 1717 2887 sum
1742 2847 1863 2899 emere

166 2924 289 3005 (inquit)
315 2922 492 3000 hominum,
510 2923 622 2985 dentes
643 2940 753 2985 corum
775 2942 862 2987 arma
884 2932 915 2987 θῖ
971 2922 1061 3003 panis
1081 2922 1163 2998 vitae,
1179 2920 1233 3002 qui
1252 2921 1292 2983 de
1316 2922 1398 2985 coelo
1420 2921 1591 2999 descendi3
1607 2930 1640 2984 et
1663 2922 1718 2985 de-
1731 2912 1809 2961 ‘⁸⁸⁵¹‘

167 3022 292 3103 sagitte.
929 3022 1034 3086 Cnuo
1052 3044 1058 3082 :
1076 3019 1133 3082 llic
1155 3028 1203 3082 est
1223 3018 1313 3100 panis
1338 3020 1377 3082 de
1401 3020 1483 3083 coelo
1506 3021 1714 3101 descendens,
1730 3044 1790 3089 rasa.
1802 3048 1837 3088 so.

204 3124 305 3183 Casus
327 3122 478 3180 secundet
494 3138 635 3196 asperos,
652 3118 682 3181 id
705 3127 763 3197 est,
782 3127 914 3183 eventus
970 3127 1004 3180 ut
1019 3117 1044 3179 si
1064 3118 1135 3199 quis
1154 3136 1191 3180 ex
1211 3117 1281 3198 ipso
1301 3118 1547 3195 manducaverit,
1565 3137 1630 3181 non
1650 3137 1717 3182 mo

166 3218 327 3297 adversos,
357 3217 465 3295 duros,
500 3216 652 3297 poenales,
692 3216 787 3279 iaciat
822 3217 913 3280 nobis
970 3216 1067 3278 riatur
1091 3216 1123 3277 in
1148 3224 1322 3293 aeternum3
1348 3216 1487 3297 itemque
1513 3240 1521 3278 ε
1543 3217 1621 3280 Caro
1646 3232 1841 3280 mearamsa.

168 3335 335 3398 prosperos
357 3334 427 3377 asse
447 3334 483 3378 ac
505 3316 669 3393 salutares,
691 3314 733 3377 ita
753 3316 837 3397 quod
859 3334 913 3379 eos
970 3334 1043 3377 vere
1066 3323 1115 3377 θεῖ
1139 3313 1239 3392 cibus,
1256 3322 1287 3376 et
1307 3314 1434 3395 sanguis
1457 3334 1547 3377 meus
1571 3333 1646 3379 vere
1668 3324 1718 3379 θεῖ

168 3416 324 3495 patienter
351 3414 483 3477 lerendo
512 3412 715 3494 prolieiamus
739 3434 777 3477 en
799 3414 857 3491 eia,
883 3422 915 3475 et
969 3420 1072 3493 potus.
1095 3415 1260 3490 Potusque
1283 3421 1392 3471 nester
1414 3413 1457 3476 se
1479 3414 1561 3488 fides
1574 3432 1587 3471 .·
1600 3412 1632 3473 id
1656 3421 1715 3489 est,

56 3522 154 3574 dam-uu.
169 3512 210 3575 sic
232 3512 343 3576 omnia
367 3520 577 3593 cooperentur
601 3512 692 3575 nobis
721 3512 753 3574 in
781 3512 911 3575 bonum.
971 3508 1180 3571 consideratio
1195 3508 1270 3570 lidei
1284 3507 1411 3569 dulcem
1426 3516 1458 3569 θῖ
1472 3508 1641 3571 salutarem
1662 3527 1718 3571 ne

45 3586 100 3688 'ii-p
110 3662 128 3692 „
138 3651 156 3689 ³,
168 3610 251 3675 Unde
266 3612 312 3674 ait
326 3610 496 3692 Apostolus
514 3633 521 3671 :
538 3609 714 3673 Gloriamur
734 3610 766 3672 in
786 3610 915 3673 tribula·
970 3606 1018 3669 bis
1033 3606 1154 3669 alliciat
1168 3606 1274 3668 cibum
1290 3605 1396 3683 istum,
1409 3613 1441 3667 et
1456 3612 1578 3668 mentes
1593 3615 1717 3669 nostras

44 3710 326 3787 rce.1,rr.tionibus;
351 3718 382 3772 θῖ
403 3708 516 3771 iterum
540 3731 546 3769 :
569 3708 650 3771 Deus
671 3708 799 3790 (inquit)
821 3708 915 3771 laciet
970 3713 1081 3769 contra
1095 3712 1206 3767 aestum
1222 3704 1430 3766 tentationum
1449 3703 1624 3786 refrigeret,
1640 3723 1717 3786 qua-

169 3828 239 3871 cum
256 3807 432 3873 tentatione
446 3815 646 3889 proventum.
663 3806 742 3869 llinc
764 3807 911 3869 additur:
970 3811 1062 3865 tenus
1082 3802 1251 3865 salubriter
1270 3801 1475 3865 masticemua
1499 3810 1605 3865 mente
1631 3803 1716 3865 hunc

168 3910 268 3969 Donet
280 3908 424 3986 parendi
432 3908 591 3983 qratiam,
607 3904 638 3967 id
660 3912 718 3984 θεῖ,
734 3905 817 3968 Deus
838 3924 916 3985 prm
971 3902 1090 3980 cibum,
1107 3907 1138 3964 et
1153 3908 1376 3963 convertamur
1395 3919 1432 3963 ae
1453 3900 1718 3965 transformemur

169 4014 226 4069 stet
252 4028 268 4065 a
292 4004 426 4089 gratiam
449 4026 466 4063 a
489 4022 525 4066 ac
547 4002 695 4065 virtutem
718 4003 821 4067 taliter
841 4022 916 4086 ope·
970 3999 1001 4063 in
1024 3998 1139 4082 ipsum.

170 4104 256 4167 randi
278 4124 316 4167 ac
339 4102 382 4165 ita
402 4120 461 4165 nos
482 4102 618 4163 habendi
640 4101 724 4181 quod
746 4100 791 4164 sic
811 4102 917 4165 omnia
1010 4102 1097 4161 Lecti
1119 4101 1265 4159 bibemus
1283 4100 1424 4159 sobriam
1444 4101 1633 4159 ebrietatem
1655 4102 1718 4175 spi-

169 4202 258 4265 nobis
274 4200 444 4283 proliciant
459 4200 497 4263 nd
514 4198 658 4262 salutem.
931 4199 1059 4262 briter
1075 4218 1087 4257 .·
1102 4197 1161 4260 hoc
1187 4205 1246 4273 est,
1268 4219 1285 4255 a
1309 4198 1493 4260 ebrietatem
1518 4196 1646 4278 spiritus
1669 4216 1719 4260 so

208 4304 352 4364 Mentem
371 4301 531 4377 pudernet
552 4308 582 4358 et
604 4307 708 4375 repat,
730 4296 761 4359 id
783 4305 842 4375 θεῖ,
866 4318 918 4360 su·
972 4294 1072 4358 briam
1089 4317 1118 4374 a,
1136 4295 1166 4357 id
1186 4303 1234 4357 est
1253 4302 1361 4376 potum
1383 4302 1577 4375 praetactum,
1594 4295 1719 4376 spiritu-

171 4400 326 4479 pen'orem
356 4397 468 4460 anima
498 4402 631 4476 partem,
661 4394 857 4457 intellectum
887 4404 919 4459 et
973 4395 1073 4471 aliter,
1100 4394 1241 4457 modeste
1265 4412 1302 4455 ac
1327 4412 1405 4475 pure
1429 4392 1638 4456 inebriantem
1663 4412 1719 4455 cer

170 4498 377 4572 voluntatem,
395 4518 411 4555 c
429 4502 516 4576 regat
532 4516 549 4553 a
565 4493 597 4555 in
620 4492 821 4557 interioribus
843 4494 919 4557 acti·
973 4500 1128 4571 nostrum,
1151 4491 1297 4553 videlicet
1319 4490 1395 4553 fidei
1419 4489 1718 4572 contemplationem

170 4596 228 4659 bus
248 4603 280 4659 et
296 4618 313 4655 u
331 4595 519 4677 gubernato
539 4592 571 4653 in
586 4591 803 4672 exterioribus,
819 4602 917 4663 casto,
974 4591 1013 4653 ab
1037 4591 1243 4653 immoderate
1268 4589 1418 4652 scrutinio
1441 4589 1652 4651 abstinentem
1681 4609 1718 4651 ac

169 4696 263 4771 fideli
287 4711 434 4769 corpore,
460 4692 491 4753 id
517 4697 575 4768 θεῖ,
597 4690 639 4753 ita
663 4698 697 4753 ut
721 4708 836 4771 corpus
860 4690 918 4754 sibi
975 4698 1114 4752 mentem
1129 4688 1307 4751 divinorum
1327 4695 1421 4768 gustu
1440 4696 1535 4768 atque
1554 4688 1720 4769 praedomi-

170 4793 284 4855 babeat
310 4791 545 4872 obtemperans,
572 4788 739 4852 continens
763 4796 857 4869 atque
881 4788 919 4850 li-
975 4795 1070 4850 nante
1097 4786 1234 4849 caritatis
1258 4785 1377 4848 aflectu
1404 4786 1590 4867 replentem,
1615 4794 1721 4868 guste-

170 4890 283 4953 deliter
306 4906 416 4969 agens
440 4887 528 4969 juxta
553 4886 629 4949 illud
654 4886 794 4967 Apostoli
819 4910 825 4947 :
848 4886 918 4949 Huc
975 4905 1057 4964 mus,
1084 4885 1279 4961 hauriamus,
1305 4892 1336 4947 et
1360 4884 1458 4946 instar
1482 4885 1588 4967 poculi
1611 4885 1721 4965 deglu-

52 4992 84 5009 ''
170 4996 218 5051 est
244 4987 393 5050 voluntas
417 4984 483 5063 Dei,
510 4983 721 5047 sanctilioatio
744 4992 859 5062 vestra,
886 4992 920 5047 ut
975 4984 1088 5047 tiamus
1111 4982 1142 5044 in
1164 4982 1273 5045 iutima
1292 4981 1419 5063 spiritus
1445 4982 1543 5045 nostri
1569 4982 1719 5045 hilariter.

171 5085 249 5149 sciat
272 5082 490 5165 unusquisque
513 5102 567 5145 vas
590 5102 682 5145 suum
704 5080 864 5164 possidere
887 5082 919 5145 in
974 5083 1017 5145 De
1036 5100 1100 5162 qua
1120 5079 1292 5143 relectione
1311 5089 1342 5143 et
1361 5080 1509 5143 ebrietate
1529 5081 1669 5162 Sponsus
1689 5080 1721 5141 iu

172 5181 426 5248 sanctificatione
442 5181 616 5245 ethonore.
975 5179 1110 5243 Cantiois
1133 5178 1295 5260 loquitur:
1313 5178 1483 5257 comedite,
1500 5178 1604 5258 amici,
1626 5186 1658 5240 et
1677 5178 1722 5241 bi·
1737 5200 1802 5245 cana.
1814 5213 1836 5250 v.
1848 5202 1867 5242 ι.

210 5285 313 5347 Fides
333 5284 442 5343 catere
460 5281 599 5356 ferveat,
621 5280 681 5344 boo
703 5286 761 5358 θεῖ,
783 5278 920 5343 caritatis
976 5278 1063 5355 bite;
1080 5287 1112 5340 et
1126 5275 1337 5355 inebriamini,
1354 5276 1518 5339 carissimi.
