4309 6259
469 480 528 547 402
624 500 666 547 DE
689 498 890 547 SAGRAUBNTO
912 498 1040 545 ltrAms
1060 498 1098 543 ΕΤ
1119 498 1216 544 MISSAE
1237 495 1465 543 oeteeulrlorm
1485 494 1644 541 blateolis.
1667 513 1708 524 ··-
1728 494 1798 540 ΑΜ.
1822 492 1860 537 XV

467 667 583 749 fectus,
613 668 645 730 id
680 675 728 731 est
762 666 854 730 valde
888 666 1066 730 consimilis
1094 666 1157 728 Deo
1186 672 1217 727 et
1233 666 1258 727 A
1273 666 1421 746 elatione,
1451 664 1509 745 ira,
1544 663 1774 745 indignatione,
1808 661 1990 745 impatientis,

468 766 583 829 eximie
612 766 783 842 virtuosus,
813 764 856 826 ita
885 772 920 826 ut
946 766 986 827 de
1020 762 1218 845 plenitudine
1273 763 1393 841 acedia,
1424 762 1609 826 carnalitate
1637 761 1678 823 sit
1714 760 1834 843 purior,
1861 760 1991 843 bonisque

468 872 500 925 et
522 862 726 926 exuberantia
747 881 804 924 sua
828 861 899 923 aliis
924 870 1019 942 queat
1041 861 1218 923 eommuni—
1273 861 1457 943 vulgaribus
1482 860 1593 923 melier
1616 867 1709 940 atque
1735 858 1880 936 divinior,
1894 870 1990 939 quante

469 978 541 1021 care
556 967 651 1039 atque
666 955 814 1020 influere.
830 957 925 1019 Porro
943 957 976 1017 in
998 956 1085 1019 omni
1106 954 1218 1018 ordine
1273 961 1395 1023 ratione
1421 958 1587 1023 sacerdotii
1618 958 1650 1019 in
1676 965 1758 1019 statu
1786 965 1818 1019 et
1844 958 1931 1039 gradu
1953 970 1989 1021 est

469 1074 559 1118 suem
583 1055 788 1119 constituitur
811 1055 906 1117 homo
930 1054 994 1115 dux
1018 1052 1089 1115 aliis
1113 1052 1147 1113 in
1171 1050 1218 1113 di·
1272 1058 1391 1135 altiori3
1405 1058 1514 1137 sicque
1529 1056 1669 1119 ambulet
1683 1055 1778 1136 digne
1794 1054 1864 1132 Deo,
1878 1054 1905 1115 in
1919 1056 1988 1117 omni
2000 1076 2080 1131 retem.

469 1152 575 1232 viuis3
601 1154 634 1214 iu
659 1152 834 1214 sacerdotio
860 1158 966 1212 aulem
991 1149 1160 1232 proetipue·
1185 1147 1217 1209 Si
1273 1155 1526 1232 mansuetudine,
1544 1154 1706 1236 patientia,
1724 1152 1850 1235 pietate,
1870 1153 1904 1215 ad
1921 1141 2079 1246 igue-ssf'ffff?

468 1269 545 1331 ergo
568 1251 602 1311 in
626 1250 800 1312 minoribus
825 1248 922 1311 sacris
950 1247 1115 1310 ordinibus
1143 1264 1218 1309 eon·
1273 1253 1425 1316 scendum
1451 1250 1721 1334 promptissimus
1741 1249 1806 1313 imo
1830 1259 1889 1311 tam
1908 1251 1989 1313 bouus
2042 1234 2075 1252 '⁸

470 1349 596 1410 stitutos
611 1365 742 1410 necesse
761 1354 809 1407 est
827 1346 872 1408 ita
890 1344 1154 1408 deiformissimos
1168 1362 1217 1405 es·
1273 1371 1310 1414 ac
1331 1351 1491 1413 virtuosus
1514 1357 1548 1411 ut
1568 1348 1689 1411 offendi
1711 1367 1775 1412 non
1798 1358 1896 1429 queat,
1910 1349 1990 1411 visre

470 1465 514 1523 se,
536 1454 655 1526 quanto
678 1444 780 1525 magis
804 1444 837 1505 in
862 1442 1060 1506 sacerdotioi
1085 1442 1217 1523 insuper
1274 1450 1359 1511 ribus
1373 1448 1513 1510 caritatis
1534 1446 1813 1525 affluentissimus,
1829 1446 1890 1508 zelo
1908 1447 1988 1507 divini

322 1567 391 1621 nisit.
410 1580 455 1618 vm,
469 1545 554 1607 idem
569 1544 624 1606 ille
638 1541 928 1604 illuminatissimus
941 1542 1071 1603 Sanctus
1086 1539 1214 1617 fatetur,
1273 1546 1404 1609 honoris
1433 1565 1469 1608 ae
1497 1546 1644 1607 fraternae
1673 1544 1783 1606 salutis
1812 1562 1927 1625 semper
1950 1562 1990 1605 ve

323 1629 454 1747 Ξΰυίζξωθ·
469 1642 553 1724 quod
577 1640 609 1702 in
636 1640 734 1701 sacris
762 1639 953 1702 constitutus
981 1646 1013 1699 et
1037 1637 1145 1699 divina
1169 1636 1217 1697 in·
1272 1645 1437 1707 bomensor
1472 1661 1646 1719 aecensus3
1675 1650 1770 1723 atque
1805 1642 1838 1703 in
1868 1641 1990 1704 omnibus

406 1723 412 1735 ’
467 1739 564 1821 digne
591 1756 768 1819 exsequens
796 1745 828 1800 et
855 1755 1019 1814 exercens,
1049 1742 1098 1797 est
1125 1734 1215 1814 quasi
1273 1743 1339 1803 suis
1361 1742 1451 1804 lloris
1475 1760 1512 1803 ae
1535 1740 1696 1822 precibus,
1718 1738 1886 1820 presertim
1905 1740 1933 1800 in
1952 1758 1991 1800 ce-

468 1836 523 1899 Dei
550 1836 659 1899 irrisor
683 1845 715 1899 et
739 1834 961 1913 subsannator,
978 1834 1099 1895 babens
1121 1852 1154 1895 so
1179 1850 1216 1895 ac
1235 1840 1258 1901 B
1274 1838 1458 1916 lebratione,
1474 1838 1620 1902 {estuanti
1637 1837 1755 1900 aflectu
1775 1845 1843 1899 oret
1859 1855 1911 1919 pro
1923 1855 1992 1899 ceru-

467 1934 494 1995 si
518 1942 609 2016 putet
635 1936 735 1996 lleum
761 1933 905 2014 ignorare
933 1952 1003 2015 quea
1032 1931 1100 2012 ipse
1125 1930 1215 1992 inse
1272 1937 1360 1999 muni
1378 1937 1460 2000 bono
1474 1936 1634 2016 Ecclesiae,
1651 1954 1709 2017 pro
1723 1934 1807 1997 vivis
1822 1954 1857 1997 ae
1871 1934 1989 2011 moenis,

466 2034 536 2116 ipso
556 2036 627 2097 scit.
643 2034 724 2096 Hinc
739 2033 773 2094 in
795 2033 883 2096 omni
905 2040 979 2095 actu
992 2031 1113 2095 ordinis
1134 2030 1214 2092 sacri
1272 2054 1329 2118 pro
1364 2034 1560 2117 parentibuS,
1590 2034 1790 2117 propinquis,
1826 2032 1989 2109 commissis,

466 2139 578 2213 peccat
598 2130 785 2193 mortaliter.
1272 2133 1540 2211 benefactoribus,
1558 2152 1594 2195 ac
1609 2132 1724 2195 ceteris
1740 2150 1798 2214 pro
1812 2130 1992 2213 quibusque

506 2229 676 2292 Sacranos.
697 2262 737 2275 -
755 2227 925 2309 Rigorosus
950 2233 999 2289 est
1026 2243 1131 2289 sermo
1156 2224 1215 2287 iste
1272 2251 1408 2314 cumque
1420 2232 1513 2295 modo
1532 2231 1628 2294 hebet
1648 2249 1750 2309 orare,
1766 2237 1798 2292 et
1818 2230 1899 2293 omni
1916 2228 1992 2291 node

465 2328 662 2409 temporibus
689 2327 769 2407 istu,
798 2326 914 2407 quibus
942 2325 1057 2388 aetites
1090 2323 1133 2386 ite
1167 2342 1215 2385 re·
1272 2330 1331 2393 sibi
1357 2328 1500 2412 possibili
1525 2328 1685 2410 proximos
1709 2328 1813 2390 trabat
1839 2327 1876 2389 ad
1902 2326 1990 2387 Deum.

467 2423 592 2505 friguit.
1271 2430 1442 2505 Postremo,
1466 2446 1536 2508 quaa
1560 2426 1728 2508 Apostolus
1754 2424 1865 2487 scribit
1888 2426 1920 2486 ad
1940 2424 1992 2505 epi-

505 2524 651 2586 Vsturas.
677 2558 718 2567 -
744 2521 857 2585 Nonne
884 2540 942 2602 pet·
968 2521 1093 2602 Moysen
1120 2519 1213 2600 jussi,
1271 2546 1384 2608 scopos
1419 2524 1588 2607 pertinere,
1618 2525 1657 2586 ad
1686 2524 1865 2587 sacerdotes
1890 2541 1992 2603 quoque

318 2643 382 2688 neus
407 2659 451 2697 xvi,
464 2621 552 2684 tusce
570 2621 655 2702 quod
675 2620 798 2701 justum
820 2626 869 2681 est
889 2617 1095 2699 exsequerisl
1111 2625 1142 2679 et
1158 2616 1215 2679 ite-
1271 2644 1327 2708 pro
1343 2624 1480 2686 maxima
1494 2623 1656 2704 pertinent
1669 2620 1842 2703 parte,ime
1856 2622 1891 2683 ad
1904 2640 1993 2701 quem-

317 2708 399 2811 ἰθέῃ
416 2774 442 2814 u
465 2739 547 2798 rum,
573 2719 681 2782 Sancti
706 2719 804 2798 critis,
827 2717 979 2799 quoniam
1003 2734 1062 2797 ego
1087 2724 1213 2777 sauctus
1271 2722 1348 2784 libet
1362 2720 1570 2783 Christianum
1586 2738 1642 2801 pro
1658 2727 1746 2801 parte
1762 2718 2050 2799 maioridperletrm
2065 2748 2081 2776 ι

317 2834 358 2883 ιι;
373 2801 449 2883 112.ss
465 2837 547 2897 sum,
565 2817 717 2880 Dominus
740 2818 821 2879 [leus
844 2818 970 2878 vesterl
986 2814 1018 2875 in
1040 2812 1213 2894 Evangelio
1269 2819 1398 2901 (inquit)
1409 2819 1594 2900 episcopum
1609 2836 1678 2879 esse
1694 2815 1991 2899 irreprehensibilem,
2001 2802 2032 2841 ²⁴·

324 2934 601 2998 ascraeumque,
631 2915 738 2977 Estote
772 2912 919 2995 perfecti,
949 2912 1034 2975 sicut
1064 2920 1096 2973 et
1124 2912 1213 2973 Pater
1270 2918 1422 2997 sobrium,
1447 2925 1604 2997 ornatum,
1627 2914 1793 2997 pudicum,
1816 2915 1990 2997 prudentem,

316 3003 352 3045 ‘⁸'
464 3021 569 3076 vester
596 3012 736 3076 coelestis
764 3010 926 3092 perfectus
953 3013 1024 3072 estl
1052 3009 1117 3073 Nec
1145 3010 1213 3072 brac
1234 3014 1470 3097 chospitalem,
1501 3015 1676 3092 doctorem,
1706 3032 1772 3077 non
1808 3013 1990 3085 vinolentum,

465 3110 682 3173 sacerdotibus
706 3119 737 3172 et
764 3108 889 3171 clericis
915 3115 1038 3170 tantum
1062 3106 1211 3189 precepi.
1271 3133 1333 3177 non
1348 3130 1580 3195 percussorem,
1598 3130 1662 3175 non
1682 3111 1868 3193 litigiosum,
1883 3128 1993 3173 noncu-

465 3208 590 3271 Utinam
618 3205 796 3270 efficaciter
824 3224 940 3287 penses
967 3206 1007 3268 ad
1031 3224 1127 3287 quem
1152 3206 1214 3266 vir·
1270 3212 1392 3295 pidum,
1409 3230 1473 3274 non
1495 3212 1695 3289 iracundum,
1718 3230 1783 3273 sue
1805 3210 1906 3273 domui
1928 3208 1993 3270 bene

464 3314 601 3385 tuosam,
627 3305 785 3367 sinceram
811 3305 1088 3387 exemplaremque
1117 3303 1214 3366 vitam
1270 3310 1484 3393 prepositum.
1510 3309 1544 3371 ln
1574 3310 1689 3390 quibus
1717 3308 1865 3373 omnibus
1891 3310 1993 3388 oportet

464 3404 601 3485 quilibet
621 3403 778 3483 obligatus
800 3402 842 3466 sit
862 3402 1059 3465 Christianus
1079 3426 1086 3463 :
1104 3402 1158 3483 qui
1183 3409 1215 3463 et
1270 3408 1436 3491 episcopos
1456 3414 1488 3469 et
1511 3406 1689 3470 sacerdotes
1712 3414 1800 3469 tante
1823 3402 1994 3488 precatoris

341 3522 399 3567 rese.
416 3526 450 3566 ιι.
465 3502 614 3565 inimicos
642 3520 716 3564 suos
740 3509 866 3564 tenetur
889 3500 1034 3581 diligere,
1061 3518 1119 3581 pro
1144 3518 1215 3581 per·
1271 3506 1422 3584 eminere,
1442 3513 1561 3585 quanto
1585 3523 1650 3586 pra
1679 3504 1797 3586 populo
1820 3504 1852 3565 in
1876 3501 1994 3565 eminen-

466 3599 672 3681 sequentibus
691 3616 831 3676 exorare,
847 3604 879 3660 et
896 3596 1087 3659 benefacere
1105 3597 1216 3659 odien-
1271 3604 1342 3667 riori
1368 3611 1442 3665 sunt
1464 3601 1617 3684 dignitate
1642 3610 1674 3664 et
1697 3601 1820 3681 ordine,
1846 3600 1905 3663 nisi
1926 3596 1993 3679 quod

327 3720 405 3764 caue.
428 3734 450 3771 v,
465 3698 551 3760 tibus
572 3717 617 3778 se,
640 3715 756 3779 corpus
778 3714 905 3777 quoque
927 3693 1119 3776 crucifigere
1142 3714 1214 3757 eum
1271 3722 1340 3764 esse
1364 3703 1538 3781 doctorem,
1564 3707 1597 3762 et
1620 3720 1684 3763 suae
1707 3700 1816 3763 domui
1841 3700 1917 3761 bene
1938 3712 1993 3757 esse

318 3783 414 3888 {imp
428 3858 451 3896 γ’
465 3796 553 3859 vitiis
567 3804 600 3859 et
613 3795 883 3877 concupiscentiis
897 3794 980 3870 suis3
990 3793 1044 3876 qui
1059 3793 1087 3854 si
1102 3792 1216 3854 dixerit
1271 3799 1487 3882 praepositum,
1504 3805 1626 3879 spectat
1647 3798 1685 3861 ad
1708 3798 1918 3879 pfaesjdenqes,

319 3909 352 3951 ra
465 3894 609 3977 proximo
624 3911 693 3973 suo,
709 3893 817 3971 Fatue,
834 3911 906 3954 reus
928 3899 1077 3954 censetur
1097 3892 1215 3972 gehen-

332 4004 409 4049 Ιικοι.
430 4018 451 4057 ιι,
466 4012 527 4073 nae,
548 4000 580 4055 et
604 3991 632 4053 si
655 3991 689 4052 in
712 4008 776 4053 uno
802 3989 984 4067 offenderit,
1007 3988 1048 4051 fit
1070 3988 1215 4051 omnium

319 4071 453 4181 'pamm'
467 4110 551 4170 reus,
580 4098 675 4170 atque
709 4108 767 4170 per
792 4096 912 4149 arctam
941 4088 1024 4150 viam
1053 4086 1216 4169 proficisci
1471 4080 1716 4187 ARTlootus
1740 4079 1814 4142 XV.

321 4196 355 4236 ἡ
467 4197 594 4298 minimi.
642 4206 713 4267 φῶ
733 4205 840 4249 omma
860 4186 1035 4267 adimplere
1055 4205 1127 4267 (¹⁰¹⁸
1142 4193 1217 4294 .p⁰t'
1232 4190 1257 4253 D
1273 4230 1364 4297 Quod
1384 4236 1450 4287 tota
1463 4229 1664 4287 conversatio
1680 4226 1855 4287 sacerdotis
1868 4226 1948 4285 debet
1960 4240 1995 4279 es·

320 4294 537 4365 uessicam,
563 4304 626 4346 nrsr
654 4302 781 4365 semper
809 4302 915 4346 eoram
940 4285 1003 4346 lleo
1028 4284 1214 4361 custoditus,
1311 4338 1343 4375 se
1369 4319 1526 4377 continue
1554 4336 1591 4375 ac
1621 4316 1720 4375 reah-3
1744 4314 1939 4391 praeparasse
1962 4309 1996 4368 a,

469 4386 631 4448 ammius
653 4382 872 4465 ⁸⁰Hi⁰it¹¹⁵q¹¹⁰
896 4382 1015 4445 fueriti
1310 4408 1570 4474 celebrationem,
1586 4414 1614 4463 et
1636 4406 1827 4481 gratiarum
1850 4405 1928 4463 ectio
1946 4416 1995 4475 pro

507 4482 648 4564 Denique
662 4482 876 4544 certissimum
891 4487 940 4542 est
954 4498 1215 4561 unumquemque
1312 4496 1474 4571 benefieiis
1491 4496 1563 4556 Dei·

466 4580 621 4661 adstringi
649 4581 688 4642 ad
717 4578 950 4642 virtuositatem
980 4597 1016 4640 ac
1044 4576 1215 4659 puritatem

466 4688 555 4743 tanto
582 4678 737 4759 maiorem
765 4685 884 4759 quanto
913 4676 946 4737 in
973 4676 1079 4739 altiori
1115 4686 1216 4740 exstat
1311 4682 1456 4743 Ventris.
1483 4716 1524 4725 -
1551 4679 1620 4743 Non
1649 4676 1774 4742 suffieit
1800 4668 1993 4759 Omnipoteuli

466 4778 590 4857 officio,
614 4776 736 4854 ordine,
760 4775 913 4856 dignitate
934 4782 989 4837 aut
1009 4775 1120 4855 gradu.
1141 4776 1215 4840 ldeo
1270 4780 1338 4843 laus
1357 4787 1389 4842 et
1406 4778 1573 4841 honoratio
1597 4778 1673 4855 oris,
1688 4777 1751 4839 nisi
1774 4797 1811 4840 ex
1835 4773 1993 4839 sinceritate

466 4878 557 4959 juxte
583 4894 764 4938 mensuram
793 4873 958 4955 diguitatis
982 4882 1014 4935 et
1037 4874 1214 4937 altitudinis
1270 4886 1301 4940 et
1315 4876 1484 4940 devotione
1507 4877 1638 4958 prodeat
1659 4876 1787 4954 mentis,
1804 4872 1993 4951 virtuosisque

467 4973 671 5038 sacerdotalis
699 4971 819 5034 ordinis
848 4971 1124 5053 proportionaliter
1153 4975 1214 5036 vir·
1268 4977 1391 5040 actibus
1416 4976 1591 5039 decoretur.
1619 4974 1651 5035 Si
1676 4974 1784 5056 igitur,
1809 4993 1827 5037 o
1855 4970 1992 5041 sacerdos,

467 5084 569 5153 tuosa,
576 5071 720 5135 eminens
735 5078 766 5132 et
777 5069 918 5151 perfecta
932 5070 1026 5132 debet
1040 5072 1213 5135 consistere
1268 5073 1428 5154 sapienter
1442 5072 1584 5134 attendas
1599 5078 1717 5152 quanta
1736 5070 1778 5132 sit
1797 5069 1891 5150 hujus
1909 5060 1994 5130 arcel-

467 5174 533 5238 vita
560 5170 734 5253 cujuslibet
760 5168 932 5233 sacerdotis
958 5192 965 5231 ε
995 5178 1030 5231 ιιι
1057 5177 1144 5234 tanto
1172 5171 1212 5234 ab
1268 5171 1376 5250 lentie,
1404 5170 1553 5233 sanctitas
1582 5188 1620 5231 ae
1645 5168 1784 5250 dignitas
1813 5160 1992 5236 sacramenti,

467 5274 555 5340 omni
570 5273 830 5336 immoderatione
851 5272 1047 5355 passionum,
1063 5270 1104 5332 ab
1122 5270 1210 5333 omni
1269 5268 1437 5333 confestim
1453 5267 1602 5331 fateberis
1616 5274 1647 5329 te
1661 5285 1726 5330 non
1741 5284 1834 5349 posse
1852 5270 1994 5329 cortuum
