4309 6259
452 470 511 535 282
766 492 806 539 na
826 492 973 540 rassrortn
994 492 1101 541 eornm
1121 493 1308 541 snxvnroars
1329 494 1489 543 nrxtoeus.
1512 512 1552 523 -
1572 494 1642 541 aar.
1666 495 1697 542 vr

452 658 518 740 dia,
533 669 565 724 et
578 682 661 745 pene
675 664 796 726 tamdiu
816 664 947 727 fuerunt
967 665 1062 746 capti,
1079 665 1240 746 disper-A
1257 665 1443 728 redimerem
1459 684 1559 747 genus
1575 667 1749 729 humanum
1771 662 1797 730 a'
1812 674 1913 729 morte
1931 664 1987 727 uni

453 759 492 841 si,
515 762 670 843 oppressi.
697 761 785 836 Quod
811 764 837 825 si
861 763 1000 825 dixerint
1023 763 1121 826 verba
1145 764 1201 825 illa

453 858 637 940 prophetica
666 860 698 921 in
725 860 784 923 hac
812 879 921 924 eorum
948 862 1144 925 desolatione
1170 871 1202 925 et

453 956 631 1037 abjectione
646 976 710 1021 non
726 978 795 1021 esse
817 960 958 1041 impleta,
975 968 1072 1023 restat
1092 970 1126 1022 ut
1148 962 1201 1023 ad-

453 1055 516 1117 huc
532 1055 627 1118 aliam
642 1057 870 1121 diuturniorem
886 1066 918 1121 et
930 1059 1108 1139 graviorem
1124 1078 1202 1139 prae-

453 1154 609 1216 stolentur
632 1154 764 1217 finalem
794 1164 887 1237 atque
914 1156 1053 1219 futuram
1079 1158 1112 1219 in
1136 1158 1201 1220 vita

453 1251 525 1329 hae,
540 1271 640 1333 quum
666 1262 771 1316 tamen
790 1274 849 1317 nec
868 1254 930 1337 ipsi
950 1256 1010 1318 hoc
1030 1256 1197 1319 fateantur.

453 1350 585 1431 lnsuper
608 1351 757 1414 Jeremias
782 1360 878 1431 tuam,
895 1372 914 1417 o
933 1354 1064 1431 Christe,
1082 1354 1201 1434 passio-

453 1466 527 1511 nem
543 1450 608 1511 suis
619 1449 821 1531 passionibus
842 1471 879 1514 ae
901 1452 1058 1514 vaticiniis
1073 1452 1201 1515 eviden-

454 1553 502 1608 ter
516 1547 746 1628 praanuntiavit.
763 1549 892 1629 Propter
906 1551 990 1631 quod
1006 1550 1086 1613 liber
1101 1550 1200 1632 ipsius

454 1644 487 1705 in
503 1644 644 1709 Ecclesia
658 1664 677 1707 a
691 1647 856 1709 [lominica
875 1648 908 1709 in
930 1648 1078 1711 Passione
1100 1668 1200 1729 usque

455 1741 620 1805 sabbatum
636 1753 780 1807 sanctum
796 1745 922 1808 Paschae
938 1747 1050 1810 merito
1072 1747 1197 1827 legitur.

1255 764 1368 827 versali
1392 784 1429 827 ac
1448 764 1609 845 infernali,
1625 784 1729 828 meam
1754 784 1883 848 quoque
1906 765 1986 827 vitam

1255 864 1441 943 exponendo
1466 864 1558 927 morti
1583 881 1640 945 pro
1663 863 1730 943 illo,
1750 882 1945 946 promererer
1963 863 1986 925 ei

1255 959 1350 1021 vitam
1371 960 1478 1041 gratim
1499 961 1531 1022 in
1554 961 1700 1042 praesenti
1723 970 1755 1023 et
1776 961 1872 1023 vitam
1894 960 1987 1042 gloria

1255 1058 1287 1119 in
1303 1058 1431 1122 futurof
1448 1058 1486 1122 Et
1501 1059 1641 1141 insuper,
1659 1078 1765 1122 nonne
1788 1068 1851 1122 tam
1873 1059 1988 1121 amaris

1256 1157 1368 1218 simam
1390 1175 1446 1237 pro
1467 1156 1650 1219 hominibus
1672 1166 1806 1221 mortem
1830 1166 1987 1239 spontanee

1256 1254 1456 1336 perferendo,
1474 1256 1574 1317 multo
1589 1254 1768 1318 evidentius
1783 1276 1819 1319 ac
1836 1255 1987 1317 sublimius

1256 1353 1391 1433 patefeci
1407 1353 1547 1415 caritatis
1563 1372 1641 1416 meae
1656 1355 1800 1418 ardorem
1817 1354 1988 1435 magnitudi-

1256 1470 1392 1532 nemque
1415 1452 1454 1513 ad
1484 1451 1640 1532 homines,
1665 1471 1761 1533 quam
1791 1452 1940 1515 leviorem
1963 1461 1988 1514 et

1256 1548 1361 1610 miuus
1383 1549 1606 1636 confusibilem
1628 1570 1740 1612 necem
1756 1551 1939 1613 subeundol

1294 1645 1516 1725 Conlormiter,
1547 1656 1593 1709 tot
1622 1656 1654 1709 et
1683 1656 1769 1709 tanta
1804 1648 1985 1725 sustinendo,

1255 1762 1382 1806 omnem
1408 1745 1601 1826 patientiam,
1625 1744 1855 1822 fortitudinem,
1875 1744 1986 1807 bumili-

453 1840 579 1922 Aliquid
608 1860 734 1923 quoqne
763 1845 802 1906 de
831 1845 924 1907 modo
954 1853 1014 1907 tuae
1042 1846 1200 1927 passionis
1218 1845 1241 1906 B
1257 1849 1365 1920 tatem,
1382 1843 1589 1905 constantiam
1616 1843 1826 1906 excellentius
1851 1841 1987 1923 adimple

305 1956 353 1999 rer.
367 1970 396 2008 n,
409 1958 439 1999 n.
455 1940 596 2021 praedixit
606 1940 686 2021 :Ego
701 1942 876 2022 (inquiens)
891 1942 980 2022 quasi
996 1962 1097 2024 agnus
1113 1962 1201 2005 man-

308 2045 392 2091 ram.
411 2061 440 2097 a.
455 2046 562 2099 suetus
584 2038 639 2118 qui
661 2047 804 2120 portatur
818 2041 857 2103 ad
877 2041 1058 2120 victimam3
1075 2050 1117 2119 et,
1135 2042 1201 2124 Spi-

455 2135 532 2197 ritus
546 2136 610 2198 oris
631 2138 731 2199 nostri
753 2138 895 2200 Christus
916 2139 1068 2202 Dominus
1090 2148 1200 2222 captus

454 2240 502 2294 est
515 2232 547 2293 in
563 2234 703 2313 peccatis
718 2235 845 2297 nostris.
858 2234 951 2298 Porro
967 2235 1200 2299 illustrissimus

454 2338 542 2393 vates
570 2331 669 2393 David
699 2351 763 2410 rex,
790 2342 822 2394 et
849 2334 943 2395 lsaias
973 2334 1067 2415 regiae
1095 2336 1200 2416 stirpis

454 2429 570 2511 proles,
588 2430 717 2493 modum
733 2439 765 2493 et
778 2449 905 2493 omnem
928 2439 988 2495 tuac
1009 2432 1201 2495 benedictis-

454 2528 542 2589 simae
561 2527 716 2609 passionis
736 2529 908 2591 maneriam
934 2538 998 2592 tam
1022 2530 1201 2593 luculenter

453 2625 574 2707 praefati
604 2634 688 2705 sunt,
719 2635 753 2688 ut
781 2627 944 2691 historiam
974 2629 1075 2711 magis
1103 2648 1199 2711 quam

453 2724 652 2806 prophetiam
674 2724 874 2787 contexuisse
895 2734 1056 2807 putentur.

491 2823 599 2903 ltaque
622 2822 653 2884 in
673 2823 823 2885 omnibus
842 2824 905 2886 illis
929 2825 1100 2907 Scripturis
1124 2826 1201 2887 Sau-

451 2929 638 3001 ctorumque
654 2921 769 2999 verbis,
786 2924 901 3003 quibus
918 2932 962 3003 tn,
979 2924 1036 2985 riti
1055 2924 1122 3001 liei,
1141 2923 1200 2985 sal-

1255 1940 1299 2016 vi,
1327 1940 1455 2002 exhibui
1480 1949 1510 2003 et
1536 1942 1670 2003 ostendi.
1697 1942 1829 2019 Rursus,
1855 1960 1910 2022 per
1936 1940 1985 2001 boe

1254 2038 1476 2117 obedientiam,
1508 2058 1570 2119 qua
1603 2040 1683 2103 Patri
1716 2039 1869 2103 obediens
1897 2038 2078 2112 factusrnqpr

1255 2156 1325 2197 sum
1348 2136 1505 2217 usquead
1526 2145 1672 2217 mortem,
1689 2137 1816 2219 plenius
1840 2125 2012 2200 commen-⁸·

1255 2234 1339 2312 davi,
1357 2234 1499 2315 impleri,
1518 2236 1701 2299 monstravi.
1718 2236 1882 2313 Praeterea,
1905 2242 1946 2297 tot
1961 2244 1986 2295 et

1255 2340 1341 2394 tanta
1357 2332 1472 2412 taliter,
1489 2333 1549 2396 hoc
1565 2343 1614 2395 est
1629 2354 1666 2395 ex
1681 2342 1767 2396 tanta
1783 2334 1931 2396 virtutum
1945 2352 1988 2394 ex-

1255 2430 1414 2507 cellentia,
1441 2438 1549 2512 utpote
1578 2430 1857 2511 affectuosissime,
1884 2431 1989 2514 patien-

1256 2528 1388 2607 tissime,
1420 2529 1609 2609 humillime,
1639 2529 1824 2607 fortissime,
1854 2530 1989 2593 obedien-

1256 2626 1377 2687 tissime
1416 2626 1613 2707 sustinendo,
1655 2626 1866 2690 ineffabiliter
1903 2626 1989 2705 magis

1256 2723 1400 2786 consului
1419 2733 1448 2787 et
1464 2726 1588 2806 providi
1608 2726 1747 2807 generali
1772 2725 1944 2787 infirmitati
1959 2742 1989 2784 aa

1255 2822 1437 2903 indigentiae
1452 2823 1577 2903 generis
1593 2824 1689 2886 totius
1709 2823 1853 2902 humani,
1870 2818 1990 2904 copiosi-

1254 2939 1341 2984 orem
1364 2920 1702 3003 axuberantioremque
1723 2922 1856 3002 gratiam
1881 2938 1991 3002 promc-

450 3028 540 3082 vator
555 3018 676 3097 mundi,
693 3020 761 3082 haec
776 3021 827 3082 vel
848 3021 902 3082 illa
925 3021 1027 3102 egisse
1048 3029 1103 3083 aut
1124 3021 1236 3085 tole-G
1255 3021 1352 3083 rende
1372 3020 1477 3083 eidem
1500 3020 1532 3081 in
1559 3021 1645 3083 omni
1672 3020 1889 3097 tribulatione,
1904 3028 1991 3081 tenta-

450 3136 536 3179 rasse
558 3117 708 3196 narrariS,
732 3126 766 3180 ut
788 3118 997 3200 implerentur
1017 3120 1196 3201 Scriptura,

451 3235 509 3298 per
537 3216 568 3297 ly
598 3224 642 3294 ut,
671 3235 734 3278 non
765 3236 904 3296 causam,
932 3220 987 3280 sed
1013 3219 1139 3299 signum
1169 3226 1200 3281 et

453 3314 608 3377 eflectum
631 3314 736 3395 potius
759 3334 831 3377 reor
853 3316 981 3397 signari.

492 3413 664 3475 Satvnron.
691 3413 849 3475 —Recte
873 3421 905 3475 et
932 3414 1105 3495 prudenter
1133 3415 1199 3477 hac

452 3508 604 3590 loqueris,
621 3518 652 3572 et
676 3530 712 3571 ca
737 3529 807 3592 quae
831 3510 911 3573 fidei
936 3518 1020 3590 sunt,
1037 3513 1200 3593 probando

453 3608 605 3671 declaras.
622 3608 712 3672 Nunc
729 3610 825 3691 igitur
840 3610 1024 3691 quaestionis
1044 3619 1104 3672 tua¹
1127 3610 1198 3672 audi

454 3726 607 3788 responsa
628 3717 659 3769 et
680 3727 802 3771 causas.

298 3814 439 3869 &aalma
495 3805 581 3868 Nosti
616 3807 701 3887 quod
734 3806 789 3869 llei
818 3808 961 3889 perfecta
989 3816 1063 3869 sunt
1092 3827 1199 3889 opera,

297 3880 395 3986 *imp
411 3956 441 3993 ru.
455 3904 618 3984 Deumque
640 3905 838 3967 incarnatum
862 3906 969 3967 decuit
992 3925 1120 3969 omnem
1145 3906 1203 3967 im-

307 4006 341 4047 tt.

455 4001 543 4083 plcre
562 4001 729 4083 justitiam,
746 4022 873 4065 omnem
897 4023 1118 4067 consummare
1142 4005 1204 4066 vir-

455 4107 554 4161 tutem
570 4099 700 4161 omnino
720 4099 872 4182 perfecte,
889 4101 921 4162 in
944 4102 1080 4164 termino
1102 4102 1204 4164 excel-

1255 3119 1351 3196 tione,
1384 3118 1541 3199 augustia,
1571 3127 1603 3180 et
1637 3118 1668 3179 in
1698 3118 1935 3181 couversatione
1959 3135 1989 3178 ac

1255 3226 1396 3299 tempore
1410 3216 1566 3279 incolatus
1585 3216 1760 3298 praesentia.
1778 3216 1937 3292 Praeterea,
1953 3222 1991 3277 tot

1254 3325 1285 3379 et
1310 3324 1396 3377 tanta
1421 3314 1525 3377 taliter
1547 3314 1706 3395 patiendo,
1739 3314 1991 3377 inaestimabiliter

1255 3414 1325 3496 plus
1340 3432 1451 3476 omnes
1467 3431 1523 3475 vos
1538 3412 1807 3495 aedificavi,atque
1823 3414 1861 3475 ad
1875 3430 1988 3475 omnam

1254 3510 1479 3589 obedientiam,
1497 3511 1670 3588 caritatem,
1688 3511 1885 3593 patientiam,
1901 3508 1990 3571 bumi-

1255 3610 1386 3687 litatem,
1419 3610 1639 3685 constantiam,
1672 3628 1772 3690 usque
1801 3610 1840 3672 ad
1869 3616 1988 3671 mortem

1255 3708 1459 3785 exhibendas,
1487 3716 1574 3771 tanto
1600 3726 1670 3771 meo
1695 3708 1840 3789 exemplo
1863 3704 1988 3769 animari

1255 3826 1292 3869 ao
1315 3806 1471 3869 roboravi.

1296 3904 1418 3981 Adhuc,
1433 3902 1508 3984 quia
1523 3910 1609 3965 tanta
1631 3904 1693 3966 fnit
1714 3905 1883 3967 enormitas
1903 3901 1990 3964 scale

1257 4022 1326 4065 rum
1351 4001 1473 4079 mundi,
1490 4002 1575 4083 quod
1596 4002 1635 4064 ad
1655 4021 1692 4064 ea
1717 4001 1931 4065 universaliter
1949 4018 1991 4060 re·

1257 4101 1415 4163 movenda
1430 4108 1460 4162 et
1475 4100 1631 4181 expianda
1651 4119 1715 4163 non
1739 4100 1908 4164 suffecerat
1919 4116 1990 4181 pura

454 4197 571 4273 lentim,
595 4206 626 4259 et
650 4197 801 4279 quidquid
828 4199 1117 4281 supererogationis
1142 4209 1201 4280 est,
1217 4205 1241 4266 D
1257 4207 1401 4261 creatura
1415 4222 1421 4259 :
1434 4216 1540 4261 noune
1556 4199 1650 4260 talem
1666 4218 1724 4280 pro
1740 4218 1835 4261 causa
1850 4200 1904 4261 hac
1919 4214 1990 4257 mor·

454 4294 638 4378 plenissime
653 4295 826 4377 adimplere
845 4321 852 4359 :
869 4317 975 4361 noune
990 4316 1066 4379 ergo
1089 4298 1204 4361 decen-

307 4404 403 4509 2ζικυυι.
424 4421 438 4459 ι,
454 4394 614 4456 tissimum
650 4393 711 4456 fuit
738 4402 773 4457 ut
801 4415 870 4476 ege,
901 4397 955 4476 qui
985 4397 1057 4457 veui
1092 4397 1201 4459 tollere

454 4500 584 4575 peccata
605 4492 715 4554 muudi
732 4512 788 4574 per
803 4495 931 4555 modurn
953 4501 984 4555 et
1006 4494 1091 4556 viam
1114 4494 1203 4556 satis-

453 4589 600 4653 factionis
616 4599 647 4652 et
662 4591 828 4672 cujusdam
843 4591 1056 4671 justitiaa,nou
1069 4611 1125 4673 per
1141 4612 1203 4655 mo-

454 4690 530 4751 dum
546 4689 694 4770 potentia.
716 4709 752 4751 ac
775 4709 861 4771 purae
877 4690 1064 4766 clementia,
1083 4699 1203 4773 tempo-

454 4787 553 4848 ralem
569 4786 708 4849 subirem
732 4796 863 4850 mortem
885 4787 1201 4851 confusibilissimam

454 4894 548 4965 atque
568 4885 781 4964 durissimam,
799 4888 835 4949 ad
861 4886 1032 4949 delendum
1058 4888 1202 4950 omnium

454 4982 604 5045 vitiorum
633 4982 933 5046 inordinatissimam
966 4983 1199 5062 confusionem,

454 5080 672 5162 turpissimam
716 5080 903 5161 foeditatem,
945 5083 1200 5146 enormissimam

454 5180 663 5260 gravitateml
679 5188 710 5241 et
729 5179 816 5258 item,
833 5189 868 5241 ut
889 5190 990 5243 morte
1014 5199 1086 5242 mea
1105 5180 1203 5261 parti-

455 5278 556 5339 culari
581 5297 638 5339 scu
661 5277 819 5359 personali
845 5297 881 5341 ac
907 5277 1073 5360 temporali
1100 5286 1200 5341 totum

1257 4306 1320 4359 tem
1338 4296 1516 4359 voluntarie
1533 4297 1730 4374 sustinendo,
1750 4297 1922 4359 evidentius
1943 4312 1990 4375 pa-

1258 4394 1350 4457 tefeci
1380 4414 1475 4475 quam
1506 4395 1728 4457 inenarrabilis
1764 4396 1805 4457 sit
1832 4393 1989 4458 enormitas

1256 4492 1359 4557 omnis
1388 4493 1508 4573 peccati
1540 4492 1704 4555 mortalist
1731 4493 1899 4567 Postremo,
1921 4491 1988 4551 dum

1257 4600 1401 4653 naturam
1426 4610 1444 4652 a
1469 4610 1519 4653 me
1545 4600 1752 4673 assumptam,
1780 4591 1869 4671 mihi,
1894 4600 1921 4651 ut
1947 4588 1988 4649 sic

1257 4690 1377 4770 loquar,
1400 4690 1703 4771 superoarissimam,
1727 4709 1867 4772 meaeqne
1888 4684 1990 4751 ditini-

1256 4788 1312 4850 tati
1338 4788 1521 4850 immediata
1544 4808 1580 4851 ao
1605 4788 1764 4869 personali
1788 4788 1903 4850 unione
1922 4802 1990 4847 eon-

1255 4886 1411 4966 junctam,
1442 4894 1535 4967 atque
1570 4906 1627 4969 per
1663 4887 1722 4950 hoc
1759 4895 1824 4950 toto
1853 4885 1989 4948 universo

1257 4984 1351 5047 simul
1369 4992 1494 5066 sumpto
1509 4986 1771 5066 prestantiorem,
1790 4993 1834 5047 tot
1854 4992 1884 5046 et
1904 4981 1989 5044 tantis

1257 5081 1383 5163 injuriis
1407 5090 1439 5144 et
1464 5083 1640 5161 tormentis,
1662 5090 1707 5145 tot
1726 5090 1756 5144 et
1775 5082 1868 5143 tantis
1890 5096 1990 5161 oppro

1258 5181 1346 5260 briis,
1368 5180 1587 5261 blasphemiis,
1614 5179 1895 5263 persecutionibus,
1919 5186 1990 5238 tam-

1258 5296 1320 5360 que
1334 5278 1538 5342 amarissimae
1553 5286 1585 5341 et
1599 5276 1902 5359 ignominiosissima
1915 5292 1990 5337 mor
