4309 6259
434 525 475 572 na
495 524 653 573 renouare
673 526 711 572 ar
733 524 895 573 nrunrrara
914 526 1031 583 nanta,
1054 525 1203 595 amaru.
1226 544 1265 555 -
1287 526 1357 573 aar.
1381 527 1423 572 vu
1643 504 1700 569 571

154 692 285 776 insuper
312 693 440 758 unionis
468 694 565 776 hujus
594 694 756 776 objectum
787 694 901 757 melius
916 694 941 756 A
956 695 1002 757 ria
1016 712 1087 776 qua
1101 694 1133 756 in
1148 694 1299 758 creaturis
1313 695 1370 758 Dei
1385 694 1706 773 habetur,accidenta·

155 792 460 874 convenientiusque
474 793 607 871 exsistit,
624 812 663 856 eo
682 793 743 876 ipsi
758 801 822 855 tam
837 792 901 856 cla·
957 793 986 856 le
1002 795 1166 876 premium
1186 793 1381 877 perhibetur.
1399 793 1519 876 Nempe
1534 794 1561 857 si
1582 792 1705 855 laetatur
1719 816 1757 859 ra.
1768 817 1850 867 enar.

156 910 189 953 re
210 900 339 973 umque
360 891 540 954 immediate
564 891 705 974 copulari
731 890 901 954 delectabi-
957 892 1108 955 Dominus
1130 893 1163 955 in
1184 892 1335 974 operibus
1357 892 1434 970 suis,
1451 901 1573 955 certum
1595 892 1703 973 utique

155 988 219 1050 lius
246 997 305 1069 est,
331 989 498 1072 gloriosius
526 997 620 1071 atque
648 989 787 1052 suavius.
818 988 901 1051 Deus
957 990 1108 1072 quoniam
1123 998 1154 1053 et
1173 998 1285 1053 creatae
1305 998 1427 1053 mentes
1447 990 1480 1051 in
1495 990 1610 1054 decore
1629 1008 1705 1071 ope-

154 1095 261 1149 autem
284 1087 560 1168 incircumscripta
573 1094 621 1149 est
635 1086 772 1166 bonitas,
788 1094 821 1149 et
834 1106 902 1150 om·
957 1108 1028 1151 rum
1041 1089 1197 1152 Creatoris
1217 1089 1266 1151 sui
1281 1088 1449 1151 exsultant.
1466 1089 1602 1170 Ideoque
1620 1087 1704 1150 Psal-

156 1184 188 1245 ni
213 1185 324 1266 utique
346 1184 444 1247 menti
465 1204 588 1247 summe
613 1185 818 1248 conveniens.
836 1187 901 1248 Tua
957 1186 1151 1268 mographus
1175 1210 1182 1249 ε
1205 1186 1303 1261 Quam
1331 1187 1447 1249 dilecta
1469 1187 1537 1265 (ait)
1559 1186 1703 1248 taberna·
1717 1210 1850 1258 ramur,

155 1283 272 1364 itaqua,
289 1302 309 1346 o
326 1283 433 1362 llaria,
449 1282 482 1345 in
501 1283 565 1345 Deo
585 1283 746 1346 beatitudo
765 1282 901 1346 delecta·
957 1286 1029 1347 cula
1044 1293 1108 1363 tua,
1120 1284 1252 1347 Domine
1267 1284 1435 1346 virtutum!
1453 1283 1657 1365 Concupiseit
1672 1289 1704 1345 et
1718 1274 1738 1323 ²·
1754 1275 1774 1315 ³·

156 1380 311 1443 bilissima
337 1389 396 1460 est,
423 1380 611 1443 suavissima
638 1400 675 1443 ac
703 1400 826 1443 summe
854 1402 902 1444 se·
957 1380 1068 1444 deficit
1086 1382 1193 1444 anima
1212 1400 1284 1444 mea
1303 1381 1336 1442 in
1358 1382 1437 1443 atria
1458 1379 1595 1444 Domini.
1612 1380 1705 1443 Deni-

156 1499 244 1542 cura.
272 1481 318 1541 Tu
345 1479 379 1540 in
406 1480 506 1541 lleum
534 1479 682 1561 absorpta
708 1498 901 1561 pmrsusqne
957 1498 1030 1561 qne,
1048 1498 1111 1561 quo
1127 1488 1270 1542 creatura
1284 1479 1457 1561 pulchrior,
1475 1498 1537 1561 quo
1553 1478 1702 1556 sanctior,

156 1579 307 1639 immersa
331 1596 389 1652 es;
415 1576 461 1639 illi
491 1576 630 1640 resoluta
657 1586 689 1641 et
716 1577 899 1659 liquefacta,
957 1596 1021 1659 quo
1035 1577 1217 1660 perfectior,
1234 1597 1297 1658 quo
1319 1578 1383 1640 Deo
1398 1577 1543 1655 vicinior,
1560 1596 1597 1640 eo
1618 1594 1705 1657 pror-

156 1675 363 1757 simplifrcata
389 1684 422 1738 et
448 1675 589 1756 quietata
620 1695 654 1738 es
683 1675 715 1737 iu
745 1676 825 1757 ipso.
856 1677 902 1738 Tu
959 1696 1012 1737 sus
1030 1675 1196 1738 amabilior
1218 1677 1376 1738 censenda
1395 1684 1454 1738 est.
1471 1674 1630 1738 Elucescit
1651 1694 1706 1736 au-

48 1791 95 1852 rf-
114 1792 141 1824 ¹¹·
156 1794 240 1837 unus
255 1774 384 1856 spiritus
403 1792 477 1836 cum
494 1773 549 1835 illo
565 1797 573 1835 :
590 1773 636 1835 illi
656 1775 827 1853 adhaerere,
844 1774 902 1837 tibi
958 1782 1021 1836 tem
1051 1774 1200 1855 quoniam
1229 1773 1343 1835 Christi
1379 1772 1559 1835 humanitas
1588 1773 1705 1834 nedum

50 1873 55 1884 ’
155 1882 204 1935 εει
226 1891 318 1950 esse,
343 1891 418 1934 eum
444 1891 565 1953 sapere,
591 1871 649 1934 tihi
676 1872 803 1948 vivere;
829 1892 902 1935 eum
921 1866 1121 1934 BDivinitati
1139 1872 1281 1953 proxima
1302 1870 1352 1947 sit,
1371 1870 1424 1933 sed
1441 1871 1509 1933 sola
1522 1871 1618 1934 totius
1637 1871 1706 1932 uni-

156 1988 275 2049 amare,
292 1976 353 2031 tua)
373 1968 512 2045 delicia,
529 1968 561 2029 in
582 1986 621 2031 eo
642 1988 783 2043 manere,
800 1968 904 2051 perfe
958 1970 1054 2047 versi,
1081 1970 1224 2032 omnium
1253 1988 1378 2051 quoque
1406 1976 1438 2031 et
1466 1969 1542 2031 item
1571 1968 1707 2050 singulo

156 2076 206 2129 ota
221 2066 280 2129 tibi
297 2066 491 2129 contentatio
505 2074 616 2127 exstat.
960 2088 1029 2130 rum
1045 2068 1230 2145 electorum,
1240 2066 1660 2149 pulchritudinem,gratiam
1675 2074 1706 2129 et

195 2164 352 2245 Amplius,
371 2182 435 2243 quo
457 2173 491 2225 tu
512 2163 783 2245 superbenedicta
804 2165 905 2226 Trini-
959 2166 1105 2247 gloriam,
1121 2166 1335 2245 dulcedinem,
1357 2166 1554 2229 sanctitatem
1574 2165 1707 2229 felicita-

156 2262 210 2323 tati
238 2260 436 2341 familiarior,
454 2260 557 2323 carior
580 2269 676 2342 atque
700 2261 845 2338 vicinior,
866 2281 905 2325 eo
960 2272 1088 2344 temque
1117 2262 1250 2325 excedit.
1277 2263 1445 2343 Propterea
1474 2263 1508 2324 in
1536 2263 1607 2344 ejus
1636 2282 1707 2344 spe-

156 2360 269 2441 utique
293 2359 409 2421 clarius
432 2378 503 2422 eam
528 2359 627 2439 vides,
647 2358 779 2422 calidius
804 2379 903 2440 amas,
961 2361 1133 2437 culatione,
1151 2380 1275 2422 summa
1290 2364 1376 2441 (post
1395 2380 1465 2423 eam
1485 2380 1555 2442 quae
1574 2361 1606 2421 in
1622 2361 1707 2423 Divi-

156 2467 186 2521 et
201 2458 234 2519 in
256 2457 326 2539 ipsa
340 2457 465 2519 dulcius
479 2456 692 2538 conquiescis.
710 2458 838 2522 Constat
851 2477 906 2521 au·
960 2460 1070 2522 nitatis
1096 2460 1220 2521 visione
1242 2459 1302 2520 sita
1323 2468 1371 2521 est
1392 2458 1539 2541 gloriam)
1560 2459 1707 2521 consistit

155 2565 219 2619 tem
246 2555 322 2637 quia
344 2562 378 2617 tu
402 2555 458 2617 Dei
483 2554 582 2617 Patris
607 2555 703 2617 unica
728 2564 905 2637 sponsa,tu
958 2557 1154 2638 jucunditas.
1185 2556 1249 2619 Neo
1282 2556 1458 2638 comparari
1487 2564 1608 2638 queunt
1636 2557 1708 2619 uni-

155 2653 316 2735 Unigeniti
345 2652 415 2733 ejus
441 2652 537 2714 llater
563 2652 675 2729 electa,
706 2661 739 2715 tu
770 2653 905 2734 Spiritus
960 2674 1059 2717 versae
1092 2653 1186 2716 simul
1215 2674 1285 2736 quae
1313 2654 1346 2716 in
1380 2655 1461 2717 coelo
1494 2662 1641 2735 terraque
1674 2655 1706 2717 in

156 2752 267 2814 Sancti
295 2749 482 2830 triclinium,
507 2759 539 2813 et
566 2750 662 2813 totius
693 2760 905 2833 supersanctae
961 2761 1175 2815 creaturarum
1200 2752 1401 2835 possessione
1430 2761 1505 2815 sunt
1525 2752 1708 2815 delectatio-

156 2848 321 2911 Trinitatis
342 2846 635 2929 splendidissimum
657 2849 904 2912 reclinatorium.
961 2870 1027 2925 nes,
1045 2850 1152 2931 gloriae
1166 2850 1242 2913 huic
1263 2868 1359 2930 quam
1383 2850 1417 2911 in
1439 2850 1707 2932 contemplatione

47 2961 141 3011 aaa.
156 2945 223 3008 'libi
240 2946 324 3009 Deus
337 2945 427 3007 Pater
439 2944 649 3023 obumbravit,
664 2954 847 3027 tantamque
862 2966 908 3009 se
962 2948 1166 3010 humanitatis
1191 2946 1307 3009 Christi
1329 2947 1435 3010 Sancti
1463 2947 1496 3009 iu
1519 2948 1621 3030 patria
1642 2966 1708 3011 sor-

157 3064 229 3106 cum
248 3043 507 3106 communionem
522 3043 706 3125 impendere
726 3044 905 3127 incompre-
922 3046 943 3109 C
962 3046 1095 3108 tiuntur.

158 3141 310 3205 hensibili
344 3141 565 3204 benevolentia
600 3142 748 3224 dignatus
779 3152 837 3220 est,
873 3152 907 3205 ut
1001 3144 1112 3206 Adhuc
1133 3152 1248 3221 autem,
1266 3144 1300 3205 in
1320 3163 1357 3207 ea
1378 3144 1524 3221 homines
1545 3143 1710 3208 beatisin-
1742 3133 1744 3139 ’

158 3242 307 3303 eumdem
320 3258 429 3303 secum
442 3240 570 3302 unicum
587 3240 697 3302 Filium
713 3241 904 3322 possideres.
961 3242 1116 3322 gulariter
1136 3243 1275 3323 gaudent
1291 3266 1298 3304 :
1316 3242 1433 3324 quippe
1456 3261 1512 3324 per
1533 3261 1627 3323 quam
1650 3243 1710 3305 sal·

158 3339 201 3401 Te
225 3338 361 3420 Spiritus
387 3338 520 3401 Sanctus
549 3339 778 3420 impraegnavit,
805 3359 906 3421 eoque
962 3340 1026 3401 vati
1053 3347 1148 3417 sunt3
1165 3357 1259 3420 quam
1286 3348 1416 3422 propter
1440 3358 1549 3403 eorum
1575 3341 1709 3403 salutem

157 3436 303 3518 gannim
321 3454 417 3517 aquo
436 3436 503 3517 ipse
523 3437 667 3517 procedit
684 3444 716 3499 te
736 3436 905 3500 fecundam
961 3445 1048 3500 tanta
1072 3436 1221 3499 tolerasse
1246 3447 1442 3517 agnoscunt;
1459 3457 1478 3499 a
1498 3458 1560 3519 qua
1581 3438 1709 3501 demum

157 3535 332 3598 constituit.
358 3534 393 3595 ln
418 3542 449 3597 te
472 3534 569 3596 Filius
593 3534 647 3596 llei
672 3536 848 3616 descendit,
875 3545 907 3599 et
962 3535 995 3596 in
1017 3542 1082 3596 tam
1104 3534 1218 3595 eximia
1242 3534 1412 3598 dilectione
1437 3535 1589 3617 praeventi
1614 3544 1708 3615 sunt3

156 3654 193 3696 ex
212 3642 245 3695 te
265 3633 422 3695 veraciter
440 3650 576 3694 nascens
598 3632 736 3695 effluxit.
753 3633 906 3697 Praeterea
962 3651 1057 3714 quam
1088 3631 1148 3693 sibi
1177 3640 1241 3694 tam
1267 3631 1404 3695 similem
1433 3642 1589 3711 cernunt3
1616 3642 1709 3715 atque

156 3751 213 3813 per
245 3739 277 3792 te
307 3737 373 3793 tota
401 3729 574 3811 superfelix
603 3730 740 3793 l'rinitas
771 3732 905 3812 gloriam
962 3749 1019 3811 per
1038 3749 1134 3810 quam
1155 3730 1224 3812 ipsa
1244 3748 1354 3792 eorum
1374 3740 1486 3793 natura
1508 3731 1554 3794 sic
1576 3732 1711 3794 exaltata

155 3830 272 3911 adepta
290 3835 348 3890 est.
365 3827 485 3908 Nempe
505 3846 563 3909 per
582 3836 613 3891 te
631 3827 715 3891 fides
730 3828 800 3909 ejus
815 3849 906 3892 mun·
962 3827 1175 3908 deificataque
1197 3835 1254 3890 est.
1271 3828 1331 3890 Sed
1353 3828 1460 3908 tibi,o
1484 3828 1628 3909 Domina,
1645 3830 1710 3912 ple-

156 3929 195 3990 do
217 3926 376 4003 innotuit,
396 3934 490 4007 atqu'e
511 3935 554 4003 te,
575 3946 594 3990 o
616 3946 717 4004 sacra,
733 3929 903 4006 mediante,
962 3926 1035 3988 nior
1056 3926 1152 3988 nimis
1167 3934 1214 3989 est
1237 3926 1268 3987 in
1291 3926 1393 4008 ipsius
1413 3927 1563 4010 adspectu
1590 3928 1708 4007 laetitia,

156 4024 296 4088 coelestis
318 4031 367 4087 est
390 4032 533 4105 reparata
555 4024 703 4087 felicitas.
720 4025 851 4106 Jamque
873 4034 904 4088 te
962 4043 1001 4088 eo
1033 4025 1144 4105 utique
1177 4024 1343 4087 sublimior
1375 4042 1438 4105 quo
1470 4045 1540 4087 eam
1574 4026 1710 4107 amplius

157 4124 263 4203 modo,
288 4140 308 4185 o
332 4121 453 4203 Regina
476 4122 602 4202 letitiae,
629 4123 767 4185 Trinitas
797 4132 907 4186 sancta
962 4142 1062 4202 amas,
1078 4141 1142 4203 quo
1157 4122 1244 4183 illius
1259 4131 1290 4185 et
1304 4123 1350 4185 tui
1366 4123 1470 4204 major
1487 4134 1534 4186 ost
1549 4125 1663 4203 unitae,
1680 4133 1712 4187 ct

156 4222 301 4284 laetanter
340 4220 582 4302 complectitur3
619 4229 650 4284 te
691 4221 1025 4303 superlucentillquo
1042 4220 1257 4303 insuperejus
1272 4220 1381 4302 gloriae
1397 4222 1617 4284 vehementius
1637 4242 1711 4285 con-

156 4320 327 4401 splendore
346 4319 532 4398 circumdat,
549 4319 651 4401 gloria
671 4320 794 4402 implet,
811 4329 842 4382 et
861 4320 908 4382 in·
962 4320 1139 4400 gratularis.
1171 4318 1246 4394 Quis
1279 4337 1354 4381 vero
1384 4319 1589 4383 conscribere
1617 4328 1712 4401 queat

156 4415 364 4497 comparabili
380 4415 502 4479 honore
517 4417 643 4480 exaltat.
964 4435 1059 4497 quam
1083 4417 1194 4478 intime
1210 4418 1439 4479 humanitatem
1454 4417 1569 4479 Christi
1585 4418 1709 4499 diligas,

962 4534 981 4577 o
1003 4514 1223 4592 mundissima,
1241 4532 1335 4595 quam
1359 4515 1450 4595 virgo
1472 4516 1659 4598 concepisti,
1678 4516 1710 4577 in

357 4624 603 4688 ARTICULUS
629 4624 704 4687 vll,
962 4621 1053 4675 utero
1075 4612 1195 4690 fovisti,
1222 4630 1291 4692 quaa
1316 4612 1498 4674 substantiae
1524 4621 1584 4676 tuce
1609 4614 1711 4696 portio

962 4719 1010 4772 est
1035 4719 1066 4772 et
1089 4709 1209 4792 aliquid
1234 4710 1290 4789 tui,
1318 4728 1492 4791 perquam
1518 4718 1551 4773 tu
1576 4712 1710 4794 gloriam

963 4816 1082 4870 tantmn
1107 4816 1293 4887 tantumque
1316 4807 1469 4870 honorem
1491 4819 1635 4872 assecuta
1654 4814 1710 4873 esf

962 4906 1067 4983 Porro,
1085 4924 1180 4986 quam
1195 4906 1373 4968 eminenter
1392 4906 1578 4969 beatitudini
1601 4910 1712 4970 huma-

962 5004 1070 5065 nitatis
1095 5004 1203 5065 dilecti
1227 5004 1271 5065 tui
1293 5005 1503 5085 congaudeas,
1520 5004 1612 5068 effari
1638 5006 1709 5086 quis

47 5127 143 5173 ecura.
228 5104 417 5163 lusurus
430 5121 520 5161 meus
538 5104 748 5178 milri,etepo
768 5104 909 5181 illaquc'
963 5102 1144 5185 possitho
1159 5102 1205 5180 (ni
1227 5101 1334 5180 fallor)
1349 5100 1420 5183 plus
1435 5102 1463 5163 ei
1479 5104 1709 5184 congratularis

238 5200 390 5276 pascitur
414 5200 505 5259 inter
529 5202 614 5260 lilio.
641 5200 816 5263 Essentiale
844 5200 908 5263 ele·
961 5219 1024 5281 quo
1049 5218 1120 5261 eam
1146 5199 1218 5282 plus
1239 5198 1357 5279 diligis,
1375 5208 1407 5261 et
1427 5201 1503 5262 item
1525 5220 1587 5281 quo
1608 5202 1709 5284 ipsius

158 5304 283 5360 etorum
297 5296 477 5378 premium,
489 5295 544 5360 bei
557 5297 639 5361 visio
654 5305 713 5360 est.
729 5298 824 5362 Porro
839 5298 906 5380 glo
962 5297 1039 5361 elim
1054 5296 1217 5361 laboribus
1232 5304 1263 5359 et
1278 5297 1554 5380 amaritudinibus,
1566 5300 1707 5383 passioni

159 4765 205 4822 De
224 4764 360 4822 sublimi
378 4765 438 4821 itta
457 4764 575 4822 loett'ta'a
594 4783 693 4841 prtum
715 4764 750 4823 irc
770 4774 908 4824 contem·

194 4854 343 4926 piatione
360 4852 579 4911 humanitatis
597 4854 722 4913 Christi
730 4854 907 4928 jucundis-

197 4942 282 5000 sima
307 4943 401 5017 Virpo
422 4943 571 5016 suscepit.
