4309 6259
578 478 736 551 exeosrrm
758 478 855 525 urmu
880 480 886 524 :
910 479 1044 525 omarus
1065 479 1152 526 rorrs
1172 478 1291 526 oasrurr
1672 462 1713 526 49

166 646 262 708 totius
277 646 488 711 itinerationis
502 667 566 711 sue
583 666 910 731 pmgressum,quem-
925 650 950 710 Α
967 656 1065 711 ctens.
1088 650 1182 713 Porro
1203 650 1332 733 pmpria
1353 650 1444 713 sedes
1464 648 1577 712 Christi
1601 668 1713 712 secuu-

165 744 335 807 admodum
366 745 398 807 in
428 754 515 809 motu
546 746 693 810 circulari
723 747 844 809 reditur
872 748 911 810 ad
965 746 1041 809 dum
1070 748 1312 827 humanitatem,
1337 756 1386 811 est
1412 748 1503 829 quies
1531 754 1563 808 et
1590 745 1714 809 mansio

165 841 267 903 exitus
282 852 446 923 puuctum.
466 847 533 913 an
548 844 600 906 dic
616 847 777 914 Christus,
794 847 913 905 mundi
966 842 1036 924 ejus
1060 846 1093 906 iu
1118 846 1294 927 potioribus
1317 846 1411 910 bonis
1432 844 1543 921 Patris,
1563 843 1714 924 quoniam

164 959 245 1016 spes,
262 940 294 1003 id
316 949 364 1003 θεῖ
384 941 544 1022 objectum
567 950 598 1005 et
618 961 712 1005 causa
731 950 825 1022 atquc
848 960 913 1003 ma·
967 943 1116 1005 increatis
1130 944 1201 1024 ejus
1220 943 1341 1005 divitiis
1360 942 1580 1025 copiosissime
1599 940 1715 1002 fruitur

166 1036 245 1099 teria
274 1038 340 1120 spei
372 1037 517 1101 fidelium
548 1040 581 1102 in
618 1039 677 1103 boe
711 1040 831 1102 mundo
859 1040 913 1101 de
968 1058 1067 1119 usque
1082 1040 1121 1101 ad
1143 1040 1359 1102 omnimodam
1382 1058 1447 1101 sue
1461 1036 1646 1120 capacitatis
1667 1055 1717 1099 re·

167 1134 321 1217 gentium,
337 1144 369 1197 et
390 1136 507 1199 hunum
532 1156 691 1199 summum
713 1137 754 1199 ab
774 1138 821 1199 eis
844 1155 913 1217 spe-
968 1136 1140 1218 pletiouem
1163 1160 1170 1197 ε
1191 1156 1210 1198 θ
1228 1156 1291 1218 qua
1314 1146 1420 1200 tamen
1442 1136 1516 1198 sede
1538 1128 1736 1197 secundum

169 1240 282 1309 ratum,
306 1240 414 1314 utpote
434 1237 534 1304 Deus,
556 1236 595 1296 ad
619 1253 714 1314 quem
739 1242 807 1297 orat
830 1234 913 1296 Psal-
968 1234 1197 1297 humanitatem
1217 1242 1289 1297 ante
1309 1253 1373 1298 non
1393 1233 1577 1311 descendit;
1594 1232 1649 1295 sed
1669 1251 1717 1295 re-

18 1350 58 1395 rs.
70 1354 155 1401 servs.
169 1330 262 1392 mista
279 1353 287 1391 :
304 1330 421 1393 Exaudi
438 1350 506 1408 uos,
524 1332 606 1393 Deus
628 1332 773 1394 salutaris
793 1340 911 1409 noster,
968 1352 1091 1395 measse
1125 1332 1319 1414 perhibetur,
1356 1333 1396 1395 ad
1431 1331 1716 1395 commendandam

169 1448 241 1509 spes
270 1428 413 1491 omnium
442 1428 558 1491 finium
588 1438 699 1505 terre3
729 1432 913 1490 conscendit
969 1431 1123 1493 unitatem
1151 1449 1294 1512 persone
1322 1430 1355 1492 in
1380 1448 1418 1493 eo
1441 1431 1495 1511 qui
1520 1429 1560 1492 ab
1588 1428 1716 1493 exordio

167 1530 260 1587 celos
287 1529 421 1596 arduos,
450 1526 482 1589 id
510 1534 558 1589 ost
582 1526 745 1603 sublimes,
776 1528 815 1588 ad
845 1544 914 1607 per·
968 1528 1088 1590 exstitit
1115 1528 1171 1591 ibi.
1198 1530 1288 1591 Juxta
1310 1547 1405 1609 quem
1431 1546 1559 1590 sonsum
1585 1527 1718 1607 subiun-

28 1638 152 1691 accersa.
169 1623 355 1704 tingendum
391 1622 555 1701 difficiles,
594 1624 744 1705 quoniam
782 1642 913 1704 reguum
968 1625 1078 1705 gitur:

20 1704 52 1745 ¹²·
169 1721 322 1783 coelorum
344 1721 409 1784 vim
431 1721 561 1803 patitur,
581 1730 613 1783 et
633 1722 764 1785 violenti
788 1722 915 1803 rapiunt
1011 1726 1130 1787 Gavisa
1154 1735 1231 1785 sant
1254 1727 1328 1785 caeli
1351 1744 1465 1801 regna,
1492 1724 1524 1785 id
1552 1730 1601 1785 est
1628 1722 1717 1785 chori

17 1846 153 1896 campa,
170 1818 259 1881 illud.
277 1818 400 1881 Etenim
422 1826 509 1881 arcta
529 1828 577 1882 est
598 1820 649 1882 via
671 1820 781 1882 salutis
801 1820 915 1902 perdu-
930 1819 954 1882 B
970 1830 1002 1883 et
1029 1822 1157 1884 ordines
1181 1842 1237 1883 seu
1262 1822 1390 1903 agmina
1417 1820 1603 1903 augelorum
1630 1844 1637 1881 x
1662 1819 1717 1901 qui

170 1936 246 1979 cens
261 1917 299 1979 ad
319 1916 382 1979 alta
402 1917 566 1981 coelorum.
583 1918 663 1981 llinc
684 1918 829 2000 predixit
843 1918 916 1981 Pro
970 1939 1082 1983 omnes
1103 1928 1178 1983 suut
1197 1940 1296 1982 unum
1319 1920 1414 1984 totale
1436 1938 1581 2001 regnum,
1599 1918 1632 1979 iu
1654 1935 1717 1998 quo

30 2034 72 2077 rs.
91 2046 155 2083 uvat,
170 2015 266 2097 pheta
287 2038 293 2076 :
315 2014 441 2078 Psallite
462 2015 606 2093 Domino,
622 2016 678 2098 qui
700 2016 844 2079 ascendit
864 2036 915 2078 su·
970 2017 1203 2101 perfectissime
1227 2027 1339 2100 regnat
1362 2019 1501 2096 Creator,
1527 2037 1546 2079 a
1570 2035 1633 2099 quo
1657 2034 1717 2079 nec

17 2102 50 2147 ³³·
64 2099 100 2139 ³⁴·
171 2132 227 2195 per
248 2112 345 2176 coelos
367 2114 532 2177 caelorum.
971 2117 1003 2178 iu
1027 2116 1161 2179 miniano
1185 2125 1217 2179 et
1244 2135 1374 2198 prorsus
1403 2116 1436 2177 iu
1460 2116 1549 2179 nullo
1577 2132 1718 2196 unquam

209 2212 271 2275 lsta
281 2212 425 2275 ascensio
441 2213 592 2295 competit
602 2212 724 2276 Christo
740 2214 914 2276 secundum
970 2214 1184 2293 dissentiuut;
1201 2223 1275 2277 sunt
1288 2224 1394 2277 autem
1409 2215 1501 2296 plura
1514 2213 1719 2296 particularia

169 2318 313 2373 naturam
342 2311 525 2373 humanam.
550 2312 773 2375 Verumtamen
804 2332 916 2374 secun·
972 2331 1080 2393 regua,
1104 2312 1187 2374 sicut
1207 2320 1240 2374 et
1259 2313 1397 2393 agmina.
1414 2311 1625 2375 conformiter
1646 2318 1721 2372 sunt

169 2408 244 2470 dum
267 2416 411 2470 naturam
433 2408 575 2471 divinam
598 2409 693 2471 etiam
715 2408 866 2471 convenit
885 2408 913 2470 ei
971 2430 1035 2473 uua
1057 2410 1162 2473 totalis
1184 2409 1373 2472 universalis
1395 2408 1594 2491 triumphans
1612 2408 1720 2471 Eccle-

170 2505 315 2569 asceusio
329 2524 386 2587 per
400 2506 606 2568 eminentiam
622 2507 704 2569 ultra
719 2514 834 2569 cuncta
848 2526 916 2569 ore-
972 2508 1019 2571 sia
1037 2532 1043 2569 :
1060 2515 1200 2570 attamen
1221 2507 1286 2570 dici
1307 2516 1439 2589 possent
1460 2506 1568 2588 plures
1582 2505 1721 2588 particu-

169 2612 231 2683 ata,
247 2611 279 2666 et
293 2623 350 2686 per
364 2604 627 2667 innotescentiam
643 2604 836 2668 excellentie
852 2624 916 2667 sue
973 2607 1054 2669 lares
1081 2605 1313 2689 triumphantes
1332 2605 1495 2683 Ecclesie,
1517 2605 1721 2685 quemadmo-

170 2700 204 2763 in
227 2702 375 2765 cordibus
397 2701 728 2783 contemplativorum,
744 2710 838 2784 atque
860 2722 917 2785 per
973 2707 1048 2768 dum
1077 2705 1220 2767 militaus
1243 2722 1369 2785 quoque
1394 2703 1536 2765 Ecclesia
1560 2702 1720 2765 interdum

170 2799 388 2883 operationem
413 2800 446 2861 iu
472 2801 615 2863 summis.
637 2800 723 2863 Unde
747 2802 781 2863 in
806 2802 918 2863 Deute-
973 2803 1092 2866 dicitur
1106 2821 1180 2881 una,
1197 2802 1368 2883 aliquando
1382 2800 1500 2884 plures.
1517 2799 1632 2862 Gavisa
1646 2806 1722 2862 suut

25 2920 122 2971 ms,
172 2898 316 2962 renomio
339 2898 458 2980 Moyses
485 2898 641 2980 scripsit:
663 2899 820 2961 Asceusor
843 2898 916 2961 coeli
973 2917 1047 2980 ergo
1070 2902 1182 2961 reditu
1207 2901 1388 2977 Unr'qem'ti,
1411 2899 1451 2961 de
1474 2897 1568 2979 cujus
1592 2916 1721 2960 recessu

17 2992 146 3095 ffl'fflq
172 2996 339 3059 auxiliator
366 3003 458 3071 tuus3
483 3004 514 3059 et
542 2996 707 3059 Psalmista
733 3020 740 3057 ε
766 2996 918 3059 Ascendit
936 3002 957 3064 C
973 3017 1029 3060 seu
1044 2998 1200 3061 descensu
1215 3016 1279 3061 nou
1301 2995 1432 3059 fuerunt
1452 2996 1648 3073 contristata,
1665 2995 1720 3057 sed

50 3086 54 3094 ’
113 3082 118 3102 '
152 3080 268 3177 ¹super
282 3092 464 3173 Cherubim,
481 3103 513 3157 θῖ
527 3093 657 3158 volavit.
973 3095 1007 3156 in
1028 3095 1100 3177 ejus
1121 3114 1255 3159 ascensu
1276 3113 1314 3156 ac
1335 3094 1439 3156 reditu
1460 3112 1534 3156 cum
1556 3101 1643 3156 muto
1667 3092 1722 3155 tri-

80 3215 101 3271 2
210 3195 395 3256 Asceadeas
417 3193 572 3254 facttum
586 3196 758 3263 Dominus,
774 3194 849 3274 quia
869 3196 918 3273 (ut
973 3194 1093 3275 umpho
1117 3212 1155 3255 ac
1179 3192 1294 3275 spolio,
1314 3210 1434 3255 novum
1458 3198 1491 3253 et
1513 3190 1722 3253 ineffabiliter

21 3314 156 3370 Eptaeau,
172 3298 300 3355 mustus
314 3290 427 3353 asserit
441 3290 567 3371 Paulus)
582 3291 726 3354 ascendit
741 3310 836 3373 super
850 3310 917 3355 om·
971 3293 1092 3373 grande
1105 3292 1268 3374 gaudium,
1285 3292 1325 3353 ad
1345 3290 1542 3353 accidentale
1556 3288 1720 3372 pertinens

17 3380 46 3421 ¹⁰·
171 3408 228 3453 nes
244 3390 341 3452 coelus
358 3412 365 3450 :
383 3406 446 3452 nou
462 3390 545 3470 quod
561 3390 602 3451 sit
616 3390 790 3452 secuudum
805 3390 916 3453 huma·
971 3389 1150 3471 premium,
1176 3389 1210 3450 in
1233 3389 1338 3451 beatis
1362 3387 1425 3451 illis
1450 3396 1499 3451 est
1523 3396 1627 3452 ortum
1652 3387 1720 3451 sive

169 3490 302 3553 nitatem
331 3494 416 3549 extra
445 3495 476 3550 ct
510 3505 605 3569 supra
636 3507 812 3551 convexum
842 3489 914 3552 coeli
972 3487 1108 3551 refulsit.
1136 3488 1203 3550 lmo
1236 3487 1430 3550 credendum
1464 3486 1601 3564 videtur,
1635 3486 1719 3568 quod

169 3586 323 3671 empyrei,
341 3586 405 3650 imo
427 3584 510 3649 infra
531 3604 708 3649 concavum
723 3587 792 3668 ejus
815 3588 916 3651 conti·
971 3604 1082 3647 omnes
1097 3584 1144 3646 illi
1165 3584 1296 3666 gloriosi
1319 3584 1406 3647 cives
1428 3584 1558 3667 superni
1573 3602 1720 3646 reveren-

167 3695 261 3751 netur
284 3705 321 3749 ac
345 3685 482 3763 residet3
504 3686 559 3747 sed
581 3704 677 3767 super
696 3685 812 3748 coelum
834 3685 913 3749 illud
970 3682 1114 3761 dissime,
1140 3682 1346 3745 celeberrime
1373 3700 1410 3744 ac
1433 3681 1664 3763 jucundissime
1688 3680 1719 3743 ei

165 3785 284 3851 dicitur
298 3784 491 3861 ascendisse,
509 3784 660 3864 quoniam
683 3802 782 3864 usque
804 3783 842 3847 ed
863 3804 914 3845 su·
970 3782 1097 3844 obviam
1120 3787 1355 3864 pmcessemnt,
1377 3798 1537 3862 acusque
1559 3779 1599 3842 ed
1620 3778 1719 3841 Patris

165 3902 312 3967 premum
334 3881 404 3963 ejus
426 3881 581 3963 pervenit.
605 3884 786 3958 Propriam
807 3886 913 3943 sedem
970 3880 1129 3943 dexteram
1144 3879 1487 3961 deduxemut:uempe
1502 3877 1529 3939 si
1545 3896 1640 3960 super
1653 3896 1719 3941 uuo
1733 3902 1865 3954 magro,

166 4002 323 4045 remeans.
341 3980 471 4061 Pmpria
491 3980 581 4043 sedes
601 3979 715 4041 Christi
738 3979 913 4043 secuudum
969 3986 1135 4060 peccatore
1162 3977 1384 4060 paenitentiam
1419 3984 1532 4058 agente
1566 3975 1718 4057 gaudium

164 4078 292 4144 deitatis
320 4087 478 4156 naturam,
508 4086 557 4141 est
584 4078 747 4159 equalitas
776 4078 845 4158 ejus
873 4079 912 4141 ad
968 4084 1017 4139 est
1030 4076 1153 4157 augelis
1167 4076 1235 4152 Dei,
1252 4075 1292 4138 de
1314 4094 1378 4139 uno
1399 4094 1525 4157 quoque
1540 4074 1656 4137 Sancto
1678 4075 1719 4137 ad

164 4178 300 4256 Patrem,
327 4176 359 4239 iu
385 4196 448 4257 qua
471 4176 662 4239 eternaliter
687 4183 718 4237 et
742 4176 914 4238 invariabi-
929 4173 954 4235 D
969 4194 1079 4239 eorum
1095 4173 1278 4238 societatem
1298 4193 1334 4236 ac
1356 4173 1585 4237 beatitudiuem
1599 4172 1719 4255 pertin-

166 4276 239 4341 liter
267 4295 305 4339 ac
334 4274 613 4358 superbeatissime
642 4273 851 4356 conquiescit,
882 4282 914 4337 et
969 4282 1063 4356 geute
1092 4274 1261 4351 exsultant,
1290 4292 1386 4354 quam
1415 4272 1626 4335 indicibiliter
1652 4291 1720 4335 am·

165 4394 183 4438 a
205 4392 268 4457 qua
291 4392 454 4456 uunquam
476 4382 507 4436 ct
529 4392 686 4454 nusquam
709 4374 828 4437 recedit
850 4375 913 4437 :ad
969 4373 1054 4454 plius
1070 4391 1166 4453 super
1179 4372 1282 4434 reditu
1295 4370 1449 4434 Creatoris
1471 4390 1508 4435 ac
1529 4371 1718 4453 reparatoris

166 4492 261 4556 quem
278 4472 380 4535 nihilo
402 4472 508 4535 minus
528 4471 629 4535 fertur
649 4472 850 4535 ascendendo
866 4492 914 4535 rc-
971 4470 1069 4533 mine
1084 4480 1116 4533 et
1129 4469 1244 4533 excidii
1261 4469 1348 4531 urbis
1364 4489 1428 4533 sue
1441 4477 1535 4552 atque
1547 4469 1716 4533 consortiit

166 4590 301 4650 measse,
325 4571 520 4634 ostendendo
542 4590 576 4634 se
598 4570 665 4633 illic
687 4589 770 4635 novo
794 4572 915 4654 specie·
1009 4572 1128 4647 Macci
1155 4570 1361 4645 triumphum
1391 4570 1518 4646 prelii,
1546 4576 1607 4631 etc.
1637 4568 1718 4631 Ordo

167 4670 254 4752 lique
279 4669 384 4747 modo,
406 4670 555 4733 videlicet
576 4670 672 4732 etiam
695 4669 729 4731 in
753 4678 916 4751 assumpta
972 4667 1140 4731 verborum
1173 4675 1223 4729 est
1251 4690 1259 4728 ι
1290 4666 1361 4749 Ιρεθ
1394 4665 1533 4748 (supple,
1562 4665 1719 4745 Christus)

168 4768 377 4847 humanitate,
393 4786 489 4850 quam
512 4769 703 4831 assumendo
724 4768 842 4831 dicitur
862 4770 916 4832 de-
967 4776 1184 4844 praesentans,
1206 4764 1238 4826 id
1260 4772 1319 4843 est,
1341 4772 1531 4847 presentem
1552 4763 1718 4844 exhibens,

170 4866 344 4945 scendisse,
360 4866 415 4948 qui
437 4886 471 4930 se
494 4866 538 4929 ibi
560 4874 653 4929 autea
674 4868 862 4931 monstravit
882 4869 916 4931 iu
972 4868 1129 4936 saltibus,
1145 4864 1177 4927 id
1191 4872 1240 4926 est
1253 4863 1316 4946 piis
1335 4861 1571 4946 conspectibus,
1587 4863 1642 4925 llei
1655 4867 1720 4926 Pa·

171 4966 238 5031 sole
252 4965 466 5029 deitate.llinc
482 4988 499 5025 a
515 4965 613 5029 altum
629 4987 646 5025 n
662 4965 696 5027 in
710 4966 794 5048 quod
809 4986 918 5029 ascen-
973 4966 1048 5035 tris,
1059 4965 1203 5040 gloriam
1217 4964 1329 5022 carnis
1343 4964 1502 5033 victricis,
1518 4962 1549 5023 id
1564 4970 1613 5024 est
1625 4960 1722 5042 glori·

171 5064 229 5144 dit,
246 5072 349 5148 potest
371 5063 506 5145 intelligi
528 5063 645 5127 coelum
666 5064 841 5144 Trinitatis,
856 5066 917 5129 boc
973 5082 1062 5127 osam
1076 5080 1167 5125 suam
1178 5080 1305 5124 carnem
1321 5061 1572 5125 adversariarum
1587 5068 1723 5142 potesta-

171 5172 221 5227 est
248 5162 376 5225 infinita
403 5162 552 5243 majestas
580 5171 613 5225 ct
639 5163 826 5228 excellentia
849 5165 916 5244 Dei,
975 5171 1041 5225 tum
1056 5180 1093 5224 ac
1108 5162 1252 5225 omnium
1263 5159 1490 5223 adversitatum
1501 5178 1539 5221 ac
1553 5175 1721 5241 poenamm

171 5260 280 5325 omnia
318 5259 474 5340 ambiens,
511 5260 689 5341 continens,
730 5262 920 5345 circumple
976 5260 1213 5343 superatrlcem,
1244 5260 1462 5337 triarnpbam,
1492 5257 1525 5320 id
1560 5264 1618 5335 est,
1651 5275 1722 5337 que

298 5394 330 5447 Τ.
349 5394 389 5445 85.
1581 5391 1597 5441 l
