4309 6259
648 504 805 553 nxrosrrro
826 506 923 553 ιιιιιιιι
948 514 954 551 :
978 506 1085 555 saonis
1105 509 1261 557 ιοιιιιιιιι
1689 496 1730 561 69

183 683 273 760 parte
288 676 473 759 quantitatis
488 675 671 740 substantie
686 676 746 741 sub
760 696 824 759 qua
837 677 931 741 exsti·
946 678 971 743 Α
986 688 1018 743 et
1032 679 1162 763 sangaris
1176 698 1266 744 maus
1280 698 1354 743 vere
1369 686 1417 743 est
1431 688 1537 763 potus.
1551 684 1616 743 Dat
1634 686 1731 759 panta

183 776 222 838 tit
235 774 411 838 substantia
434 774 526 857 panis
551 783 623 839 ante
647 776 929 841 consecrationem.
984 781 1114 839 coeticus
1126 781 1247 856 figuris
1262 782 1453 849 terminum,
1462 778 1495 841 id
1508 788 1558 841 est
1559 779 1732 861 ,Christua,

184 874 227 936 lle
246 873 297 935 bis
317 880 446 955 possent
464 872 554 955 quasi
575 872 704 935 infinita
724 873 833 937 induci
837 894 931 957 ,quaa
986 876 1040 956 qui
1056 876 1096 938 de
1111 876 1192 939 coelo
1205 876 1372 939 descendit
1385 895 1482 957 acque
1497 876 1531 939 in
1549 876 1734 942 Sacramen-

45 986 167 1040 ιιι..ιιιι
185 990 280 1053 super
307 978 455 1053 quartum
480 970 715 1034 Sententiarum
741 980 815 1035 sunt
839 992 932 1056 expe-
986 980 1017 1036 to
1033 974 1076 1037 ita
1095 974 1261 1057 impendit,
1275 974 1427 1057 imposuit
1444 973 1544 1037 finem
1564 976 1734 1039 sacrificiis

43 1049 168 1103 ¹²⁴''⁵¹⁸⁰‘⁸
184 1070 260 1134 dita.
986 1072 1077 1153 legis,
1098 1080 1207 1154 utpote
1232 1071 1309 1134 finis
1334 1080 1366 1135 et
1388 1072 1505 1135 veritas
1529 1092 1567 1137 ao
1590 1092 1735 1137 consuan-

99 1167 116 1221 t
224 1170 321 1231 Dedit
335 1168 527 1245 frmitibus,
540 1166 571 1229 id
586 1174 635 1231 est
648 1167 813 1251 discipulis
827 1169 930 1233 adhuc
985 1170 1082 1233 matio
1106 1190 1163 1232 seu
1187 1170 1371 1252 adimpletio
1399 1170 1583 1252 figuralium
1611 1171 1736 1235 sacrifi-

183 1268 222 1331 ad
256 1266 339 1328 mala
374 1264 581 1347 proclivibus,
611 1274 706 1348 prout
737 1267 832 1349 paulo
861 1274 932 1350 post
986 1268 1119 1331 cicmm.
1134 1268 1209 1332 ldeo
1224 1268 1281 1332 illa
1294 1288 1431 1348 servare,
1447 1278 1531 1332 esset
1548 1288 1644 1352 opere
1663 1271 1734 1353 ipso

183 1364 662 1447 patuit,corpcrisferculum,
687 1364 792 1427 idest
816 1382 931 1447 eorpus
985 1367 1152 1429 ostendere
1179 1386 1291 1429 verum
1319 1375 1351 1430 et
1377 1366 1550 1449 figuratum
1580 1368 1735 1432 sacrifici-

183 1463 326 1525 suumin
340 1462 454 1525 anime
474 1461 643 1525 ferculum.
659 1465 758 1525 Dedit
778 1472 809 1523 et
828 1466 932 1524 tristi·
986 1482 1040 1525 um
1065 1465 1162 1545 istud,
1179 1464 1302 1527 scilicet
1326 1464 1497 1544 Christum,
1518 1466 1661 1530 nondum
1681 1486 1736 1531 ve·

184 1564 243 1622 bus
270 1562 444 1639 sanguinis
467 1565 622 1637 poculum
650 1582 662 1621 .·
689 1561 805 1643 quibus
832 1580 931 1643 quum
986 1562 1084 1627 nisse.

53 1683 79 1712 oa
111 1700 116 1713 ·
185 1659 326 1739 dixisset,
342 1658 428 1721 Unus
452 1676 491 1721 ex
511 1657 603 1722 vobis
617 1676 668 1721 me
686 1659 799 1739 tradet,
816 1659 932 1724 contri·
1025 1666 1049 1724 0
1069 1683 1121 1722 res
1145 1664 1322 1733 mirabitis,
1337 1680 1434 1744 quam
1454 1682 1519 1727 non
1538 1663 1623 1745 sapit
1639 1664 1735 1729 bomo

41 1734 71 1774 ²‘
96 1809 110 1837 ι
150 1828 155 1837 ,
185 1757 258 1821 stati
282 1765 357 1819 suut
379 1756 481 1819 valde.
508 1759 626 1819 Dicens
645 1759 822 1835 :Accipite
846 1760 933 1838 qaod
986 1760 1124 1825 carnalis
1151 1768 1206 1824 aut
1229 1759 1393 1823 infidelist
1419 1764 1597 1822 manducat
1624 1766 1736 1825 nomi-

41 1871 94 1909 nc.
121 1861 132 1900 2
162 1858 282 1916 rtrado
310 1858 491 1925 vasculum,
516 1854 548 1917 id
577 1862 623 1917 est
649 1854 782 1918 calicem
807 1855 840 1918 in
868 1874 931 1937 quo
949 1858 1066 1921 Boum
1090 1859 1197 1922 lesum
1220 1858 1378 1921 Christum
1402 1876 1543 1935 pauper,
1567 1880 1681 1921 aereus
1703 1870 1735 1921 et

40 1934 77 2025 ξ’
104 1953 108 1962 “
126 1934 169 1971 ‘¹¹'
185 1952 316 2035 sanguis
335 1972 424 2017 meus
444 1953 511 2034 jam
531 1954 721 2017 continetur.
737 1952 806 2017 Non
825 1962 930 2017 autem
986 1959 1135 2025 humitis,
1150 1956 1204 2037 qui
1220 1955 1265 2017 nil
1287 1955 1361 2019 boni
1376 1955 1471 2018 babet
1485 1976 1523 2019 ex
1542 1975 1586 2019 se.
1604 1957 1735 2020 Verum

184 2051 265 2113 dixit
278 2051 345 2115 brec
361 2052 457 2115 verba
471 2050 531 2113 sub
550 2050 609 2114 hac
630 2050 743 2129 forma,
759 2052 814 2115 sed
834 2070 933 2133 quan·
986 2062 1092 2117 tamen
1107 2071 1173 2117 non
1188 2053 1359 2116 manducat
1372 2053 1458 2116 bunc
1473 2053 1582 2116 cibum
1601 2063 1637 2116 ut
1654 2054 1734 2119 alios

186 2158 253 2212 tum
277 2151 316 2212 ad
341 2166 470 2213 sensum
490 2148 672 2213 verbomm.
694 2154 809 2214 Omnes
832 2171 873 2210 ed
896 2171 931 2211 eo
986 2152 1086 2231 cibos,
1106 2152 1182 2233 quia
1205 2170 1265 2214 nec
1283 2169 1357 2213 eum
1377 2152 1548 2232 consumit,
1565 2170 1624 2215 nec
1644 2152 1678 2214 in
1700 2171 1734 2216 se

183 2248 342 2311 btoitesid
358 2255 504 2327 est‚tunc
519 2247 660 2311 universi
675 2254 707 2311 et
721 2248 839 2330 singuli
854 2248 932 2330 Apo
987 2258 1186 2329 transmutat,
1212 2268 1271 2312 nec
1299 2248 1397 2329 ledit,
1423 2268 1483 2312 nec
1511 2250 1639 2329 lacerat,
1669 2250 1735 2315 imo

184 2346 258 2409 stoli
274 2352 374 2409 totum
389 2344 502 2407 Christi
525 2345 712 2427 sanguinem
730 2354 929 2429 potaverunt,
986 2368 1045 2412 nec
1070 2348 1279 2431 corporaliter
1302 2347 1403 2429 tangit
1430 2370 1437 2409 ε
1463 2367 1538 2411 nam
1563 2356 1595 2411 ιι
1619 2366 1735 2431 corpus

185 2444 268 2507 sicut
289 2451 321 2506 et
342 2450 443 2507 totum
462 2442 533 2523 ejus
553 2460 668 2525 corpus
688 2451 902 2525 sumpserunt.
987 2447 1065 2510 illud
1081 2446 1306 2529 dignissimum
1322 2465 1396 2508 vere
1411 2454 1461 2508 est
1475 2445 1531 2523 ibi,
1547 2464 1612 2510 non
1627 2454 1734 2509 ιιιιιιιι

223 2545 281 2605 Sic
300 2543 501 2619 sacrificium
527 2542 618 2601 istud
642 2544 801 2612 instituit,
817 2542 849 2604 id
871 2550 929 2621 est,
988 2562 1140 2627 corporeo
1154 2545 1378 2625 mod03neque
1393 2562 1450 2625 per
1464 2544 1624 2625 propriam
1639 2563 1737 2625 quan·

183 2640 327 2704 Christus
346 2638 380 2701 in
398 2638 494 2702 Coena
518 2638 668 2719 confecit,
685 2640 882 2703 consecravit
901 2648 933 2703 et
987 2643 1110 2705 titatem
1126 2660 1182 2704 seu
1196 2640 1431 2704 dimensionem
1446 2640 1665 2705 habitudinem
1681 2642 1737 2705 ba-

183 2737 450 2819 frequentandum
461 2736 611 2819 precepit
626 2746 855 2801 sacramentum
872 2737 931 2801 hoc
988 2740 1041 2803 bet
1055 2741 1094 2804 ad
1110 2739 1324 2802 exsistendum
1340 2737 1471 2815 ibidem,
1488 2739 1543 2801 sed
1559 2738 1664 2819 potius
1679 2758 1737 2821 per

184 2835 327 2918 corporis
341 2834 402 2915 sui,
418 2836 502 2917 quod
517 2844 548 2897 et
563 2836 631 2917 ipse
650 2835 683 2897 in
704 2854 799 2899 cruce
818 2835 933 2899 obtulit
987 2838 1221 2902 dimensionem
1245 2845 1279 2899 et
1302 2836 1426 2919 species
1451 2836 1543 2918 panis
1566 2836 1600 2899 in
1628 2836 1734 2918 ipsum

182 2934 248 2997 oco
272 2934 354 2997 Patri
368 2957 377 3011 3
392 2942 424 2997 et
447 2941 496 2995 est
519 2932 715 2996 sacrificium
740 2934 933 3016 evangelice
987 2935 1143 3001 conversi.
1165 2936 1310 2997 Attamen
1331 2934 1460 3016 propria
1484 2933 1555 3015 ejus
1574 2934 1735 2999 dimensio

183 3032 276 3115 legis,
302 3031 386 3113 quod
414 3031 447 3093 in
472 3030 614 3094 Ecclesia
641 3030 825 3096 immolatur
850 3032 932 3096 Patri
950 3034 1239 3099 Cconcomitanter
1258 3040 1306 3095 eat
1329 3031 1385 3095 ibi.

183 3130 395 3212 omnipotenti
419 3128 570 3211 quotidie.
592 3132 695 3208 Cujus
719 3132 880 3209 efficium,
900 3131 932 3195 id
1028 3138 1082 3203 Te,
1103 3134 1195 3192 trima
1215 3133 1328 3193 Deitas
1353 3150 1495 3210 umaqm,
1512 3133 1687 3207 poscimus,
1701 3130 1734 3194 id

181 3237 232 3292 est
256 3226 539 3307 consecrationem,
559 3227 764 3309 oblationem,
780 3230 876 3292 ritum
902 3238 932 3292 et
986 3239 1045 3310 est,
1055 3230 1265 3311 deprecamur
1279 3250 1296 3287 ι
1308 3236 1340 3291 ιι
1355 3247 1415 3307 »‚o
1430 3228 1563 3290 «Deitas
1578 3228 1688 3291 trina»
1703 3237 1736 3291 et

182 3326 504 3406 administrationem,
519 3329 679 3387 committi
693 3330 809 3399 voluit,
825 3327 930 3406 idest,
986 3347 1079 3391 cuna
1093 3350 1121 3406 »,
1133 3327 1165 3388 id
1180 3326 1276 3388 estin
1293 3325 1393 3388 tribus
1408 3326 1651 3406 supergloriosis
1665 3326 1735 3389 Per-

183 3423 346 3489 commisit
361 3431 392 3486 et
405 3442 463 3505 per
476 3423 643 3505 episcopos
658 3425 812 3488 committi
827 3426 932 3489 decre
986 3425 1073 3489 sonis
1088 3424 1244 3487 exsistens
1264 3422 1399 3504 simplex
1417 3430 1450 3485 et
1468 3423 1605 3486 indivisa
1626 3433 1659 3487 ιι
1677 3443 1736 3487 nu-

181 3522 232 3585 vit
247 3540 282 3584 ac
300 3520 406 3603 jussit,
422 3523 498 3581 solis
513 3522 727 3599 presbyteris,
744 3521 777 3584 in
796 3541 931 3604 quorum
986 3540 1072 3586 mero
1093 3540 1168 3584 una.
1187 3522 1324 3583 Trinitas
1348 3538 1424 3583 vero
1444 3539 1509 3584 non
1529 3529 1633 3602 potest
1652 3522 1735 3586 trina

91 3646 165 3681 ·uu.
182 3638 321 3705 persona
335 3618 497 3681 mandavit
510 3618 668 3701 Apostolis
686 3642 692 3681 :
709 3620 773 3683 lloo
790 3620 883 3683 facite
898 3621 930 3683 in
985 3620 1105 3699 vocari,
1121 3619 1197 3701 quia
1211 3618 1257 3681 sic
1276 3626 1383 3681 essent
1400 3635 1516 3680 novem
1536 3637 1679 3699 personas
1699 3620 1733 3681 in

59 3726 64 3736 '
182 3739 289 3783 meam
304 3718 653 3795 commemorationem
669 3720 787 3797 quibus
801 3722 847 3779 sic
861 3740 931 3779 eon·
985 3718 1131 3796 diversis,
1153 3724 1188 3779 ιιι
1202 3724 1313 3779 auctor
1331 3715 1427 3796 hujus
1446 3715 1555 3797 hymni
1576 3716 1609 3778 in
1629 3718 1733 3799 prima

178 3821 277 3897 qrcit
293 3824 471 3877 utsumant
485 3815 545 3878 hoc
561 3823 794 3879 sacramentum
808 3826 839 3877 et
853 3821 931 3878 dent
986 3825 1073 3899 parte
1089 3816 1226 3877 Summe
1245 3821 1278 3876 et
1296 3832 1391 3895 super
1408 3820 1555 3893 quartum
1579 3813 1730 3877 declarat.
1758 3843 1833 3888 ιιι...
1836 3845 1879 3888 Ιιι

181 3918 301 3978 ceteris
319 3913 471 3978 fidelibus
494 3913 567 3976 de'
559 3932 701 3995 ipsorum
726 3932 822 3977 manu
847 3933 932 3978 com-
984 3917 1041 3977 Sic
1061 3923 1097 3975 ct
1116 3933 1174 3973 noa
1192 3915 1303 3971 visites
1322 3930 1379 3993 per
1395 3910 1612 3974 ecclesiastica
1630 3930 1733 3975 sacra·
1745 3910 1773 4013 ζ
1774 3910 1840 4017 m
1854 3919 1879 4020 ¹⁴·

183 4012 448 4077 manicantibus.
465 4028 647 4093 quanquam
661 4019 693 4074 ιι
707 4031 790 4074 unus
804 4012 932 4094 presby·
985 4023 1092 4076 menta
1115 4019 1147 4074 et
1170 4009 1342 4093 gratiarum
1367 4008 1568 4087 charismata,
1594 4013 1677 4071 sicut
1703 4020 1880 4082 tessulinus.

182 4122 234 4175 ιιι
255 4111 309 4174 ιΙίἱ
330 4109 514 4192 presbytero
535 4109 637 4191 possit
657 4109 718 4173 hoc
739 4111 825 4173 dare
984 4114 1132 4180 colimus
1148 4109 1180 4171 id
1201 4116 1259 4187 est,
1276 4107 1359 4170 sicut
1378 4107 1474 4170 etiam
1494 4116 1524 4171 te
1545 4106 1782 4171 veneramur¹¹

226 4210 331 4273 Panis
345 4210 524 4285 angelicus,
541 4207 634 4270 idest
652 4207 805 4286 Christus,
822 4226 875 4289 qur
868 4208 931 4271 ab
946 4212 971 4273 D
986 4228 1042 4291 per
1055 4208 1228 4289 gratiarum
1250 4205 1408 4269 actionem
1428 4214 1461 4267 et
1481 4213 1606 4269 tuorum
1626 4206 1733 4269 obser-

182 4307 314 4372 exordio
329 4304 437 4369 seculi
452 4304 514 4369 fuit
532 4304 624 4387 panis
643 4305 840 4387 angelorum,
857 4306 931 4368 refi-
985 4306 1126 4368 vantiam
1146 4311 1387 4385 preceptorum.
1403 4306 1472 4365 Per
1494 4313 1569 4363 tuas
1588 4306 1732 4374 semitas,

184 4404 301 4467 ciendo
320 4422 375 4467 eos
394 4422 458 4465 suaa
482 4402 607 4465 deitatis
632 4402 784 4466 beatifica
807 4402 930 4466 visione
985 4404 1091 4482 idest,
1109 4404 1153 4465 ita
1174 4420 1231 4483 per
1251 4401 1511 4483 adimpletionem
1531 4409 1657 4464 tuarum
1678 4403 1734 4466 do

182 4512 279 4585 atque
293 4500 479 4565 dulcissima
495 4500 655 4579 fruitione,
670 4506 708 4579 fit
721 4502 819 4577 ponis
834 4504 932 4561 domi·
985 4503 1158 4565 ctrinarum
1173 4520 1210 4563 ac
1224 4500 1415 4581 jussionum,
1431 4502 1496 4560 duc
1511 4520 1568 4560 nos
1581 4522 1645 4579 quo
1665 4511 1733 4561 ten·

182 4622 278 4671 num,
294 4600 325 4663 id
345 4608 404 4677 est,
420 4616 478 4680 per
501 4597 751 4661 incarnationem
771 4606 803 4661 et
821 4618 931 4662 conse-
985 4604 1107 4670 dimus,
1124 4599 1155 4660 id
1171 4607 1218 4660 est
1232 4598 1270 4660 ad
1286 4616 1446 4660 summum
1460 4597 1593 4676 bonum,
1610 4598 1670 4662 boc
1684 4606 1734 4661 est

182 4699 360 4763 cretionem
382 4697 485 4761 factus
500 4704 547 4759 est
562 4697 664 4780 panis,
681 4697 783 4777 cibus,
800 4697 930 4761 refectio
984 4702 1028 4759 ad
1052 4702 1155 4758 iucem
1180 4717 1279 4775 quam
1303 4697 1481 4765 inhabitas,
1507 4695 1540 4758 id
1564 4696 1675 4759 estad
1702 4704 1733 4758 te

182 4796 418 4879 discipulomm
445 4794 558 4859 Christi
588 4814 644 4877 per
671 4796 932 4860 communicatio·
985 4796 1102 4877 ipsum,
1119 4794 1174 4875 qui
1196 4813 1231 4856 es
1253 4793 1307 4855 lux
1324 4793 1475 4873 increata,
1494 4792 1660 4875 immensa,
1681 4794 1736 4856 ba-

182 4915 259 4959 nem
285 4894 427 4977 corporis
446 4902 477 4957 ιι
496 4894 661 4976 sanguinis
680 4895 740 4974 sui,
757 4902 792 4957 ut
810 4896 930 4958 dictum
984 4893 1091 4956 bitana
1115 4901 1146 4955 et
1173 4890 1399 4955 inviolabiliter
1419 4911 1625 4974 perseverans
1647 4892 1680 4954 in
1704 4900 1735 4954 ιι

184 5002 236 5057 ιιι
252 5017 260 5055 :
276 5012 356 5075 quos
381 4991 483 5056 nihilo
502 4992 608 5054 minus
628 5012 685 5074 pcr
702 4992 812 5071 fidem,
829 4994 932 5056 consi·
987 4991 1068 5073 ipso,
1095 4990 1149 5072 qui
1174 4990 1260 5054 solus
1284 4988 1382 5053 habes
1408 4989 1675 5053 immortalitatem
1703 4999 1735 5052 et
1748 5015 1881 5064 ιιι-ιιιιι.

186 5092 384 5155 derationem
412 5108 449 5153 ac
477 5090 679 5154 dilectionem
713 5110 777 5154 suae
805 5091 931 5154 deitatis
988 5092 1094 5154 lucem
1119 5090 1243 5152 habitas
1269 5088 1536 5169 inaccessibilem,
1553 5098 1589 5153 ut
1612 5091 1734 5152 dictum

187 5188 411 5274 principaliter
441 5188 708 5271 spiritualiterque
736 5188 869 5251 nutrivit
901 5199 933 5251 et
988 5197 1037 5253 est
1056 5209 1152 5271 super
1171 5188 1249 5251 illud
1271 5188 1305 5251 iu
1326 5189 1430 5270 primo
1450 5188 1569 5269 hymno
1586 5210 1593 5249 :
1609 5189 1735 5251 AEtema
1749 5211 1882 5268 ιιιιοιι

49 5268 122 5362 ‘sm'
136 5269 168 5307 '¹'
186 5288 387 5353 nutrit.llinc
398 5288 478 5351 dixit
488 5287 580 5351 :Caro
593 5305 665 5350 mea
679 5306 752 5351 vere
767 5296 815 5351 est
829 5287 931 5369 cibus,
990 5287 1045 5350 lux
1065 5287 1275 5350 credentium.
