4309 6259
459 480 518 542 tto

803 496 844 542 DE
864 496 963 543 sacal
985 493 1181 541 muchlena
1202 493 1456 549 ruhouehrattnh.
1480 513 1520 523 -
1540 494 1609 543 ΛΒΤ.
1634 495 1664 539 Ν

457 683 517 747 pus
548 684 621 727 cum
644 664 729 727 vitiis
752 674 784 728 et
808 664 1078 745 concupiscentiis
1106 663 1205 726 cruci·
1220 664 1245 725 Α
1261 662 1432 743 Evangelio
1460 662 1601 744 loquitur
1631 686 1637 723 :
1664 662 1750 725 Beati
1779 664 1835 744 qui
1860 683 1996 746 persecu·
2015 692 2099 751 raam

457 763 578 844 figere3
595 771 695 826 totum
715 772 840 846 tempus
860 764 997 844 desuper
1017 781 1205 825 concessum

457 862 635 942 expendere
650 860 828 937 fructuose3
842 861 970 923 vincere
985 860 1204 942 semetipsum,

458 959 518 1021 hoc
538 966 587 1021 θεῖ
609 958 770 1040 passiones
791 968 824 1021 et
844 958 920 1020 vitia
941 958 1134 1039 exstirpare,
1156 977 1207 1019 su·

459 1056 633 1137 perioribus
653 1056 793 1135 obedire,
814 1056 875 1118 boc
899 1063 946 1118 est
972 1062 1128 1137 praecepta
1151 1052 1205 1116 Dei

458 1161 552 1234 atque
586 1152 736 1215 Ecclesiae
771 1153 967 1234 adimplere,
1004 1152 1207 1233 acquiescere

459 1251 638 1333 praesidenti
651 1274 658 1327 ς
676 1258 774 1314 totam
790 1251 885 1313 vitam
901 1270 991 1313 suam
1006 1250 1153 1313 ordinare
1167 1250 1206 1312 nd

458 1350 515 1411 llei
530 1350 696 1427 honorem,
709 1349 748 1411 ad
763 1349 862 1411 divini
878 1350 994 1411 amoris
1010 1347 1206 1430 profectum;

318 1471 444 1522 natrano,
458 1448 608 1531 proximis
633 1446 738 1510 facere
761 1455 855 1529 prout
880 1447 952 1528 quis
973 1446 1032 1508 sibi
1054 1446 1115 1528 ipsi
1140 1446 1208 1509 vult

313 1538 347 1579 ¹²·
461 1545 687 1609 rationabiliter
719 1544 810 1620 fieri3
841 1544 1049 1626 omnipotenti
1078 1545 1142 1607 Deo
1175 1544 1207 1605 in

460 1664 494 1707 se
509 1643 658 1706 exhibere
679 1662 734 1706 cor
752 1644 919 1720 mundum,
937 1650 968 1704 et
987 1641 1015 1703 ei
1036 1661 1109 1704 cum
1124 1641 1208 1705 bona

461 1742 656 1805 conscientia
669 1742 807 1804 fideliter
821 1742 996 1818 deservire3
1009 1740 1126 1803 nullius
1142 1760 1209 1803 cre-

1261 762 1378 823 tionem
1403 760 1565 842 patinntur
1589 768 1717 843 propter
1740 762 1905 843 justitiam,
1930 760 2062 843 quo¹⁰·¹¹¹
2098 758 2099 833 l

1261 858 1347 921 niam
1363 858 1503 941 ipsorum
1519 867 1568 921 est
1581 876 1714 939 regnum
1733 860 1885 923 coelomm
1899 884 1907 937 ;
1923 862 1995 923 beati

1260 956 1337 1019 estis
1362 976 1459 1038 quum
1486 956 1709 1019 maledixerint
1731 958 1822 1021 vobis
1850 958 1993 1030 homines,

1261 1062 1292 1116 et
1306 1054 1464 1135 persecuti
1479 1073 1536 1117 vos
1558 1053 1688 1134 fuerint,
1705 1064 1737 1117 et
1756 1056 1893 1118 dixerint
1914 1075 1995 1119 omne

1262 1152 1379 1214 malum
1395 1153 1562 1215 adversum
1578 1170 1645 1230 vos,
1663 1152 1865 1233 mentientes,
1881 1161 1996 1236 pmpter

1262 1270 1334 1327 me3
1365 1250 1499 1330 gaudete
1527 1250 1561 1311 in
1589 1250 1645 1313 illa
1679 1251 1755 1314 bora
1783 1258 1814 1313 et
1843 1252 1992 1329 exsultate,
2016 1248 2099 1325 ,pm

1262 1348 1413 1429 quoniam
1443 1367 1565 1411 merces
1598 1356 1704 1411 vestra
1737 1350 1865 1431 copiosa
1895 1359 1940 1412 est
1968 1344 2099 1419 instuli

1263 1444 1369 1520 coelis3
1386 1445 1506 1525 diligite
1521 1445 1667 1509 inimicos
1682 1454 1816 1526 vestros,
1834 1445 1994 1509 benefacite
2015 1430 2099 1525 amal

1263 1543 1311 1606 his
1339 1542 1393 1624 qui
1422 1544 1556 1605 oderunt
1584 1562 1652 1623 vos,
1680 1552 1711 1606 et
1738 1552 1826 1607 orate
1854 1564 1909 1626 pro
1936 1540 2028 1625 per·ll
2098 1530 2099 1549 ,

1264 1641 1469 1724 sequentibus
1490 1652 1522 1705 et
1543 1641 1811 1706 calumniantibus
1832 1662 1897 1706 vos.

1303 1740 1363 1802 Sed
1383 1740 1465 1803 forte
1483 1740 1556 1821 quis
1574 1740 1658 1803 dicet
1680 1740 1804 1803 :Grave
1826 1749 1857 1803 et
1877 1740 1994 1804 difficile

460 1850 557 1903 aturae
576 1841 648 1904 odio
667 1848 722 1903 ant
742 1858 861 1917 amore,
878 1839 1137 1921 concupiscentia
1152 1857 1207 1901 seu
1225 1844 1311 1905 Best
1325 1839 1385 1901 ista
1399 1837 1597 1920 implerehd
1612 1839 1697 1919 quod
1713 1858 1751 1901 ex
1765 1839 1871 1901 verbis
1885 1838 1994 1901 Domini

461 1938 584 2017 timore,
610 1958 628 2000 a
658 1938 708 2001 via
737 1938 867 2019 justitian
894 1957 930 2000 ac
956 1938 1098 2000 veritatis
1124 1956 1209 2001 rece-

327 2062 399 2107 nece.
416 2076 446 2111 m,
461 2038 556 2115 dere;
582 2037 716 2100 adversa
743 2036 963 2117 equanimiter
991 2036 1146 2113 tolerare;
1177 2035 1210 2097 in

313 2128 348 2169 ²⁰·
462 2135 586 2199 cunctis
616 2136 784 2198 humiliare
816 2154 851 2197 se
885 2135 1001 2215 ipsum,
1031 2142 1063 2196 θῖ
1095 2133 1208 2196 Christi

461 2234 577 2297 imitari
605 2233 738 2315 vestigia
764 2257 771 2295 ε
798 2234 831 2294 in
856 2233 907 2295 his
932 2242 963 2295 et
991 2231 1210 2296 consimilibus

461 2332 585 2395 actibus
620 2331 767 2393 virtuosis
802 2348 1006 2413 perseverare
1040 2347 1142 2410 usque
1177 2329 1209 2391 in

462 2429 562 2493 finem
584 2430 618 2491 in
647 2437 757 2492 sancto
785 2429 899 2493 timore
922 2428 978 2491 Dei
1006 2436 1038 2490 et
1065 2427 1210 2509 diligenti

462 2528 565 2591 cordis
580 2527 739 2604 custodia3
752 2526 977 2590 tentationibus
992 2544 1118 2608 qnoque
1134 2534 1211 2599 stre

313 2651 447 2701 lth'm.tt,5.
463 2645 526 2688 nue
554 2634 586 2688 et
614 2626 832 2688 indesinenter
859 2625 1016 2704 resistere,
1043 2624 1118 2706 quia
1147 2643 1210 2687 non

463 2732 632 2787 coronatur
647 2724 707 2785 nisi
723 2723 777 2803 qui
793 2722 933 2803 legitime
955 2722 1123 2785 certaverit
1138 2741 1212 2785 con-

462 2831 510 2883 tra
531 2822 638 2885 hostes
660 2840 725 2883 suae
746 2821 869 2883 salutis.

502 2920 584 2983 Ecce
605 2920 672 2983 nec
694 2920 734 2982 ad
755 2919 930 2999 quemlibet
951 2918 1112 3000 pertinent
1126 2916 1213 2979 Chri-

1264 1937 1362 2000 nostri
1385 1937 1501 2019 poterit
1529 1936 1714 2019 responderi
1742 1962 1750 1999 :
1776 1938 1916 2019 Regnum
1943 1956 2089 2006 cartana

1264 2036 1366 2098 lorum
1394 2036 1458 2098 vim
1492 2036 1621 2117 patitur,
1652 2044 1684 2099 et
1717 2035 1848 2099 violenti
1881 2036 1994 2118 rapiunt

1264 2135 1353 2197 illud.
1381 2134 1418 2196 Et
1446 2154 1555 2197 rursus
1582 2159 1588 2195 :
1614 2136 1731 2198 Intrate
1759 2155 1817 2217 per
1846 2144 1994 2217 angustam
2006 2158 2089 2201 eamr,

1265 2240 1399 2314 portam,
1428 2232 1502 2313 quia
1530 2232 1593 2295 lata
1617 2242 1708 2316 porta
1735 2242 1768 2295 et
1796 2234 1927 2316 spatiosa
1956 2238 1995 2294 est
2006 2224 2030 2265 ¹⁶·

1264 2331 1318 2393 via
1331 2350 1401 2411 quas
1415 2330 1503 2393 ducit
1524 2331 1563 2393 ad
1585 2340 1720 2395 mortem
1740 2336 1772 2394 et
1793 2332 1993 2413 perditionem,

1266 2428 1410 2491 etmulti
1434 2428 1553 2490 intrant
1575 2448 1633 2510 per
1653 2448 1735 2491 eam.
1759 2429 1856 2504 Quam
1878 2436 1995 2510 angusta

1266 2534 1356 2609 porta
1380 2534 1412 2589 et
1436 2535 1523 2588 areta
1546 2526 1600 2589 via
1622 2545 1692 2607 quae
1720 2527 1807 2590 ducit
1834 2528 1872 2589 ad
1897 2526 1993 2601 vitam,

1267 2633 1299 2688 et
1312 2624 1406 2707 pauci
1421 2624 1588 2687 inveniunt
1601 2644 1671 2687 eam
1686 2632 1692 2687 t
1710 2624 1852 2707 Insuper,
1868 2624 1995 2707 quamvis

1266 2724 1326 2785 ista
1345 2722 1479 2804 implere
1502 2723 1542 2785 sit
1564 2723 1672 2804 aliquo
1693 2722 1788 2787 modo
1809 2723 1993 2798 laboriosnm,

1267 2830 1405 2884 attamen
1425 2828 1572 2903 respectu
1591 2821 1701 2883 aeterni
1721 2828 1754 2884 et
1773 2820 1995 2903 incompreben·

1268 2920 1369 2982 sibilis
1386 2919 1518 3001 praemii,
1535 2938 1572 2982 ac
1587 2919 1826 3001 gloriosissime
1840 2918 1993 2992 felicitatis,

463 3018 636 3080 stifidelem
659 3018 768 3097 :quod
788 3036 826 3080 ex
845 3016 1016 3098 Evangelio
1035 3015 1248 3083 clarissimae
1267 3037 1337 3100 quan
1367 3037 1424 3099 pro
1454 3018 1542 3081 brevi
1570 3026 1602 3080 et
1630 3018 1797 3101 temporali
1822 3018 1881 3081 isto
1903 3017 1994 3080 labore

463 3124 560 3197 patet.
584 3116 671 3178 Unde
699 3115 739 3178 de
763 3114 913 3178 omnibus
936 3114 987 3176 his
1011 3114 1212 3176 beatissimus

463 3213 578 3276 Paulus
600 3214 761 3296 apostolus
783 3214 817 3275 in
839 3213 905 3275 suis
920 3213 1063 3294 epistolis
1087 3212 1212 3293 copiose

463 3331 501 3375 ac
532 3311 653 3375 fervide
681 3312 846 3375 universos
874 3311 1057 3373 exhortatur
1085 3309 1210 3388 fideles,

316 3433 404 3489 apta.
418 3448 448 3488 a,
463 3410 598 3473 dicendo
616 3409 773 3472 :Obsecro
789 3427 845 3471 vos
861 3408 895 3469 in
910 3408 1054 3487 Domino,
1067 3415 1102 3470 ut
1117 3406 1212 3488 digne

316 3502 358 3542 ¹¹³·
462 3508 631 3571 ambuletis
647 3508 811 3571 vocatione
831 3526 895 3587 qua
916 3506 1019 3569 vocati
1034 3506 1121 3584 estis,
1138 3524 1211 3568 cum

463 3607 551 3669 omni
579 3605 757 3669 humilitate
786 3613 818 3667 et
852 3604 1106 3680 mansuetudine,
1138 3622 1211 3665 cum

463 3705 614 3787 patientia
628 3711 851 3786 supportantes
866 3701 1005 3765 invicem
1021 3702 1054 3763 in
1069 3701 1209 3779 caritate,

463 3803 593 3866 solliciti
612 3820 739 3865 servare
761 3800 915 3863 unitatem
938 3800 1067 3880 spiritus
1088 3799 1121 3861 in
1144 3799 1212 3862 vin-

310 3925 449 3976 nam.
463 3902 536 3963 culo
556 3900 643 3981 pacis
656 3922 664 3977 ;
682 3898 879 3962 renovamini
900 3897 1015 3979 spiritu
1029 3897 1145 3961 mentis
1160 3917 1213 3959 ve-

464 4006 547 4076 strae,
563 4006 596 4060 et
615 3996 736 4058 induite
758 4014 877 4059 novum
898 3994 1073 4073 bominem,
1091 3994 1144 4076 qui
1165 4014 1213 4057 se-

317 4122 449 4175 nemr,
465 4093 604 4157 cundum
625 4094 724 4155 Deum
743 4100 868 4156 creatus
892 4101 960 4171 est3
983 4092 1086 4154 omnis
1108 4110 1212 4155 sermo

1267 3126 1360 3199 atque
1385 3116 1539 3197 obsequio
1563 3118 1656 3179 datur
1678 3117 1789 3179 electis
1809 3136 1846 3179 ac
1866 3116 1994 3179 virtuosis

1267 3214 1458 3292 hominibus,
1476 3213 1695 3295 permodicum
1717 3222 1776 3291 est,
1798 3213 1889 3276 facile
1908 3220 1936 3275 et
1953 3213 1993 3292 ju-

1267 3313 1418 3375 cundum.
1450 3311 1614 3390 Similiter,
1646 3311 1715 3375 leve
1744 3320 1794 3375 est
1820 3311 1920 3376 omnia
1943 3311 1993 3372 ista

1265 3409 1409 3492 implere,
1431 3409 1464 3471 in
1490 3416 1643 3490 quantum
1667 3428 1726 3491 per
1750 3428 1788 3472 ea
1811 3408 1990 3484 infernalem,

1266 3507 1498 3571 intolerabilem
1512 3514 1763 3590 perpetuamque
1778 3507 1992 3571 damnationem

1265 3606 1441 3669 evadimus.
1457 3606 1625 3688 Propterea
1639 3606 1720 3668 dixit
1733 3605 1897 3688 Apostolus
1912 3628 1919 3666 :
1933 3603 1992 3667 tlon
2009 3620 2085 3662 aava

1265 3803 1305 3865 ad
1331 3801 1470 3864 futuram
1494 3801 1638 3883 gloriam,
1666 3820 1736 3883 quaa
1761 3801 1941 3865 revelabitur
1965 3799 1992 3860 in

1265 3900 1380 3979 nobis3
1404 3901 1543 3981 itemque
1560 3923 1567 3962 :
1584 3900 1617 3963 ld
1639 3900 1723 3983 quod
1746 3900 1780 3961 in
1799 3899 1936 3983 praesenti
1954 3904 1993 3959 est
2010 3912 2085 3957 urea.

1266 4005 1524 4061 momentaneum
1551 4006 1583 4060 et
1610 3998 1680 4061 leve
1712 3997 1919 4062 tribulationis
1948 3981 2026 4057 no¹²

1266 4105 1348 4176 stra,
1375 4114 1471 4179 supra
1494 4096 1624 4159 modum
1647 4096 1681 4157 in
1707 4095 1899 4159 sublimitate
1920 4102 1992 4158 ater·

316 4190 351 4231 ³²·
463 4194 566 4256 malus
585 4210 623 4254 ex
642 4209 697 4254 ore
719 4176 823 4253 vestro
843 4209 906 4253 non
929 4191 1090 4272 procedat,
1108 4192 1211 4253 omnis
1226 4194 1251 4255 l)
1266 4214 1343 4257 num
1371 4193 1480 4275 glorias
1508 4195 1632 4277 pondus
1663 4203 1814 4277 operatur
1846 4196 1878 4257 in
1903 4192 1990 4256 nobis.

464 4290 640 4355 amaritudo
663 4298 694 4352 et
717 4288 764 4352 ira
786 4298 819 4352 et
841 4288 1015 4370 indignatio
1037 4298 1069 4351 et
1093 4289 1212 4352 clamor

463 4390 591 4453 tollatur
615 4408 633 4450 a
658 4387 765 4466 vobis,
781 4396 880 4450 estote
904 4386 1042 4449 invicem
1066 4385 1209 4468 benigni,

463 4487 698 4565 misericordes,
720 4488 875 4550 donantes
899 4484 1050 4563 invicem,
1074 4485 1157 4547 sicut
1181 4494 1212 4547 et

315 4609 448 4661 neaera.
462 4587 545 4650 Deus
559 4586 593 4647 in
607 4585 730 4648 Christo
749 4584 878 4648 donavit
897 4583 987 4646 vobis
1001 4606 1010 4662 3
1027 4591 1127 4646 estote
1142 4583 1213 4645 imi-

463 4692 580 4748 tatores
608 4683 674 4762 Dei,
700 4682 783 4745 sicut
806 4682 866 4743 filii
894 4680 1060 4758 carissimi,
1088 4688 1120 4742 et
1147 4700 1212 4742 am-

462 4783 571 4845 bulate
603 4782 637 4843 in
669 4780 853 4858 dilectione,
888 4780 970 4841 sicut
1005 4787 1037 4840 et
1071 4777 1211 4841 Christus

463 4881 573 4945 dilexit
601 4898 671 4960 nos,
701 4886 732 4942 et
759 4878 886 4941 tradidit
915 4876 1121 4960 semetipsum
1154 4896 1211 4959 pro

463 4978 555 5042 nobis
576 4977 768 5042 oblationem
789 4985 821 5039 et
841 4975 978 5039 bostiam
998 4977 1061 5039 Deo
1082 4976 1115 5038 in
1137 4976 1212 5039 odo-

308 5076 730 5155 nom.1u,rr.remsuavitatis;
747 5074 924 5138 benedicite
946 5075 1211 5156 persequentibus

462 5196 532 5256 vos,
548 5174 737 5252 benedicite,
755 5180 786 5235 et
800 5172 897 5235 nolite
913 5172 1113 5235 maledicere.
1130 5173 1210 5237 Hinc

462 5276 607 5343 Salvator
630 5280 663 5336 et
685 5270 797 5355 legifer
822 5279 939 5349 noster,
962 5270 1062 5333 filius
1087 5271 1152 5352 Dei,
1176 5270 1210 5334 in

1265 4292 1422 4375 Amplius,
1438 4292 1585 4372 quamvis
1606 4292 1666 4355 ista
1688 4292 1822 4375 implere
1837 4292 1876 4355 sit
1888 4288 1991 4355 homini

1267 4390 1444 4454 secundnm
1467 4409 1501 4453 sa
1523 4390 1722 4454 considerato
1744 4390 1940 4469 laboriosum,
1954 4387 1992 4449 ni-

1266 4488 1331 4550 hilo
1351 4488 1457 4550 minus
1483 4487 1578 4551 facile
1602 4497 1633 4551 et
1653 4507 1749 4551 suave
1768 4487 1810 4551 fit
1831 4488 1861 4551 ei
1879 4507 1932 4571 per
1950 4485 1992 4549 ad·

1265 4585 1418 4666 jutorium
1439 4586 1548 4667 gratia
1569 4586 1635 4666 Dei,
1652 4595 1684 4649 et
1704 4606 1761 4669 per
1782 4585 1993 4652 consolationes

1266 4703 1302 4746 ac
1336 4684 1420 4746 dona
1448 4684 1583 4765 Spiritus
1612 4684 1730 4765 Sancti,
1760 4703 1832 4767 que
1864 4681 1993 4747 fidelibus

1266 4781 1320 4844 Dei
1351 4781 1506 4843 ministris
1531 4790 1730 4865 praestantur.
1756 4783 1838 4846 Hinc
1863 4780 1993 4847 Dominus

1266 4888 1373 4943 noster
1401 4879 1514 4943 invitat
1542 4900 1601 4943 nos
1633 4888 1664 4943 et
1691 4881 1836 4945 hortatur
1866 4905 1873 4944 :
1901 4878 2082 4942 feritaret-e

1267 4979 1305 5041 ad
1334 4998 1397 5057 me,
1428 4997 1539 5042 omnes
1567 4979 1622 5061 qui
1650 4979 1801 5043 laboratis
1830 4988 1861 5043 ct
1890 4975 1994 5043 onerati
2005 4956 2050 5002 Μ’

1267 5077 1354 5156 estis,
1377 5086 1410 5140 et
1430 5096 1488 5158 ego
1510 5076 1655 5140 reficiam
1679 5095 1756 5157 vos;
1780 5078 1880 5142 tollite
1900 5078 1994 5158 jugum

1266 5194 1373 5238 meum
1402 5193 1497 5257 super
1525 5194 1592 5255 vos,
1619 5184 1651 5239 et
1677 5175 1791 5239 discite
1819 5196 1838 5239 a
1865 5196 1913 5239 me
1935 5172 1995 5255 quia

1267 5273 1354 5335 mitis
1373 5292 1444 5337 snm
1462 5281 1495 5337 et
1511 5273 1643 5336 humilis
1661 5274 1768 5356 eorde,
1788 5282 1821 5337 et
1843 5270 1995 5337 invenietis

1266 3712 1340 3766 sunt
1364 3703 1529 3785 condignae
1554 3702 1719 3785 passiones
1744 3704 1840 3787 hujus
1860 3686 2027 3785 temporis¹'·
