4309 6259
699 491 858 541 errosmo
877 491 984 539 mssa.
1006 509 1048 521 —
1067 492 1137 539 aar.
1161 494 1180 539 r
1657 476 1718 540 ³35

164 664 373 742 sacrificium,
395 665 557 727 attendere
578 663 746 727 mandatis.
768 663 803 725 ln
824 661 912 726 omni
928 662 954 725 d
970 680 1041 725 roso
1064 669 1097 725 et
1124 661 1230 727 sobrio
1258 662 1337 727 llilio
1361 662 1438 727 [leil
1462 661 1531 727 Non
1556 682 1631 746 ergo
1658 664 1717 729 tihi

163 772 271 827 autem
292 761 466 839 sacrificio,
490 762 666 825 secundum
687 762 912 843 Augustinum,
969 759 1045 823 licet
1059 780 1119 823 nee
1138 762 1265 842 expedit
1286 761 1459 840 celebrare,
1475 760 1633 825 Christum
1656 770 1718 826 tra-

163 870 300 941 quatnor
326 868 401 923 sunt
428 861 602 943 pensanda,
633 857 784 921 videlicet
808 882 816 921 ε
841 858 913 940 quis
969 866 1055 921 ctare
1074 858 1124 922 vel
1146 877 1283 938 sumere,
1298 859 1361 922 nisi
1383 868 1413 923 te
1435 859 1464 923 ei
1488 859 1626 927 similem
1649 879 1718 923 esse

162 958 271 1036 ollert,
293 959 344 1021 cui
366 958 474 1037 ollert,
496 958 573 1039 quid
594 955 740 1037 ollertur,
763 964 795 1019 et
815 975 914 1037 quare
969 956 1147 1037 comperias
1171 958 1345 1020 secundum
1370 957 1561 1040 exigentiam
1586 958 1631 1021 tui
1656 967 1718 1020 sta-

163 1056 310 1120 ollertur.
336 1058 513 1138 Antequam
541 1056 649 1137 igitur,
674 1073 694 1117 o
721 1054 836 1117 Christi
865 1072 915 1115 sa·
968 1062 1031 1132 tus,
1047 1054 1120 1116 etsi
1135 1072 1199 1118 non
1216 1055 1251 1117 in
1264 1053 1394 1133 ellectu,
1411 1065 1519 1119 tamen
1535 1056 1569 1118 in
1584 1054 1715 1135 ellectu,

164 1156 289 1234 cerdos,
315 1155 354 1217 ad
383 1154 599 1217 venerandum
623 1152 680 1216 liei
707 1152 806 1215 altare
831 1152 914 1214 cele
969 1152 1119 1216 videlicet
1152 1161 1188 1215 ut
1216 1162 1281 1217 toto
1309 1155 1405 1217 corde
1438 1154 1574 1238 vestigia
1601 1154 1716 1218 Christi

164 1254 313 1316 braturus
326 1254 471 1331 accedas,
484 1253 552 1316 haec
566 1260 712 1334 quatuor,
724 1269 789 1313 non
805 1269 914 1332 super-
970 1249 1087 1313 imitari
1107 1269 1266 1334 proponas
1287 1259 1318 1315 et
1339 1252 1465 1315 studeas
1483 1276 1489 1315 :
1507 1252 1624 1334 alioqui
1645 1272 1717 1316 rens
1732 1279 1862 1332 mma,

164 1351 327 1430 ficialiter,
356 1370 461 1434 neque
488 1351 642 1430 cursorie,
671 1350 727 1413 sed
756 1348 913 1431 profunde
968 1347 1123 1411 ellicieris
1138 1349 1281 1430 corporis
1295 1358 1327 1412 et
1341 1350 1506 1432 sanguinis
1521 1350 1601 1432 ejus.
1615 1350 1717 1425 Quum

127 1444 133 1453 ’
163 1469 202 1513 ac
224 1450 337 1513 intime
357 1468 482 1531 penses.
968 1447 1056 1509 enim
1075 1446 1208 1509 levitici
1224 1446 1360 1529 septimo
1374 1448 1414 1511 de
1429 1447 1645 1511 sacerdotibus
1664 1468 1718 1513 ve-

204 1548 375 1611 Considera
391 1547 530 1629 primum
545 1556 576 1609 te
590 1548 713 1627 ipsum;
729 1544 802 1608 vide
817 1562 914 1625 quam
968 1545 1045 1607 teris
1059 1546 1251 1609 Testamenti
1273 1545 1429 1629 scriptum
1445 1546 1497 1627 sit,
1514 1547 1627 1609 Anima
1650 1548 1717 1629 pol·
1732 1576 1863 1629 msto,

163 1655 337 1730 pauperet
355 1645 633 1727 inopsconsistas,
652 1663 749 1726 qnam
771 1644 914 1725 ingratus
968 1642 1034 1706 luta
1060 1662 1131 1725 quat
1156 1644 1257 1707 ederit
1280 1644 1320 1707 de
1348 1644 1499 1707 carnibus
1523 1644 1634 1708 hostia
1663 1665 1717 1729 pa·

162 1755 259 1825 atque
295 1744 445 1825 indignus
479 1742 649 1806 beneliciis
681 1740 787 1821 tantis,
817 1759 913 1821 quam
968 1740 1135 1805 citreorum
1157 1759 1228 1824 quse
1248 1742 1354 1806 oblata
1375 1751 1423 1806 est
1437 1742 1582 1821 Domino,
1599 1744 1717 1826 peribit

161 1843 379 1906 irreverenter
406 1840 655 1923 imperfecteque
688 1838 833 1903 ambules
860 1841 950 1903 co-B
968 1840 1008 1903 de
1032 1838 1159 1922 populis
1183 1841 1250 1903 suis
1271 1863 1278 1902 :
1301 1848 1420 1922 quanto
1444 1839 1546 1923 magis
1570 1844 1717 1907 sacerdos

161 1960 231 2004 ram
247 1941 312 2003 lieo
325 1950 379 2002 tuo
393 1938 543 2022 quotidie.
560 1938 604 2001 lle
618 1938 670 2001 his
685 1938 782 2019 igitur
795 1947 827 2000 et
840 1938 912 2000 aliis
968 1956 1058 2003 nove
1077 1938 1157 2021 legis
1177 1939 1210 2002 in
1234 1947 1386 2003 aeternum
1407 1940 1533 2021 peribit,
1555 1940 1583 2002 si
1607 1959 1718 2004 carna-

160 2038 258 2102 malis
277 2057 314 2101 ac
334 2037 420 2100 vitiis
440 2037 504 2099 tuis
524 2036 706 2101 cordialiter
725 2035 910 2118 ingemisce,
967 2037 1098 2101 literae
1118 2036 1231 2101 vitiose
1251 2038 1400 2117 vivendo,
1416 2046 1586 2119 praesumat
1607 2038 1716 2103 Sacra-

160 2135 320 2201 conlitere
340 2144 373 2198 et
393 2135 538 2198 emenda.
557 2170 598 2181 -
618 2134 764 2197 Secundo
785 2134 911 2197 attende
967 2142 1110 2198 mentum
1145 2135 1287 2218 corporis
1321 2144 1353 2197 et
1387 2136 1552 2219 sanguinis
1588 2136 1714 2200 Domini

158 2236 235 2317 quis
258 2234 301 2296 sit
328 2234 381 2297 cui
407 2232 519 2296 ollers.
545 2234 673 2296 AEtemo
696 2232 782 2295 enim
809 2232 912 2295 omui·
967 2252 1154 2297 consecrare
1178 2242 1232 2295 aut
1259 2237 1406 2296 sumeret
1430 2234 1517 2298 Unde
1541 2242 1573 2298 et
1595 2236 1715 2317 lloyses

158 2334 350 2415 potentique
374 2331 467 2409 Patri,
492 2331 556 2395 lieo
582 2331 749 2408 immenso,
775 2330 849 2394 vivo
873 2350 910 2393 ac
966 2332 1046 2394 dixit
1075 2355 1083 2393 ι
1110 2330 1294 2395 Sacerdotes
1321 2331 1377 2413 qui
1405 2334 1561 2397 accedunt
1588 2334 1627 2397 ad
1656 2334 1715 2397 Do-
1728 2350 1803 2395 neae.
1817 2366 1861 2405 ιιι,

159 2450 240 2495 vero
254 2429 430 2493 sacrificas.
446 2428 666 2510 contemplare
685 2428 858 2494 bonitatem
873 2447 910 2492 ac
965 2429 1090 2493 minum
1115 2428 1367 2510 sanctificentur,
1393 2450 1434 2493 ne
1462 2432 1619 2512 percutiat
1646 2451 1711 2497 eos.
1727 2416 1762 2459 ²²·

156 2530 368 2593 dilectionem
389 2528 460 2609 ejus
481 2545 579 2608 super
597 2545 668 2605 nes,
683 2525 820 2607 qualiter
840 2544 912 2607 pm-
966 2528 1103 2611 Tempus
1119 2529 1205 2592 enim
1226 2537 1285 2607 est,
1301 2536 1337 2592 nt
1355 2530 1463 2593 Petrus
1484 2529 1646 2612 apostolus
1667 2531 1714 2594 di·
1736 2548 1817 2597 [Pete.
1831 2565 1860 2604 a.

30 2647 75 2692 toa.
97 2662 142 2701 vm,
158 2628 232 2709 prio
246 2626 325 2689 Filio
339 2645 397 2689 suo
418 2644 483 2689 non
505 2624 659 2707 pepercit,
675 2624 731 2687 sed
745 2642 803 2706 pro
817 2624 910 2688 nobis
965 2627 1020 2707 cit,
1041 2634 1076 2689 ut
1097 2626 1230 2707 incipiat
1249 2626 1407 2709 judicium
1428 2647 1447 2692 a
1468 2628 1562 2692 domo
1585 2628 1651 2692 bei.
1729 2615 1761 2657 ¹⁷·

30 2714 94 2828 {m
117 2789 132 2817 u
156 2726 312 2790 omnibus
339 2723 470 2787 tradidit
497 2722 600 2785 illum.
626 2722 751 2785 Etenim
781 2731 911 2805 propter
1004 2724 1120 2799 Quarto
1148 2743 1282 2807 pensare
1316 2725 1411 2789 debet
1439 2726 1586 2791 sacerdos
1614 2744 1712 2809 qnare

30 2807 141 2887 arms
155 2824 296 2887 nimiam
323 2822 487 2886 caritatem
515 2840 606 2884 suam
632 2840 696 2903 qua
718 2840 776 2885 nos
800 2820 911 2884 dilexit
964 2824 1047 2886 banc
1071 2823 1209 2887 hostiam
1233 2822 1359 2887 ollerat.
1381 2822 1520 2887 Oliertur
1544 2824 1630 2886 enim
1655 2844 1713 2907 pro

30 2906 72 2946 '²⁹'
155 2924 245 2986 Dens
258 2920 483 2999 Pater,Filium
498 2938 591 2982 suum
606 2919 807 2983 carissimum
821 2919 911 2983 misit
965 2921 1049 2985 vivis
1063 2940 1101 2985 ac
1117 2922 1271 3001 mortuis;
1288 2932 1320 2985 et
1333 2930 1448 3005 prmter
1465 2924 1646 3004 generalem
1666 2942 1715 2987 ra-

155 3022 195 3083 in
212 3020 376 3098 mnndum,
393 3028 427 3081 ut
442 3017 609 3101 redempti,
627 3017 773 3082 vivamus
791 3026 824 3081 et
837 3019 947 3091 bea-c
965 3021 1087 3085 tionem
1106 3040 1202 3104 quam
1222 3020 1360 3104 preligit
1378 3022 1521 3085 Ecclesia
1545 3022 1711 3101 sacerdoti,

155 3118 324 3182 tilicemur
336 3138 395 3201 per
412 3136 497 3179 eum.
514 3116 559 3179 Ex
573 3118 633 3179 hac
654 3114 909 3181 consideratione
966 3126 1070 3201 potest
1085 3120 1232 3183 sacerdos
1246 3139 1303 3202 pro
1318 3120 1416 3183 variis
1431 3120 1575 3203 personis
1590 3139 1626 3183 ac
1641 3140 1715 3183 cau-

153 3216 380 3288 inllammatur
403 3215 545 3295 dilectio,
566 3234 640 3297 spes
665 3215 839 3293 roboratur,
866 3216 910 3278 ita
965 3218 1009 3279 sis
1030 3219 1196 3282 blissarnm
1222 3218 1383 3283 celebrare
1408 3219 1562 3283 solennia.
1579 3220 1617 3283 Ut
1639 3238 1714 3301 ergo

153 3324 194 3378 ut
210 3314 370 3378 ferventer
390 3313 648 3396 liducialiterque
669 3313 813 3377 accedas.
829 3314 910 3377 Con-
965 3334 1022 3397 pro
1037 3335 1209 3398 causaque
1225 3317 1373 3395 celebrat,
1387 3318 1528 3381 exaudiri
1543 3325 1712 3397 mereatur,

152 3414 315 3496 templare
343 3412 440 3475 etiam
467 3413 666 3494 majestatem
695 3413 831 3475 etitem
859 3414 908 3495 ju·
964 3415 1069 3479 taliter
1084 3416 1191 3478 vivere
1206 3416 1315 3498 sicque
1330 3416 1393 3480 beo
1412 3416 1600 3498 dignissimo
1621 3418 1714 3480 iami-

153 3512 281 3575 stitiam
308 3511 365 3575 bei
392 3510 552 3589 altissimi,
577 3520 734 3593 quatenus
763 3511 908 3575 timorate
963 3512 1052 3575 liaris
1072 3522 1104 3575 et
1127 3532 1219 3575 carus
1244 3531 1314 3575 esse
1338 3522 1481 3592 conetur,
1501 3522 1535 3577 ut
1559 3516 1713 3579 mediator

30 3636 54 3678 „a
76 3650 137 3689 m,
153 3610 192 3673 in
218 3609 343 3673 cunctis
366 3617 398 3671 te
424 3608 553 3672 habeas.
579 3609 612 3671 Si
637 3608 724 3671 enim
752 3609 908 3672 columne
963 3610 1098 3674 idoneus
1113 3610 1197 3674 inter
1209 3611 1309 3673 Mum
1329 3618 1361 3673 et
1379 3612 1531 3693 populum
1550 3631 1620 3675 esse
1640 3631 1712 3694 pos-

32 3730 38 3741 ·
151 3707 234 3773 coeli
250 3715 366 3789 pavent
384 3707 423 3769 ad
444 3714 558 3769 nutum
573 3704 656 3787 ejus,
672 3714 704 3769 et
723 3705 750 3768 si
769 3705 908 3789 angelici
963 3707 1015 3770 sit.
1040 3708 1097 3771 Est
1126 3726 1241 3791 nempe
1271 3708 1418 3771 sacerdos
1442 3708 1525 3771 inter
1552 3708 1650 3772 Βοιιιη
1679 3719 1711 3774 et

150 3807 290 3890 spiritus
305 3824 378 3869 cum
394 3804 596 3868 reverentiali
618 3813 755 3868 tremere
770 3805 834 3868 lieo
854 3805 909 3868 ad·
962 3806 1116 3889 populum
1132 3806 1257 3869 medius
1274 3830 1281 3868 ι
1298 3806 1450 3888 quoniam
1465 3825 1502 3869 ea
1515 3825 1585 3888 qum
1600 3808 1710 3890 populi

147 3906 285 3983 sistunt,
301 3903 480 3984 intendunt,
496 3902 702 3966 deserviunt:
719 3922 792 3966 cum
808 3921 909 3984 quan·
963 3911 1047 3981 sunt,
1064 3903 1187 3967 scilicet
1205 3922 1327 3988 preces,
1345 3913 1418 3967 vota
1436 3912 1468 3967 et
1485 3905 1568 3968 dona
1587 3922 1709 3984 eorum,

146 4014 183 4067 ta
210 4002 428 4067 sollicitudine
450 4010 545 4083 atque
570 4002 715 4066 custodia
739 4002 845 4066 cordis
869 4002 909 4065 ti·
963 4009 1167 4085 representat
1189 4011 1223 4065 et
1247 4002 1392 4067 immolat
1416 4002 1500 4080 0003
1523 3996 1561 4065 ea
1584 4019 1710 4084 qnoque

146 4121 311 4183 moreque
324 4101 441 4164 mentis
455 4118 514 4163 nos
528 4119 685 4183 pauperes
698 4100 763 4164 lieo
781 4101 907 4165 excelso
962 4119 1032 4183 quae
1046 4100 1101 4163 liei
1118 4090 1203 4178 sunt,
1213 4108 1325 4183 utputa
1338 4099 1473 4182 gratiam
1488 4108 1520 4163 et
1534 4119 1713 4164 sacramen·

147 4202 282 4265 adstare
303 4208 336 4262 et
355 4198 539 4262 sacrificare
558 4201 705 4280 oportetl
921 4205 1005 4277 lita,
1021 4198 1182 4281 impetrat,
1197 4199 1361 4281 dispensat
1377 4217 1433 4261 seu
1448 4198 1559 4261 tribuit
1579 4200 1708 4281 populo.

192 4298 304 4363 Tertio
331 4298 426 4361 debet
452 4298 600 4362 sacerdos
627 4298 792 4361 advertere
827 4298 905 4381 quid
962 4298 1060 4361 Debet
1073 4316 1148 4380 ergo
1163 4298 1309 4362 sacerdos
1324 4297 1441 4379 populo
1456 4296 1489 4361 in
1504 4296 1651 4361 omnibus
1666 4317 1712 4361 es-

145 4398 265 4465 ollert.
293 4397 440 4476 Adverte,
464 4415 485 4459 o
512 4397 687 4476 celebrans,
716 4397 904 4479 dignitatem
962 4416 996 4461 se
1011 4396 1469 4479 exemplaris,etl)eodilectus
1481 4416 1519 4459 ac
1530 4396 1707 4463 familiaris.

145 4494 311 4561 sacrilicii
326 4494 383 4559 tui.
399 4494 511 4558 Nonne
530 4513 646 4575 corpus
665 4503 697 4557 et
715 4494 904 4576 sanguinem

143 4594 283 4674 Christi,
298 4593 365 4657 imo
378 4601 479 4656 totum
492 4592 662 4671 Christum,
678 4593 778 4657 licum
791 4612 903 4657 verum
1178 4596 1423 4662 ARTIGULUS
1445 4598 1486 4661 V.

143 4714 186 4758 ⁸⁰
202 4695 383 4802 'mmmm'
398 4691 519 4755 oum
535 4690 744 4802 mimum
759 4710 836 4802 ΨΟ
855 4712 904 4803 ul
958 4742 1006 4801 De
1020 4739 1113 4798 vitiis
1127 4738 1245 4817 quidus
1258 4739 1443 4813 specialiter
1457 4756 1569 4798 carere
1582 4748 1706 4815 oportet

30 4815 126 4868 cm.
142 4810 351 4858 conveniens
366 4799 424 4854 est.
441 4791 514 4867 Qum
527 4808 614 4853 emm
629 4798 800 4853 conventio
821 4790 902 4854 lucis
943 4864 949 4873 Ι
998 4830 1178 4888 sacerdotes
1218 4828 1704 4891 uemadmodumpnvmrm

40 4886 74 4925 ¹⁵·
141 4894 188 4957 ae
213 4890 378 4969 oneum,
404 4888 772 4967 eichstettensis,
798 4889 829 4952 u
855 4898 904 4953 est
997 4926 1155 4979 „„„,„„
1169 4848 1422 4995 fi'{„„„,„,‚

140 5010 226 5056 eum
251 4989 307 5071 qui
335 4988 405 5051 sine
431 4988 509 5070 jugo
536 4990 604 5050 estt
629 4987 705 5062 Quis
728 5006 903 5052 consensus

139 5089 222 5154 filio
238 5086 373 5150 Veneris
394 5106 467 5149 cum
488 5084 569 5148 Filio
582 5084 742 5168 Virginisl
757 5086 830 5162 Quae
849 5088 903 5152 de-
1027 5085 1105 5149 le'l
1129 5086 1281 5150 Dominus
1306 5087 1345 5149 ad
1370 5087 1473 5153 Aaron
1501 5112 1508 5151 ι
1535 5094 1637 5153 Homo
1664 5094 1705 5153 de
1718 5112 1850 5167 mamis.

138 5206 240 5252 mum
265 5182 435 5249 conventio
460 5183 601 5265 superbi,
622 5184 778 5262 iracundi,
799 5185 902 5267 gulosi
1042 5187 1163 5247 semine
1188 5196 1243 5247 tuo
1267 5187 1327 5265 qui
1350 5188 1502 5249 babuerit
1530 5193 1704 5262 moutam,

140 5306 208 5352 seu
224 5281 342 5361 invidi,
357 5300 430 5344 cmn
445 5280 514 5344 miti
534 5289 565 5345 et
585 5282 712 5363 humili,
727 5302 801 5346 cnm
815 5302 903 5349 amo-
959 5306 1022 5347 aon
1034 5290 1146 5363 offeret
1156 5288 1335 5362 pcnesDeo
1350 5284 1513 5348 sensicut
1528 5286 1578 5349 lex
1591 5286 1706 5371 Moysis
