4309 6259
419 496 461 543 na
479 496 571 545 roms
591 494 726 543 scurrus
747 493 866 550 nuncu,
888 494 1064 543 macrinus
1086 494 1130 541 ut.
1153 512 1193 523 -
1213 494 1283 541 aar.
1306 494 1358 551 xx,
1380 494 1434 541 xxr
1646 474 1706 541 22³

166 666 235 729 tudo
248 665 307 727 ista
322 664 361 728 ad
375 674 532 750 precepta
546 674 642 747 atque
662 662 798 728 consilia
815 662 942 727 Chri-A
958 670 1007 725 θεῖ
1028 684 1094 727 rcm
1120 682 1176 747 per
1200 682 1329 728 causam
1352 678 1556 745 cognoscere,
1572 668 1606 722 et
1627 676 1705 741 quo-

166 764 200 825 sti
211 763 396 840 extenditur,
404 773 595 847 praeceptum
605 772 711 827 autem
721 764 761 825 de
772 762 902 825 caritato
958 762 1045 825 niam
1059 782 1097 825 ea
1112 770 1161 825 est
1175 782 1269 827 causa
1290 762 1396 843 hujus,
1414 770 1445 824 et
1463 760 1538 842 quie
1560 758 1707 841 impossi-

166 859 302 923 nonnisi
323 860 357 923 in
383 863 485 943 patria
507 862 648 945 perlecta
672 861 833 943 impletur,
855 879 904 921 se-
958 861 1022 924 bile
1037 870 1085 923 est
1100 861 1177 925 illud
1190 861 1282 923 aliter
1294 880 1327 923 sc
1341 859 1558 923 haberc.Talis
1574 858 1708 922 scicntia

166 959 296 1021 cundum
316 960 548 1041 Augustinum;
565 960 686 1024 idcirco
705 958 902 1023 tortitudinis
958 966 1006 1021 est
1030 958 1158 1022 habitus
1182 958 1398 1022 conclusionis
1426 976 1483 1039 per
1510 957 1709 1020 demonstra·

165 1058 277 1119 donum
301 1064 407 1119 manet
431 1056 464 1119 in
488 1058 599 1139 patria,
626 1058 723 1121 etiam
747 1066 902 1139 qnantum
958 1056 1077 1119 tionem
1107 1057 1256 1139 probatae.
1285 1056 1356 1119 Alia
1383 1074 1459 1119 vero
1487 1054 1632 1134 scientie,
1659 1062 1709 1117 est

164 1155 200 1217 ad
224 1154 306 1216 idem
325 1154 500 1235 objectum,
516 1156 628 1219 saltam
647 1156 681 1218 in
700 1156 820 1239 aliquo,
837 1174 900 1217 non
957 1154 1076 1217 donum
1102 1155 1210 1237 gratiae
1234 1154 1332 1237 gratis
1356 1154 1447 1233 datae,
1463 1172 1533 1235 quc
1559 1152 1592 1215 in
1618 1172 1707 1217 sacra

164 1261 263 1315 tamen
285 1252 318 1313 in
339 1252 499 1316 omnibus.
957 1252 1120 1334 Scriptura
1134 1253 1308 1315 addiscitur
1321 1260 1353 1315 et
1367 1252 1493 1333 legitur,
1507 1260 1538 1315 et
1553 1250 1622 1315 sine
1636 1270 1708 1333 gra·

200 1350 291 1413 Porro
305 1359 450 1431 quartam
466 1351 786 1433 beatitudinemque
800 1359 849 1413 est
863 1351 903 1413 de
958 1352 1001 1413 tia
1015 1370 1098 1434 saepe
1113 1351 1246 1414 hebetur
1256 1374 1263 1412 :
1273 1350 1312 1413 de
1327 1369 1390 1432 qua
1404 1350 1598 1431 Augustinus
1613 1357 1708 1412 testa-

46 1448 261 1518 nuuraesurie
281 1456 314 1511 et
334 1447 419 1513 lame
438 1450 582 1531 justitiae,
598 1449 741 1512 attribuit
756 1450 904 1531 Augusti·
957 1456 1019 1529 tur,
1049 1450 1133 1531 quod
1162 1448 1309 1530 quamvis
1337 1448 1429 1511 multi
1458 1448 1600 1531 polleant
1628 1446 1705 1528 lide,

163 1566 219 1607 nus
236 1545 432 1609 fortitudinis
451 1548 536 1611 dono
559 1556 687 1629 propter
710 1548 905 1611 convenien·
957 1565 1021 1609 non
1046 1554 1152 1609 tamen
1178 1546 1415 1609 scientialiter
1441 1554 1546 1609 autem
1572 1544 1709 1608 scientia

163 1645 234 1705 tiam
248 1652 588 1727 mutuamtutrumque
601 1646 689 1709 enim
704 1646 790 1708 circa
804 1646 903 1710 ardua
957 1644 1111 1707 naturalis
1130 1663 1194 1708 non
1216 1652 1274 1723 est,
1291 1644 1347 1707 sed
1372 1664 1410 1706 ex
1435 1642 1604 1725 principiis
1629 1642 1705 1705 fidei

162 1762 214 1804 seu
227 1741 378 1805 difficilia
391 1751 574 1825 occupatur.
592 1743 815 1806 Verumtamen
830 1744 904 1807 bea·
956 1744 1138 1806 orthodoxae
1156 1744 1311 1825 procedit,
1327 1751 1359 1805 θῖ
1383 1742 1416 1805 in
1444 1742 1522 1824 ipsis
1547 1741 1704 1805 lulcitur:

62 1860 108 1902 nu.
119 1864 147 1905 n.
160 1840 255 1903 titudo
268 1858 335 1920 qua
348 1840 475 1918 dicitur,
482 1840 568 1903 Beati
583 1840 637 1921 qni
652 1840 903 1923 persecutionem
918 1840 943 1902 B
957 1850 1005 1905 est
1019 1841 1105 1903 enim
1120 1840 1260 1922 cognitio
1275 1860 1380 1905 rernm
1395 1847 1571 1904 creatarum
1594 1858 1707 1903 secun-

159 1939 321 2020 patiuntur
334 1947 463 2021 propter
481 1938 650 2019 justitiam,
666 1958 813 2020 magnam
828 1961 902 2003 cum
957 1940 1033 2002 dnm
1068 1958 1165 2003 sacrae
1198 1938 1367 2022 Scriptura
1402 1938 1592 2003 doctrinam.
1629 1937 1706 2019 Ejus

159 2036 343 2100 tortitudine
357 2036 620 2099 assimilationem
640 2037 751 2100 sortitu
764 2038 901 2119 videtur,
957 2035 1116 2118 principia
1131 2036 1332 2117 appellantur
1345 2034 1471 2099 articuli
1494 2034 1570 2098 lidei
1589 2058 1595 2095 :
1613 2032 1707 2097 aliter

158 2142 186 2196 et
199 2134 228 2196 ei
243 2135 293 2215 (ni
308 2134 415 2213 fallor)
430 2151 523 2214 posse
537 2134 687 2198 adscribi.
956 2136 1076 2217 quippe
1091 2133 1173 2197 lides
1187 2142 1282 2215 atque
1296 2134 1390 2197 aliter
1408 2132 1488 2196 ratio
1510 2152 1559 2195 res
1582 2140 1704 2195 creatae

194 2233 349 2295 Praeterea
367 2234 607 2313 advertendum,
623 2235 709 2315 quod
732 2234 816 2299 inter
837 2236 903 2299 lru-
957 2232 1147 2296 considerat.
1164 2232 1269 2295 Tertia
1292 2239 1398 2295 autem
1420 2231 1565 2313 scientia,
1581 2240 1631 2295 est
1650 2233 1706 2295 do·

49 2346 109 2388 nur.
126 2361 146 2398 v.
158 2340 223 2393 ctus
237 2330 332 2413 ponit
344 2329 513 2413 Apostolus
526 2331 601 2410 duo,
617 2332 767 2395 videlicet
781 2334 902 2415 patien·
956 2350 1034 2393 num
1049 2330 1185 2413 Spiritus
1205 2330 1323 2408 Sancti,
1339 2350 1410 2413 qua
1429 2331 1498 2394 sine
1517 2330 1648 2394 caritate
1674 2338 1706 2393 et

38 2410 64 2449 ²²·
157 2429 228 2491 tiam
252 2436 289 2491 et
313 2428 598 2509 longanimitatem,
622 2448 692 2511 qnae
719 2428 899 2495 fortitudini
956 2431 1057 2513 gratia
1082 2430 1193 2511 nequit
1217 2429 1326 2493 haberi
1354 2454 1362 2493 z
1390 2430 1526 2513 pertinet
1549 2430 1636 2495 enim
1664 2430 1704 2493 ad

155 2527 413 2607 correspondent.
428 2525 561 2589 Fructus
575 2526 661 2588 enim
676 2534 832 2589 vocantur
850 2528 901 2589 vel
956 2548 1088 2593 munera
1112 2528 1221 2609 gratie
1239 2537 1364 2610 gratum
1384 2526 1542 2607 facientis,
1563 2546 1621 2591 nec
1647 2528 1705 2590 hu-

154 2625 354 2705 opcrationes
368 2623 418 2687 vel
437 2623 664 2687 delectationes
687 2624 838 2688 virtutum
860 2625 903 2687 si·
956 2646 1051 2690 mano
1071 2627 1156 2689 valet
1175 2626 1280 2689 studio
1299 2626 1445 2707 adipisci,
1462 2627 1516 2687 sed
1541 2644 1559 2687 a
1583 2625 1702 2708 Spiritu

152 2742 188 2785 ve
211 2723 383 2787 donorum.
404 2722 559 2785 Patientia
582 2730 686 2785 antem
710 2724 901 2805 quandoque
956 2726 1070 2789 Sancto
1099 2724 1280 2788 infunditur
1306 2724 1573 2805 quemadmodum
1598 2732 1703 2787 cetera

152 2831 198 2883 est
211 2820 316 2883 virtus
330 2821 460 2885 moralis
475 2821 655 2903 passionem
677 2821 814 2885 tristitie
835 2841 903 2886 mo·
954 2824 1048 2887 dona.
1064 2822 1136 2886 Haec
1151 2830 1256 2885 autem
1272 2822 1435 2885 distinctio
1457 2821 1598 2885 scientim
1619 2821 1703 2904 pari-

152 2920 263 2982 deraus
282 2927 340 2982 :et
353 2918 401 2981 sic
420 2936 485 2982 non
505 2918 634 3001 ponitur
652 2918 785 2982 inactus.
803 2919 901 2983 luter·
955 2920 1067 2985 formis
1089 2928 1138 2983 est
1161 2919 1358 2983 distinctioni
1379 2918 1542 2999 sapientiae
1561 2938 1630 3001 qua
1649 2937 1702 2981 su·
1731 2943 1794 2985 aar.
1821 2941 1849 2994 11.

152 3018 224 3080 dum
246 3036 327 3081 vero
344 3016 502 3098 accipitur
520 3035 578 3098 pro
596 3016 805 3081 delectatione
830 3036 900 3098 qnae
918 3018 1073 3101 (iperius,
1093 3019 1171 3081 dnm
1192 3018 1231 3081 de
1253 3016 1415 3100 sapientire
1436 3017 1520 3081 dono
1543 3024 1698 3099 ageretur,
1717 3006 1759 3048 ¹¹¹·
1774 3018 1790 3056 ¹
1805 3018 1835 3050 ¹¹¹·

153 3117 272 3199 inipso
301 3115 428 3179 virtutis
451 3122 525 3179 actu
549 3116 706 3195 consistit,
722 3115 901 3179 hominem·
954 3117 1015 3180 luit
1036 3118 1178 3181 inducta.

151 3234 211 3296 que
229 3222 406 3298 praeservat
424 3234 465 3279 ne
484 3212 708 3278 abundantiori
733 3215 901 3278 absorbea-

152 3320 200 3374 tur
226 3313 360 3376 tristitia
390 3336 398 3375 r
428 3321 460 3375 et
489 3312 532 3375 ita
559 3320 607 3375 θεῖ
634 3312 767 3376 fructus.
794 3311 900 3376 Nihilo

151 3411 255 3474 minus
281 3410 436 3492 patientia
463 3410 674 3492 inquantum
698 3418 747 3472 est
766 3418 856 3473 actus
882 3429 900 3474 a
1145 3378 1390 3445 ARTIGULUS
1414 3379 1509 3443 XXI·

150 3507 338 3570 tortitudine
351 3507 599 3587 lluens,lructus
613 3508 688 3570 doni
703 3507 899 3571 tortitudinis
952 3532 1007 3592 A,
1032 3532 1093 3589 m„
1118 3530 1255 3589 scimus,
1282 3548 1347 3607 qua
1370 3530 1452 3605 fide,
1480 3526 1700 3586 saluberrima

148 3606 340 3689 appellatur.
371 3605 525 3669 Similiter
558 3604 794 3689 longanimitas,
828 3624 899 3687 quat
989 3620 1158 3695 gignitur,
1185 3618 1351 3685 nutritur,
1376 3617 1583 3692 defenditur,
1612 3615 1701 3675 robo-

149 3705 335 3767 dinturnam
356 3704 624 3786 praestolationem
648 3702 827 3767 futurorum
848 3705 899 3767 bo
993 3715 1104 3776 ratur,
1119 3707 1163 3765 sit
1184 3706 1306 3765 donum
1327 3706 1479 3779 Spiritus
1499 3705 1624 3765 Sancti.

148 3822 262 3868 norum
286 3803 447 3886 importat,
463 3801 587 3865 fructus
605 3810 653 3865 est
674 3801 749 3865 doni
774 3801 899 3866 fortitu-

147 3904 242 3983 dinis,
261 3922 363 3985 annn
388 3902 430 3964 sit
452 3900 588 3964 ellectus
610 3900 738 3983 quidam
763 3900 804 3963 ab
829 3899 898 3983 ipsa
1024 3898 1285 3963 UEMADMODUM
1309 3898 1401 3961 tertio
1425 3896 1508 3961 libro
1531 3916 1570 3961 ex
1593 3896 1701 3961 verbis
1713 3915 1854 3961 unamve.

147 4022 314 4065 emanans.
341 4000 577 4083 longanimitas
606 4008 711 4061 umen
739 4000 779 4061 ad
807 4018 896 4081 spem
955 3897 1206 4111 OAugustini
1232 3995 1355 4059 inducit
1382 3994 1541 4091 Magister,
1562 3995 1701 4077 philoso-

147 4100 309 4181 pertinere
329 4099 455 4161 videtur
472 4106 504 4159 et
521 4117 559 4159 ex
581 4116 620 4159 ea
641 4096 737 4173 oriri;
754 4097 809 4159 sed
832 4116 896 4160 non
953 4094 1008 4177 plu
1029 4094 1218 4176 sapientiam
1242 4093 1434 4157 definientes
1458 4094 1630 4157 dixerunt:
1648 4095 1702 4157 Sa·

146 4206 194 4259 est
217 4196 365 4279 perlecta
388 4194 450 4256 nisi
475 4193 660 4257 fortitudine
684 4212 774 4273 spcm
801 4192 935 4274 perii-D
952 4192 1073 4275 pientia
1087 4200 1135 4255 est
1149 4212 1254 4255 rerum
1274 4192 1455 4255 divinarum
1478 4192 1703 4255 humanarum·

148 4295 265 4357 ciente.
951 4310 1014 4373 que
1049 4291 1194 4355 scientia.
1224 4292 1284 4353 Sed
1319 4290 1395 4371 qnia
1421 4291 1590 4373 Apostolus
1619 4290 1701 4353 inter

952 4390 1140 4473 sapientiam
1166 4396 1259 4471 atque
1285 4388 1451 4451 scientiam
1481 4387 1697 4452 differentiam

951 4507 1021 4551 esse
1048 4486 1201 4562 insinuat,
1227 4486 1289 4548 Alii
1318 4486 1494 4567 (inquiens)
1523 4486 1615 4548 datur
1642 4502 1842 4567 perrcmns.

356 4546 599 4612 ARTIGULUS
613 4546 688 4611 XX·
951 4586 1103 4668 Spiritum
1123 4602 1227 4647 sermo
1247 4584 1422 4666 sapientiae,
1438 4583 1493 4646 alii
1514 4602 1618 4648 sermo
1638 4586 1699 4648 sci-

330 4699 377 4759 De
406 4697 536 4772 triptici
565 4698 712 4758 scientia.
950 4684 1065 4763 entiam
1083 4683 1154 4747 ideo
1169 4701 1275 4746 rernm
1290 4682 1471 4745 divinarum
1487 4682 1610 4763 notitia,
1627 4703 1699 4765 pro

950 4784 1019 4866 prie
1033 4782 1222 4865 appellanda
1237 4788 1285 4843 est
1299 4779 1465 4863 sapientia.
1479 4779 1596 4843 Notitia
1611 4781 1697 4846 enim

211 4887 260 4949 ST
286 4893 391 4947 autem
416 4884 550 4947 solerter
573 4882 782 4965 pensandum,
810 4890 897 4945 ante-
951 4899 1056 4943 rerum
1082 4880 1304 4955 humanarum,
1321 4877 1454 4941 scientia
1475 4886 1523 4941 est
1543 4881 1695 4943 vocanda.

225 5003 326 5066 qnam
354 4983 393 5045 de
421 4984 506 5046 dono
535 4982 675 5044 scientia
698 5000 802 5043 sermo
826 4980 894 5060 liat,
950 4978 1012 5041 Nec
1027 4978 1178 5060 quaelibet
1191 4976 1301 5039 talium
1318 4996 1422 5039 rerum
1438 4978 1549 5040 notitia
1563 4978 1699 5042 dicenda

143 5085 231 5165 quod
255 5082 373 5163 triplex
400 5088 502 5143 exstat
529 5079 673 5143 scientia.
698 5080 752 5141 Est
780 5097 895 5161 nempe
951 5085 999 5139 est
1019 5075 1155 5139 scientia
1174 5093 1244 5155 quae
1263 5075 1355 5137 datur
1375 5094 1431 5156 per
1450 5074 1602 5155 Spiritum
1622 5076 1699 5137 San·

142 5181 305 5244 naturalis
330 5178 474 5255 scientia,
497 5196 592 5259 quam
617 5176 720 5259 primo
742 5176 896 5240 Posterio·
950 5185 1049 5254 ctum,
1066 5174 1121 5236 sed
1144 5172 1210 5250 illa,
1227 5180 1261 5235 ut
1282 5173 1394 5235 asserit
1414 5172 1619 5257 Augustinus,
1636 5191 1699 5253 qna

142 5299 215 5343 rum
239 5277 404 5343 deliniens
428 5275 611 5339 Aristoteles
634 5299 642 5337 ε
662 5273 762 5355 Scire,
778 5274 894 5357 inquit,
949 5274 1032 5338 lidos
1047 5271 1267 5352 saluberrime,
1283 5290 1353 5353 qum
1373 5272 1412 5335 ad
1434 5289 1542 5334 veram
1564 5270 1699 5337 beatitu-
