4309 6259
444 435 484 519 3⁰,
832 454 990 501 axrosnxo
1011 454 1110 501 uxum
1133 454 1141 500 z
1164 453 1254 500 vnxrr
1274 454 1456 502 xnomroa
1474 454 1607 503 onorius

443 622 521 683 dum
545 620 798 687 nominationem
827 643 846 685 n
874 643 931 687 suo
959 632 1024 688 toto
1050 622 1191 700 sortitur,
1209 625 1231 685 ,l
1249 623 1334 703 patio
1357 643 1413 706 pro
1434 625 1573 687 humana
1595 626 1706 703 salute,
1728 625 1847 687 reditus
1868 642 1997 706 quoque

445 720 529 782 sicut
544 740 656 783 manus
672 722 817 803 sacrilegi
833 723 1011 805 appellatur
1025 721 1191 803 sacrilega.

489 820 633 881 Gemina
652 822 747 897 gigas
769 824 971 891 substantie,
996 820 1027 883 id
1052 829 1099 882 est
1115 830 1195 901 'per-

447 934 525 979 sona
540 916 686 979 sublimis
707 926 738 979 et
757 936 870 999 magna
890 918 1027 998 duplicis
1048 917 1194 980 essentiae

446 1032 502 1075 seu
517 1022 647 1093 naturae,
664 1034 720 1077 seu
734 1016 812 1077 duas
827 1015 860 1077 in
876 1034 909 1077 se
930 1015 1049 1077 habens
1065 1023 1194 1079 naturas

447 1111 603 1193 perfectas
629 1112 660 1174 in
685 1113 805 1175 unitate
829 1132 972 1195 persone
992 1114 1192 1194 conjunctas,

443 1228 554 1291 peram
570 1210 718 1274 videlicet
732 1212 894 1289 deitatem,
907 1219 1000 1292 etque
1017 1211 1192 1293 perfectam

446 1307 684 1371 humanitatem.
710 1310 870 1371 Interdum
896 1317 1000 1371 tamon
1027 1308 1191 1385 asseritur,

445 1406 529 1485 quod
544 1405 599 1467 Dei
614 1406 711 1468 Pilius
733 1405 836 1470 factus
859 1407 1023 1469 esthemo
1045 1407 1085 1468 ad
1109 1425 1195 1468 com-

445 1503 596 1585 plendum
612 1511 643 1565 et
658 1506 942 1567 consummandum
963 1503 1109 1567 ordinem
1125 1504 1196 1565 uni-

446 1601 541 1679 versi,
565 1610 720 1682 quatenus
745 1602 828 1665 sieut
851 1603 892 1665 ab
915 1603 1044 1665 exordio
1069 1602 1193 1678 mundi,

445 1700 509 1764 imo
524 1699 628 1781 potius
644 1700 683 1762 ab
694 1700 961 1779 aeterno,fuerunt
976 1709 1040 1763 tres
1050 1718 1195 1782 persone

1248 722 1281 783 in
1305 723 1491 785 ascensione
1511 724 1549 785 ad
1572 725 1687 786 coelum
1712 748 1719 785 :
1742 724 1775 785 in
1794 742 1857 804 quo
1876 722 1997 803 jugiter

1247 820 1375 897 mansit,
1406 820 1470 883 imo
1498 829 1527 882 et
1561 822 1656 884 homo
1689 821 1754 902 jam
1788 820 1904 897 factus,
1934 819 1997 881 fuit

1247 926 1415 999 antequam
1446 919 1478 979 in
1507 919 1703 981 humanitate
1729 919 1804 981 illuc
1829 918 1993 994 ascendit,

1247 1022 1279 1075 et
1298 1014 1369 1091 boc,
1388 1015 1508 1078 ratione
1531 1017 1706 1099 personalis
1729 1016 1857 1079 unionis
1879 1016 1997 1077 utrius-

1247 1132 1309 1193 que
1324 1121 1443 1175 naturae
1459 1114 1492 1175 in
1508 1114 1587 1195 ipso.
1597 1115 1642 1175 Ad
1653 1115 1738 1195 quod
1754 1113 1994 1191 insinuandum,

1249 1211 1381 1291 loquens
1403 1231 1475 1273 cum
1499 1211 1670 1274 Nicodemo
1695 1212 1729 1273 in
1754 1221 1837 1275 terra
1864 1219 1997 1275 testatus

1249 1317 1297 1370 est
1323 1331 1329 1369 :
1355 1307 1453 1371 Nemo
1477 1310 1621 1371 aseendit
1645 1309 1678 1371 in
1703 1310 1821 1372 coelum
1849 1310 1912 1371 nisi
1941 1310 1996 1391 qui
2026 1332 2134 1374 tuanen-2

1248 1406 1414 1467 descendit
1428 1408 1467 1469 de
1482 1408 1575 1485 coelo,
1592 1407 1690 1469 Filius
1710 1407 1863 1485 hominis,
1880 1408 1934 1488 qui
1949 1415 1998 1469 est
2012 1397 2050 1436 ¹³·

1250 1505 1284 1565 in
1298 1506 1390 1568 ooelo.
1406 1506 1449 1567 De
1471 1505 1654 1587 hujusmodi
1677 1527 1772 1569 cursu
1792 1507 1924 1588 angelus
1946 1526 1998 1568 su-

1249 1603 1356 1685 perior
1369 1604 1412 1666 ait
1427 1604 1465 1665 ad
1482 1604 1665 1667 inferiorem
1684 1629 1691 1665 ε
1709 1605 1806 1667 Curre
1821 1614 1852 1668 et
1867 1605 1998 1687 inquere
2013 1616 2135 1664 laeana

1250 1702 1289 1763 ad
1312 1720 1445 1782 puerum
1467 1703 1573 1765 istum.

444 1798 476 1860 in
493 1819 555 1862 una
569 1798 778 1861 subsistentes
798 1808 921 1879 natura,
939 1799 982 1861 ita
1002 1800 1035 1861 in
1056 1798 1231 1861 lmese-B
1290 1803 1449 1876 Egressus
1467 1804 1539 1878 ejus
1558 1821 1578 1861 a
1596 1805 1713 1873 Patre,
1728 1802 1761 1863 id
1782 1810 1840 1878 cst,
1859 1802 1997 1864 l'erbum
2069 1821 2087 1874 5

444 1898 587 1960 culorum
612 1906 718 1959 essent
742 1906 806 1959 tres
829 1906 949 1960 naturae
975 1897 1008 1959 in
1032 1917 1096 1959 una
1124 1916 1195 1977 per-

444 2014 532 2074 sona,
549 2004 636 2079 puta,
653 1996 763 2059 divina
785 1997 936 2074 essentia,
953 2015 1026 2060 caro
1042 2005 1072 2059 et
1088 1996 1195 2059 anima

444 2094 477 2155 in
492 2094 626 2157 Christo.
644 2096 761 2157 Verum
777 2096 852 2157 dum
868 2097 939 2157 dua
954 2102 1073 2157 naturae
1089 2095 1195 2177 perhi-

442 2192 559 2255 bentur
578 2193 611 2254 in
633 2192 769 2271 Christo,
786 2212 902 2257 nomen
923 2200 1042 2255 naturae
1064 2192 1194 2275 proprie

443 2290 590 2367 sumitur,
614 2309 672 2373 pro
696 2299 809 2353 natura
831 2292 954 2373 integra
975 2299 1008 2354 et
1031 2290 1192 2372 perfecta,

367 2426 372 2433 ·
442 2388 518 2451 dum
538 2408 614 2452 vero
634 2398 698 2451 tres
719 2398 838 2454 naturae
858 2390 893 2450 in
913 2389 983 2471 ipso
998 2408 1068 2451 esse
1082 2387 1194 2451 dicun-

442 2494 506 2564 tur,
522 2494 636 2549 natura
654 2486 780 2568 capitur
798 2486 971 2563 extensius,
989 2494 1084 2568 prout
1098 2486 1193 2547 etiam

444 2602 515 2664 pars
544 2592 665 2646 naturae
693 2583 876 2647 nominatur
904 2590 1027 2661 natura,
1057 2583 1118 2646 hoo
1146 2591 1195 2645 est

445 2690 507 2743 tam
529 2698 603 2745 caro
622 2700 718 2764 quam
738 2681 856 2744 anima.
874 2680 1016 2762 Denique
1036 2681 1103 2744 haec
1122 2700 1195 2763 pro-

442 2779 542 2841 funda
566 2799 603 2842 ac
627 2779 834 2842 devotissima
857 2779 954 2842 verba
975 2778 1191 2857 Cassiodorus

443 2896 539 2959 super
566 2877 685 2939 librum
713 2877 922 2955 Psalmorum,
952 2876 1095 2941 affirmat
1122 2897 1193 2940 san-

1251 1906 1403 1961 eternum
1429 1919 1466 1960 ex
1490 1901 1584 1962 corde
1608 1899 1706 1962 Patris
1735 1885 1926 1962 aeternaliter
1950 1909 1999 1961 est

1250 2016 1412 2077 egressum
1428 2016 1484 2058 seu
1505 1998 1665 2060 emanavit
1684 2017 1741 2080 per
1760 1998 1998 2079 generationem

1250 2094 1404 2172 divinam,
1421 2095 1602 2176 egressione
1621 2104 1652 2158 et
1671 2096 1872 2159 emanatione
1892 2097 1930 2158 ad
1951 2096 1999 2158 in-

1250 2200 1308 2253 tra.
1326 2192 1369 2253 De
1390 2212 1452 2273 qua
1473 2212 1530 2274 per
1550 2194 1663 2255 isaiam
1687 2194 1827 2274 loquitur
1840 2194 1923 2256 Deus
1945 2194 1999 2256 Pa-

1251 2297 1299 2351 ter
1315 2314 1321 2351 :
1338 2289 1525 2371 Egredietur
1545 2292 1584 2352 de
1606 2310 1660 2353 ore
1682 2311 1754 2355 meo
1775 2291 1908 2372 justitiae
1930 2312 1999 2355 ver-
2016 2320 2134 2368 rema:

1251 2388 1338 2465 bum,
1365 2396 1399 2449 ut
1422 2388 1616 2469 Augustinus
1644 2390 1783 2470 exponit.
1813 2390 1852 2451 Et
1879 2390 1996 2469 denuo,

1250 2485 1377 2568 planius
1405 2486 1538 2567 loquens
1564 2510 1571 2547 ι
1597 2486 1755 2568 Numquid
1784 2487 1915 2569 (inquit)
1938 2507 1999 2570 ego
2018 2520 2135 2568 raram,

1250 2584 1304 2665 qui
1327 2583 1406 2648 alios
1428 2604 1539 2665 parere
1561 2584 1657 2663 facio,
1678 2584 1746 2667 ipse
1768 2604 1832 2650 non
1854 2586 1998 2668 pariaml
2012 2585 2034 2625 ⁹·

1250 2681 1369 2744 Deinde
1384 2682 1522 2744 Verbum
1543 2690 1576 2744 et
1590 2682 1751 2764 Sapientia
1766 2683 1876 2761 Patris,
1894 2703 1999 2765 egres-

1250 2799 1321 2841 sum
1345 2788 1393 2841 est
1415 2800 1433 2841 a
1458 2779 1546 2842 Patre
1568 2780 1725 2862 spirituali
1748 2780 1912 2859 missione,
1933 2801 1997 2846 non

1250 2878 1371 2940 Patrem
1398 2878 1617 2959 relinquendo,
1644 2881 1698 2942 sed
1727 2879 1761 2940 in
1790 2880 1998 2943 rationalibus

443 2984 530 3038 ctum
555 2976 660 3037 virum
685 2975 887 3039 Ambrosium
912 2976 1230 3057 supernaturalitertl
1250 2975 1403 3038 creaturis
1430 2976 1567 3057 gratiose
1594 2976 1701 3058 aliqua
1730 2978 1903 3059 operando,
1927 2978 1998 3059 jux-

443 3074 624 3157 protulisse.

481 3176 616 3235 Alacris
631 3182 667 3234 ut
677 3183 792 3236 currat
803 3172 941 3243 ciam‚id
956 3172 1092 3254 esl,ipse
1106 3172 1194 3235 Chri-

444 3278 511 3333 stus
534 3270 595 3332 fuit
615 3270 762 3333 «alacris
778 3292 807 3348 a,
824 3270 855 3332 id
879 3278 926 3332 est
947 3271 1124 3352 expeditus,
1140 3291 1193 3335 ve

444 3369 507 3445 lox,
524 3368 744 3451 paratissimus
766 3376 798 3431 et
818 3368 989 3449 jucundus,
1006 3369 1046 3431 ad
1065 3388 1193 3451 percur-

445 3468 579 3529 rendum
591 3467 651 3529 iter
661 3466 766 3529 seculi
777 3467 885 3547 hujus,
891 3468 930 3528 ad
942 3468 1191 3531 conversandum

444 3566 479 3627 in
495 3566 587 3627 terris
602 3566 724 3628 tamdiu
745 3565 829 3628 sicut
842 3565 932 3627 Pater
953 3566 1190 3647 preordinavit,

443 3665 482 3727 ad
498 3663 731 3746 expediendum
754 3671 785 3725 et
799 3663 1015 3745 peragendum
1037 3663 1192 3745 quidquid

443 3762 534 3825 Pater
556 3780 614 3843 per
637 3780 709 3824 eum
734 3761 809 3839 dici,
835 3760 908 3823 fieri
933 3760 1103 3844 ipsumque
1126 3762 1192 3844 pati

445 3858 594 3922 instituit.
616 3859 745 3941 Propter
763 3859 845 3941 quod
869 3860 1011 3940 pendens
1032 3859 1065 3920 in
1085 3878 1190 3938 cruce,

293 3981 430 4031 rounam,
445 3958 643 4041 deprompsit
659 3981 665 4018 ε
683 3957 941 4022 consummatum
961 3966 1028 4037 est;
1044 3966 1075 4020 et
1097 3958 1192 4041 paulo

293 4046 429 4157 {ggdlm
444 4064 517 4119 ante
531 4056 633 4137 :Opus
648 4055 865 4119 consummavi
881 4057 965 4136 quod
980 4056 1094 4118 dedisti
1112 4056 1191 4119 mihi

1248 3082 1280 3136 ta
1309 3072 1386 3136 illud
1418 3097 1425 3134 :
1456 3073 1541 3135 llitte
1571 3072 1657 3135 illam
1688 3074 1727 3136 de
1757 3075 1847 3138 coelis
1877 3077 2135 3163 sanctis32,‚„‚g

1248 3170 1321 3234 tuis.
1346 3172 1390 3234 De
1412 3189 1476 3251 qua
1498 3170 1651 3233 missione
1675 3180 1706 3233 et
1725 3172 1908 3254 egressione
1932 3173 1997 3256 pri-

1247 3289 1300 3334 mo
1315 3268 1548 3331 Sententiarum
1570 3268 1689 3331 diffuse
1709 3277 1872 3333 tractatur.
1890 3272 1995 3335 'lertio
2024 3298 2135 3355 cmm

1247 3386 1393 3449 egressus
1415 3374 1463 3429 est
1483 3365 1670 3447 Unigenitus
1692 3367 1745 3429 Dei
1769 3389 1788 3431 a
1809 3369 1910 3447 Patre,
1930 3389 1994 3434 non
2009 3364 2135 3420 *smel*

1248 3484 1305 3546 per
1319 3464 1381 3528 loci
1404 3464 1622 3543 mutationem,
1639 3465 1693 3526 sed
1709 3465 1855 3529 humanas
1874 3475 1994 3531 naturae

1248 3562 1510 3643 assumptionem,
1532 3562 1615 3624 sicut
1639 3561 1672 3623 in
1695 3562 1920 3629 Ecclesiastico
1944 3584 1996 3628 ex-

1248 3679 1393 3742 pressum
1408 3667 1467 3737 est,
1483 3660 1539 3721 ubi
1555 3659 1717 3741 Sapientia
1736 3661 1877 3725 increata
1890 3682 1928 3726 ae
1941 3682 1995 3746 ge-

1248 3758 1315 3820 nita
1336 3757 1477 3839 loquitur
1498 3781 1505 3818 ε
1523 3757 1588 3838 Ego
1611 3777 1648 3819 ex
1669 3777 1723 3822 ore
1745 3760 1899 3822 ditissimi
1923 3780 1995 3844 pro-
2008 3784 2135 3832 necem.

1248 3856 1325 3933 divi,
1342 3854 1554 3937 primogenita
1568 3864 1640 3917 ante
1655 3874 1783 3918 omnem
1799 3866 1992 3939 creaturam3
2009 3851 2029 3891 ⁵·

1248 3955 1281 4016 in
1296 3953 1474 4017 Proverbiis
1489 3972 1614 4034 quoque
1632 3976 1638 4014 :
1656 3954 1703 4016 Ab
1717 3963 1834 4019 aeterno
1849 3956 1994 4020 ordinata
2022 3980 2093 4025 rme.
2103 3996 2134 4028 <a

1247 4073 1329 4132 sum,
1355 4052 1492 4114 necdum
1521 4060 1611 4114 erant
1638 4053 1755 4134 abyssi,
1781 4062 1813 4117 et
1841 4074 1900 4136 ego
1927 4056 1993 4136 jam
2008 4047 2092 4097 ²³¹²*

443 4163 479 4217 ut
500 4152 649 4217 iacerem.
670 4154 834 4235 Quumque
856 4154 1189 4236 comprehenderetur,
1206 4159 1231 4221 Ι)
1247 4160 1400 4233 concepta
1415 4170 1511 4212 eram.
1522 4154 1698 4227 Regressus
1712 4154 1784 4229 ejus
1798 4156 1843 4212 ad
1856 4157 1994 4215 Patrem

298 4274 358 4319 rora.
368 4286 428 4325 mu,
443 4252 523 4317 dixit
537 4252 575 4315 ad
590 4251 714 4315 Petrum
729 4251 883 4314 :Calicem
899 4270 993 4333 quem
1008 4252 1097 4314 dedit
1110 4251 1190 4314 mibi

294 4340 328 4381 ¹¹·
443 4352 543 4428 Pater,
560 4368 624 4413 non
644 4349 692 4412 vis
712 4357 746 4412 ut
765 4348 873 4411 bibam
889 4349 1002 4412 illuml
1017 4349 1097 4412 llinc
1112 4370 1192 4432 prae-

312 4474 353 4519 rs.
368 4485 427 4524 svm,
442 4449 564 4512 dictum
579 4447 640 4511 fuit
655 4448 687 4509 in
702 4447 824 4511 Psalmo
842 4446 1038 4510 :Exsultavit
1052 4455 1087 4510 ut
1100 4448 1189 4529 gigas

293 4541 314 4580 ⁰·
443 4548 481 4611 ad
497 4547 685 4610 currendam
707 4545 803 4609 viam.
820 4545 858 4608 Et
879 4546 983 4608 denuo
1002 4546 1041 4608 de
1063 4566 1097 4608 se
1119 4546 1190 4628 ipso

304 4670 428 4719 remu.
443 4646 560 4710 effatus
583 4653 631 4708 est
653 4668 659 4706 :
681 4644 715 4706 ln
739 4644 843 4726 capite
868 4643 942 4705 libri
965 4642 1119 4726 scripturn
1142 4651 1190 4706 est

293 4735 314 4785 ⁸¹
327 4736 348 4777 ⁹·
442 4746 481 4808 de
496 4765 547 4807 me
562 4743 749 4807 olfacerem
770 4744 967 4807 voluntatem
983 4750 1090 4821 tuam,
1106 4744 1188 4805 Deus

441 4864 544 4922 meus,
561 4841 660 4921 volui,
676 4850 708 4905 et
727 4842 830 4923 legem
850 4849 936 4903 tuam
952 4840 985 4901 in
1001 4841 1106 4904 medio
1121 4860 1189 4904 cor-

442 4942 491 5005 dis
516 4941 589 5004 mei.
610 4941 717 5022 ltaque
741 4939 793 5001 via
812 4940 879 5003 haeo
898 4936 1013 4999 Christi
1038 4938 1100 5000 fnit
1125 4947 1189 5002 tota

441 5039 641 5105 conversatio
656 5038 726 5119 ejus
742 5037 774 5099 in
790 5037 905 5099 saeculo
922 5036 993 5113 isto,
1009 5038 1188 5119 persecutio

440 5147 472 5202 et
495 5138 601 5221 passio
625 5135 708 5219 ejus,
728 5135 889 5198 discursus
915 5134 948 5196 in
973 5133 1185 5216 praedicande,

439 5235 584 5319 fatigatio
603 5233 637 5296 in
660 5232 848 5311 itinerando,
870 5232 1070 5295 incessabilis
1092 5251 1187 5296 occu·

1246 4249 1280 4311 in
1308 4247 1495 4311 ascensione
1522 4270 1528 4308 :
1555 4265 1619 4310 non
1648 4249 1731 4329 quod
1760 4248 1793 4310 in
1822 4257 1906 4312 terra
1929 4269 1993 4313 non

1246 4347 1343 4409 fuerit
1356 4348 1438 4409 Deus
1453 4346 1552 4423 Pater,
1569 4354 1623 4407 aut
1644 4348 1728 4427 quod
1751 4348 1784 4409 in
1799 4348 1880 4412 coelo
1899 4357 1993 4431 atque

1246 4446 1279 4507 in
1294 4444 1383 4507 Patre
1397 4463 1461 4506 non
1476 4442 1572 4506 fuerit
1587 4462 1623 4506 ac
1639 4443 1791 4505 manserit
1805 4444 1920 4525 Filius3
1937 4447 1991 4509 sed

1245 4545 1329 4607 sicut
1349 4562 1496 4624 egressus
1518 4541 1579 4604 fuit
1602 4541 1635 4603 in
1658 4542 1888 4623 incarnatione,
1905 4563 1993 4606 assu-

1245 4642 1361 4706 mendo
1375 4640 1618 4719 humanitatem,
1635 4640 1679 4703 ita
1695 4640 1726 4702 in
1742 4642 1929 4705 ascensione
1945 4662 1992 4705 re

1243 4760 1371 4824 gressus
1399 4747 1446 4801 est
1474 4739 1513 4801 ad
1540 4738 1675 4817 Patrem,
1705 4747 1900 4822 assumptam
1934 4741 1991 4802 bu-

1243 4837 1429 4902 manitatem
1455 4838 1489 4898 in
1513 4855 1638 4899 summo
1662 4837 1743 4900 coelo
1766 4838 1804 4899 ad
1830 4839 1989 4902 dexteram

1243 4938 1353 5015 Patris,
1371 4937 1402 4998 id
1417 4944 1466 4998 est
1480 4936 1511 4997 in
1536 4936 1713 5017 potioribus
1727 4936 1798 5017 ejus
1813 4937 1917 5016 bonis,
1933 4957 1990 5020 per

1242 5037 1369 5119 plenam
1385 5034 1653 5117 glorificationem
1670 5034 1892 5099 constituendo
1909 5060 1916 5097 :
1934 5035 1987 5099 ubi

1242 5136 1331 5197 Pater
1355 5132 1487 5215 speciali
1511 5132 1777 5213 eminentiorique
1800 5134 1895 5197 modo
1919 5154 1988 5199 esse

1241 5242 1272 5296 et
1287 5231 1429 5295 habitare
1444 5231 1606 5310 asseritur,
1622 5232 1773 5313 quoniam
1794 5231 1839 5293 ihi
1858 5233 1988 5316 pracla-
