4309 6259
444 502 484 550 ott
504 502 707 551 SAGRAHNTO
727 504 938 552 coenantem
958 503 1116 553 831110Νῆ
1137 504 1203 551 SEX.
1226 522 1266 535 -·
1287 504 1385 552 sufflo
1406 503 1429 551 11
1653 480 1713 549 &9

165 683 199 739 ut
219 674 252 737 in
273 674 528 756 correptionibus
549 683 582 737 et
602 672 862 753 correctionibus,
878 674 952 738 ind

165 772 440 838 exercitationibus
464 781 496 837 et
519 772 757 856 probationibus
779 773 914 836 estimet
1235 734 1380 800 SERMO
1402 735 1445 799 Π·

165 872 223 935 sibi
237 872 387 954 injuriam
403 871 484 951 lieri,
501 872 557 935 sed
572 872 676 953 potius
689 871 774 935 dicat
788 890 826 934 ex
839 871 913 933 inti·
1071 887 1120 946 De
1150 884 1359 943 institutione
1385 892 1415 943 et
1444 884 1608 959 dignitate

45 979 75 1023 tet
83 992 150 1031 nnn,
165 990 218 1034 mo
238 972 332 1035 corde
350 994 358 1033 :
375 971 518 1050 Peccavi,
534 978 567 1034 et
587 989 662 1034 vere
682 969 811 1051 deliqui,
828 977 861 1033 et
878 981 913 1033 ut
1173 974 1371 1032 sacramenti
1402 973 1507 1033 iscius.

46 1046 62 1085 ⁷'
164 1070 278 1151 diguus
293 1089 380 1132 eram
394 1086 459 1133 non
475 1068 591 1150 recepi.
607 1068 838 1131 llrubescamus
853 1087 912 1132 nos

165 1168 287 1231 barbati
301 1176 334 1231 et
354 1168 552 1251 negligentes
574 1168 606 1229 in
629 1168 737 1231 schola
758 1167 911 1230 virtutum
1034 1173 1089 1233 60
1102 1190 1173 1229 sum
1189 1171 1289 1245 panis
1304 1170 1389 1231 vitta.
1406 1168 1516 1231 loann.
1535 1185 1576 1245 vr,
1592 1167 1642 1230 te.

164 1266 323 1348 discipuli,
347 1267 432 1347 quod
456 1266 541 1329 iufra
565 1273 612 1329 tot
631 1265 699 1328 dies
719 1274 751 1329 et
772 1284 910 1345 menses,
1072 1266 1224 1331 Dominus
1253 1274 1361 1329 noster
1392 1266 1482 1328 lesus
1510 1265 1652 1329 Christus
1680 1265 1713 1326 in
1727 1289 1862 1339 racanas,

164 1374 196 1427 et
216 1365 314 1446 (quod
336 1365 587 1443 erubescibilius,
604 1364 668 1427 imo
690 1382 726 1427 ac
748 1364 911 1426 damnabi-
965 1385 1029 1448 qua
1053 1373 1145 1429 nocte
1169 1365 1362 1442 tradebatur,
1385 1364 1510 1445 accepit
1532 1382 1659 1445 panem,
1682 1370 1714 1425 et
1727 1350 1859 1466 {mm

164 1462 224 1525 lius
238 1464 300 1543 est)
311 1462 394 1525 inlra
408 1470 455 1526 tot
474 1480 575 1526 annos
596 1471 712 1525 nostre
733 1462 912 1525 vocationis
965 1463 1083 1545 gratias
1097 1481 1205 1545 agens,
1218 1461 1381 1525 benedixit
1395 1481 1431 1525 ac
1446 1460 1553 1543 fregit,
1565 1461 1714 1542 deditque

164 1570 228 1624 tam
249 1580 363 1642 parum
385 1559 589 1642 profecimus,
611 1560 655 1621 ita
676 1568 711 1622 ut
731 1560 836 1622 adbuc
858 1559 912 1622 vix
965 1560 1131 1643 discipulis
1151 1560 1229 1640 suis,
1246 1567 1278 1623 et
1296 1560 1339 1623 ait
1356 1584 1362 1622 :
1380 1559 1523 1642 Accipite
1538 1566 1569 1622 et
1582 1559 1715 1621 mandu-

165 1659 298 1722 verbum
331 1658 558 1740 increpationis
591 1667 645 1721 aut
680 1657 912 1721 exercitationis
966 1668 1056 1737 cate3
1074 1660 1135 1722 boc
1151 1667 1199 1721 est
1213 1676 1329 1740 corpus
1348 1677 1467 1721 meum.
1483 1657 1565 1721 Ecce
1580 1657 1713 1720 verbum
1728 1682 1861 1735 ramese

162 1756 383 1838 equanimiter
416 1756 501 1820 serre
533 1756 702 1839 possimus.
739 1756 912 1819 Pensemus
965 1757 1185 1822 abbreviatum
1200 1758 1294 1838 ‚quod
1319 1756 1397 1821 lecit
1420 1757 1502 1819 Deus
1531 1774 1627 1837 super
1654 1745 1761 1819 ter-¹⁶·
1775 1757 1797 1797 ¹·
1811 1746 1846 1787 ²³·

161 1856 236 1939 quid
258 1855 451 1918 venerabilis
474 1856 530 1918 illa
549 1854 657 1919 luditb
679 1862 821 1937 ternpore
842 1854 947 1936 gra-B
967 1876 1044 1918 ram.
1061 1856 1144 1918 Ecce
1168 1874 1263 1937 quam
1289 1855 1422 1937 simplex
1448 1854 1586 1917 narratio
1606 1872 1716 1936 super-

45 1969 148 2021 arum..
162 1954 302 2017 vissimae
324 1952 536 2017 tribulationis
559 1954 666 2017 locuta
683 1954 748 2015 sit:
771 1952 840 2017 Non
864 1953 912 2015 ul·
966 1953 1119 2016 naturalis
1149 1961 1181 2015 et
1208 1951 1630 2035 incomprebensibilissimae
1655 1951 1712 2014 rei.

46 2036 103 2083 ω·
162 2052 323 2117 ciscamur
347 2051 557 2133 nos(inquit)
581 2051 715 2133 probis
739 2070 809 2133 qua
832 2052 912 2132 pati·
965 2052 1077 2118 Nonne
1094 2051 1210 2114 mirum
1225 2053 1384 2133 quomodo
1399 2051 1457 2115 toti
1477 2052 1596 2115 mundo
1611 2050 1715 2133 potuit

162 2170 248 2228 mur,
266 2151 323 2213 sed
345 2157 527 2231 reputantes
548 2149 687 2231 peccatis
710 2149 824 2212 nostris
844 2150 911 2213 hac
965 2151 1062 2232 hujus
1089 2151 1277 2213 sacramenti
1297 2151 1379 2213 lides
1404 2149 1610 2231 persuaderil
1626 2149 1715 2231 Legi-

161 2248 229 2329 ipsa
249 2246 411 2329 supplicia
424 2266 494 2309 esse
515 2246 651 2325 minora,
667 2246 797 2328 llagella
811 2248 913 2311 Domi·
965 2258 1017 2313 tur
1044 2250 1127 2330 apud
1155 2249 1293 2311 Marcum
1320 2250 1500 2311 :Exierunt
1529 2248 1578 2310 sui
1607 2255 1714 2311 tenere
1741 2273 1816 2318 aaa.
1832 2286 1861 2323 m,

161 2346 206 2423 ni,
222 2345 316 2427 quasi
340 2344 424 2408 servi
450 2345 504 2425 qui
526 2344 728 2426 corripimur,
745 2346 784 2407 ad
806 2365 912 2408 emen·
966 2368 1051 2425 eum,
1068 2347 1220 2411 videlicet
1241 2347 1359 2425 lesum,
1375 2346 1518 2409 dicentes
1536 2370 1542 2407 :
1559 2346 1714 2421 Quoniam
1728 2340 1762 2380 ²¹·

161 2445 325 2507 dationem
344 2451 378 2507 et
395 2462 461 2506 non
480 2444 520 2506 ad
543 2444 756 2524 perditionem
772 2455 911 2507 nostram
967 2447 1000 2509 in
1016 2446 1157 2510 furorem
1172 2465 1282 2508 versus
1298 2455 1356 2509 est,
1370 2445 1476 2524 Porro,
1493 2444 1576 2508 sicut
1590 2464 1627 2508 ex
1643 2444 1715 2507 aliis

161 2542 309 2604 evenisse
333 2543 510 2605 credamus.
537 2540 616 2616 Quid
645 2542 685 2604 ad
715 2542 775 2603 ista
798 2542 912 2605 dicturi
966 2543 1176 2625 Evangelistis
1192 2552 1294 2626 potest
1309 2542 1474 2625 perpendi,
1487 2542 1549 2606 hoc
1565 2541 1625 2604 luit
1638 2541 1715 2603 dum

162 2647 234 2701 sunt
259 2639 315 2720 qni
341 2640 393 2722 pie
418 2641 555 2721 correpti
580 2658 654 2703 mox
678 2640 910 2719 contradicunt,
967 2643 1056 2705 lesus
1077 2641 1265 2723 predicavit
1285 2641 1400 2703 ludaeis
1419 2658 1456 2702 ea
1475 2659 1544 2722 quae
1562 2660 1581 2702 a
1596 2640 1716 2703 Ioanne

162 2744 326 2817 excusant,
356 2737 482 2819 probari
516 2738 600 2819 quod
633 2736 752 2799 dicitur
779 2742 912 2818 petuntl
967 2740 1152 2802 scribuntur
1166 2741 1204 2802 de
1221 2738 1424 2801 Sacramento
1440 2737 1583 2820 corporis
1598 2746 1629 2800 et
1644 2756 1716 2799 san-

46 2856 148 2904 tuear.
162 2836 206 2916 Si,
222 2843 258 2898 ut
274 2836 410 2898 Tbornas
433 2835 466 2897 in
488 2835 628 2898 secunda
649 2836 797 2898 secunde
819 2843 912 2898 testa·
966 2837 1073 2919 guinis
1094 2836 1456 2917 sui1Caroliuquiens)
1479 2855 1549 2898 mea
1570 2854 1644 2898 vere
1669 2844 1717 2897 est
1736 2857 1818 2900 rouen.
1833 2870 1863 2908 a,

163 2943 222 3013 tur,
248 2934 427 2997 mortaliter
449 2943 583 3014 peccant
611 2934 706 2997 etiam
731 2934 775 2997 rei
803 2935 912 2997 mortis
967 2935 1070 3013 cibus,
1087 2943 1118 2997 et
1129 2934 1259 3016 sanguis
1273 2953 1363 2997 meus
1380 2954 1455 2998 vere
1470 2942 1518 2997 est
1533 2942 1644 3015 potus3
1661 2933 1715 3015 qui
1732 2924 1765 2971 ⁵⁰¹
1781 2924 1814 2964 ⁵⁷·

162 3032 216 3113 qui
241 3051 352 3096 coram
371 3031 479 3112 judice
505 3052 563 3094 sua
586 3032 679 3094 lateri
704 3032 841 3094 crimina
865 3053 912 3095 re·
927 3031 949 3093 G
967 3034 1137 3096 manducat
1161 3052 1264 3095 meam
1290 3052 1430 3109 carnem,
1449 3042 1481 3097 et
1504 3033 1585 3096 bibit
1609 3050 1716 3095 meum

162 3139 265 3193 nuuut
296 3148 354 3211 pro
386 3130 503 3211 quibus
536 3139 610 3192 sunt
638 3130 817 3208 occidendi,
847 3148 912 3193 non
967 3132 1167 3214 sanguinem,
1185 3140 1245 3194 etc.
1262 3131 1336 3206 Quae
1357 3132 1454 3195 verba
1474 3130 1656 3195 carnalibus
1671 3130 1717 3192 vi-

162 3228 309 3291 obstante
332 3229 416 3308 quod
441 3228 535 3290 timor
559 3228 670 3291 mortis
694 3228 822 3309 culpam
847 3248 912 3291 non
967 3232 1124 3293 debantur
1146 3230 1244 3292 verba
1268 3228 1414 3292 amentiae
1437 3249 1474 3292 ac
1500 3228 1628 3306 luroriS,
1653 3230 1718 3293 imo

162 3346 275 3408 parum
292 3326 420 3388 alleviat
436 3348 444 3387 ε
460 3326 537 3406 quid
553 3344 666 3408 poenae,
683 3326 760 3407 quid
783 3328 912 3390 damna·
967 3336 998 3391 et
1012 3328 1177 3391 nonnullis
1198 3328 1430 3408 discipulorum
1453 3327 1553 3409 ipsius
1578 3328 1718 3392 Salvato

162 3424 257 3487 tionis
272 3423 325 3486 bis
340 3422 487 3486 imminet
500 3423 555 3504 qui
577 3425 688 3505 culpas
710 3444 783 3487 suas
803 3444 911 3488 coram
966 3426 1022 3504 ris,
1044 3426 1099 3508 qui
1132 3425 1333 3487 scandalizati
1357 3446 1395 3488 cx
1419 3426 1524 3489 verbis
1553 3426 1718 3507 hujusmo-
1731 3447 1863 3497 master.

162 3522 379 3603 superioribus
394 3522 459 3585 suis
480 3530 535 3584 aut
549 3531 677 3603 negant,
693 3530 748 3585 aut
768 3523 910 3605 palliant,
967 3525 1010 3601 di,
1034 3524 1183 3587 abierunt
1210 3531 1395 3603 retrorsum,
1418 3522 1561 3587 dicentes
1585 3544 1592 3582 ε
1615 3525 1718 3588 Durus

162 3629 215 3682 aut
239 3620 336 3682 nimis
360 3622 554 3683 extenuantl
569 3620 657 3695 Quod
683 3621 778 3683 etiam
803 3630 913 3685 contra
967 3632 1015 3686 est
1035 3623 1088 3686 bic
1118 3641 1235 3700 sermo,
1264 3631 1295 3685 et
1321 3622 1392 3704 quis
1425 3630 1528 3705 potest
1560 3641 1633 3685 eum
1668 3643 1719 3686 au-

162 3718 341 3781 dristotelis
365 3726 413 3781 est
436 3718 626 3799 doctrinam,
652 3718 764 3799 quiin
793 3719 912 3783 Ethicis
966 3722 1057 3785 diret

161 3818 264 3894 docet,
283 3816 369 3897 quod
390 3816 536 3897 quamvis
557 3836 576 3879 a
596 3817 727 3879 veritate
748 3836 912 3899 nunquam
1007 3818 1161 3900 llenique,
1191 3837 1273 3881 unus
1303 3817 1495 3899 sapientium
1525 3820 1632 3883 seculi
1661 3821 1719 3884 bu-

162 3916 201 3978 sit
220 3914 447 3993 recedendum,
463 3922 570 3977 umen
593 3915 631 3976 in·
649 3916 834 3979 recitatione
856 3938 913 3980 seu
967 3919 1031 4001 jus,
1048 3919 1083 3979 in
1104 3916 1304 3979 mirabilibus
1324 3918 1512 3979 sacramenti
1534 3918 1629 4000 hujus
1650 3940 1720 4001 per-

162 4014 366 4077 accusatione
394 4013 496 4093 culpae
525 4013 654 4076 alterius
683 4015 783 4095 magis
811 4016 914 4077 diver·
968 4024 1084 4094 motus,
1118 4013 1282 4094 confusus,
1318 4013 1474 4095 dejectus,
1503 4016 1623 4097 quippe
1663 4017 1719 4099 qni

164 4114 298 4175 tendum
319 4120 367 4174 cst
387 4112 426 4173 ad
448 4112 565 4191 minus,
582 4113 615 4174 in
637 4113 839 4176 accusatione
860 4133 915 4176 au·
968 4113 1116 4195 spiritum
1132 4112 1246 4175 Christi
1262 4131 1326 4176 non
1344 4112 1468 4191 babuit,
1487 4114 1541 4176 sed
1562 4114 1664 4177 solum
1680 4118 1718 4179 ad

164 4222 226 4275 tem
253 4218 287 4273 et
315 4210 495 4273 narratione
522 4209 656 4292 propriae
685 4210 787 4292 culpae
810 4212 914 4294 potius
929 4211 954 4274 [l
968 4212 1128 4274 naturales
1152 4230 1263 4274 causas
1289 4211 1455 4292 respexit:
1477 4212 1639 4291 blandum,
1663 4214 1718 4292 ait,

164 4318 211 4372 est
225 4307 453 4371 declinandum
467 4309 507 4370 ad
522 4308 637 4389 majus,
970 4310 1146 4393 peragravi,
1170 4312 1274 4373 varias
1299 4318 1400 4373 sectas
1431 4310 1553 4389 iuveni,
1580 4320 1613 4375 et
1640 4333 1720 4375 nuu-

201 4411 325 4490 ltaque,
351 4416 387 4471 ut
408 4407 483 4469 huic
506 4408 694 4488 dignissimo
717 4417 914 4471 sacramento
968 4428 1063 4490 quam
1083 4416 1147 4471 lam
1168 4407 1287 4471 fatuam
1309 4409 1412 4489 reperi
1435 4418 1553 4472 sectam
1569 4410 1652 4473 sicut
1673 4420 1720 4473 est

164 4508 369 4573 Eucharistiae
388 4507 478 4588 juxta
496 4505 660 4587 parvitatis
681 4515 796 4569 nostrae
815 4508 915 4589 possi-
969 4515 1055 4569 secta
1070 4507 1330 4582 Christianorum,
1347 4508 1498 4588 quoniam
1513 4508 1612 4570 Deum
1627 4528 1719 4572 suum

164 4608 323 4670 bilitatem
349 4604 437 4685 digni
468 4604 637 4665 reddamur
660 4606 914 4687 appropinquare
971 4624 1065 4686 quem
1092 4606 1211 4685 colunt,
1234 4606 1388 4667 devorant
1412 4603 1572 4667 dentibus.
1596 4607 1661 4669 Hoc
1686 4617 1720 4669 tu

164 4724 199 4768 ae
221 4712 406 4767 reverenter
429 4719 610 4780 occurrere,
627 4709 721 4783 atque
746 4703 916 4766 salubriter
970 4703 1090 4781 dixisti,
1107 4702 1351 4766 sceleratissime
1373 4721 1410 4764 ae
1433 4703 1602 4766 maledicte
1624 4706 1720 4768 Aver-

76 4835 151 4874 οωιι,
165 4803 270 4885 ipsum
287 4802 461 4883 suscipere,
474 4800 682 4862 emundemus
697 4819 755 4864 nos
773 4802 812 4864 ab
826 4804 914 4865 omni
971 4820 1053 4880 roes,
1069 4802 1124 4882 qui
1149 4802 1218 4882 lege
1241 4801 1376 4863 naturali
1402 4802 1532 4865 voluisti
1554 4822 1624 4865 esse
1646 4822 1721 4867 con-

46 4918 52 4928 ·
165 4902 408 4982 inquinamento
432 4898 548 4961 mentis
572 4907 603 4961 et
629 4900 782 4981 corporis,
805 4909 837 4962 et
857 4920 915 4983 per
969 4906 1087 4977 tentus,
1111 4907 1142 4961 et
1165 4898 1342 4962 Aristotelis
1367 4918 1503 4979 sequens
1527 4900 1718 4981 doctrinam,

164 5000 226 5062 iter
243 4997 420 5079 disciplinae
444 4996 600 5077 regularis
620 4997 660 5059 ad
686 4997 914 5077 perlectionem
969 4995 1132 5059 asseruisti
1163 5016 1258 5078 super
1285 4996 1394 5059 orbem
1423 4996 1506 5059 lanan
1535 5016 1598 5061 non
1627 5018 1720 5079 posse

165 5098 340 5179 prudenter
358 5114 394 5158 ae
415 5093 573 5157 indefesse
593 5095 769 5157 tendamus.
786 5096 832 5157 Ad
849 5095 915 5159 lau·
969 5115 1039 5158 esse
1062 5113 1165 5174 neque
1189 5094 1333 5157 accidere
1359 5095 1490 5173 malum,
1515 5114 1575 5157 nec
1600 5097 1719 5160 malum

164 5197 237 5259 dern
252 5203 287 5259 et
300 5193 433 5276 gloriam
444 5191 744 5275 Omnipotentis,qui
757 5202 806 5256 est
819 5214 916 5275 super
970 5193 1082 5275 culpan,
1099 5212 1159 5256 uec
1182 5192 1301 5255 malum
1322 5212 1434 5273 poenae.
1457 5194 1538 5256 Hinc
1559 5201 1590 5255 et
1611 5195 1720 5259 diabo-

165 5294 275 5358 omnia
289 5293 371 5356 lleus
386 5290 533 5355 sublimis
548 5291 911 5356 etbenedictusulmen.
970 5292 1018 5356 los
1051 5311 1120 5354 esse
1149 5291 1282 5372 negasti,
1314 5310 1392 5373 quos
1425 5301 1489 5355 tam
1520 5292 1649 5375 copiosa
1681 5314 1719 5358 ac
