4309 6259
993 471 1084 523 1101OE
1105 472 1145 518 DE
1164 471 1311 519 Passionis
1332 471 1439 519 nollit!

520 641 677 729 Myrrham
692 650 724 705 et
737 642 781 705 lel
795 640 1004 705 miscuerunt.

520 740 655 823 Sanguis
669 739 764 803 fluxit
777 741 1001 823 undequaque,

521 841 564 903 ‘le
578 848 655 902 tunc
669 840 745 904 laeso
758 840 1018 921 circumquaque.

420 972 426 994 ,
520 937 650 1001 Factum
665 957 738 1001 cera
752 947 788 1001 ut
801 937 982 1019 liquescens

519 1036 575 1099 Est
588 1056 644 1101 cor
658 1046 747 1099 tuum
762 1036 965 1100 inardescens
978 1060 986 1116 3

521 1136 643 1218 Lingua
657 1136 789 1199 adhaesit
802 1135 960 1199 faucibus.

520 1233 579 1296 Pro
593 1234 644 1296 bis
659 1242 690 1296 te
704 1234 807 1297 colam
822 1233 979 1296 laudibus.

521 1330 716 1396 Cmcilixum
731 1331 906 1395 irridebant

295 1418 352 1447 ¹¹'¹'
419 1428 429 1511 J
521 1430 575 1507 Tc,
592 1428 724 1508 Christe,
741 1428 972 1511 multipliciter.

419 1560 426 1574 ·
521 1528 589 1591 lam
603 1528 771 1606 descende,
788 1527 927 1605 aiebant,

519 1626 586 1689 Rex
598 1626 705 1705 lsrael,
721 1626 906 1704 immititer;

523 1723 665 1788 Christus
680 1724 735 1787 bei
750 1724 937 1806 praeclectns

520 1823 560 1886 Se
574 1842 660 1885 nunc
675 1823 787 1901 salvet,
804 1823 867 1887 Deo
881 1830 996 1887 tectus.

521 1922 617 1984 Poena
631 1920 857 1999 inestimabili,

519 2019 597 2082 Cum
612 2036 691 2082 voce
706 2018 898 2082 lacrimabili

520 2118 584 2180 Deo
598 2117 679 2180 Patri
694 2118 910 2199 pmclamasti,

521 2214 561 2277 llt
574 2214 649 2295 quid
664 2214 765 2277 ferres
780 2213 1004 2277 demonstrasti
1022 2237 1029 2275 :

461 2302 465 2311 ¹
521 2313 604 2376 Deus
617 2331 719 2390 meus,
737 2313 818 2376 Deus
833 2331 935 2392 meus,

308 2404 365 2433 ¹¹¹¹
421 2421 427 2434 ‘
521 2409 622 2484 Quare
637 2410 749 2473 mesic
766 2409 947 2492 reliquistil

520 2509 639 2571 Horum
654 2527 749 2571 causa
764 2526 823 2590 ego
837 2528 923 2588 reus,

520 2607 580 2670 Pro
594 2624 658 2687 quo
672 2613 760 2669 tanta
773 2606 944 2688 pertulisti.

522 2705 599 2767 ‘lam
613 2705 727 2767 acerbe
742 2704 951 2786 torquebaris,

521 2804 684 2883 Tanquam
699 2802 789 2865 Pater
803 2809 834 2865 te
849 2802 1016 2884 liquisset;

329 2927 399 2967 anu,
421 2946 429 2961 .
521 2901 559 2964 Ut
574 2901 717 2983 leprosus
731 2900 902 2981 videbaris,

521 3000 560 3062 Ut
573 3017 668 3080 quem
682 2998 765 3061 Deus
779 2999 998 3079 percussisset.

422 3142 429 3166 .
522 3096 611 3158 ldatri
627 3104 687 3159 tute
702 3095 886 3173 carissimas,

523 3193 667 3255 Adstanti
683 3201 747 3256 tam
762 3193 979 3271 moestissimc,

522 3291 609 3354 Ultra
623 3290 865 3354 estimationem

523 3388 719 3452 Condolcbas
736 3412 742 3450 :
760 3389 941 3470 passionem

522 3487 621 3549 Tuam
635 3487 704 3550 dire
719 3486 765 3550 sic
780 3486 907 3567 auxisti,

522 3584 608 3648 Nihil
623 3584 680 3647 tibi
696 3585 878 3667 pepercisti.

523 3683 782 3747 Consummatum
797 3691 856 3763 est,
873 3684 1009 3767 prolato,

316 3768 343 3797 ⁸⁶
371 3769 429 3809 ‘¹¹¹⁸'
523 3782 670 3845 Animam
684 3783 766 3845 Patri
781 3782 1023 3863 commendasti,

523 3879 694 3961 Capitoque
708 3879 874 3959 inclinato,

523 3977 593 4039 Alte
608 3978 761 4055 clamans,
778 3977 956 4059 exspimsti.

409 4117 415 4129 -
524 4074 662 4138 Cernens
677 4074 737 4138 ista
751 4074 908 4155 centurio,

310 4161 352 4190 ”¹¹
399 4180 405 4193 ‘
525 4172 634 4236 Clarus
650 4181 800 4254 tanquam
815 4172 957 4250 decurio,

524 4270 577 4333 Ait
593 4294 600 4334 :
616 4272 674 4335 Hic
688 4279 737 4334 est
750 4270 806 4335 Dei
820 4270 941 4347 Filius3

524 4370 597 4433 Fuit
611 4370 841 4453 impossibilius

524 4470 582 4532 Vix
595 4470 685 4551 quid,
700 4478 789 4552 puto,
806 4488 901 4551 quam
917 4469 1109 4532 clamantem

523 4569 599 4631 Tam
614 4569 767 4646 valenter,
783 4568 1008 4649 exspirantem.

523 4667 611 4730 Tunc
626 4668 665 4730 ad
680 4675 742 4730 tuae
755 4665 882 4729 deitatis

522 4764 655 4845 Dignam
671 4764 929 4842 declarationem,

523 4862 620 4926 lloles
634 4861 851 4925 universitatis

522 4960 632 5023 lliram
647 4960 902 5023 immutationem

524 5058 706 5122 Sustinebat
719 5057 882 5121 continuo.

524 5158 680 5221 Laetantor
693 5155 760 5220 baec
775 5156 914 5220 insinuo.

333 5278 429 5324 uun.
524 5254 602 5318 Nam
616 5264 692 5319 tunc
708 5255 755 5320 sol
769 5254 1007 5333 obscurabatur,

1201 641 1226 702 Α
1323 642 1472 724 Lunaque
1487 644 1703 707 revertebatur

1321 741 1403 804 Hora
1416 740 1637 824 oppositionis.

1322 839 1459 903 Summa
1473 840 1522 902 vir
1537 838 1700 921 religionis

1321 936 1488 1019 Dionysius
1503 937 1622 1016 docuit,

1322 1035 1410 1109 Quod
1425 1035 1484 1098 soli
1500 1055 1534 1099 se
1548 1034 1706 1118 opposuit.

1323 1132 1435 1195 Scissa
1449 1142 1557 1214 petrae,
1573 1142 1655 1197 terra
1670 1141 1766 1213 mota,

1323 1232 1435 1295 Velum
1450 1232 1560 1313 templi
1576 1232 1723 1312 scissum,
1739 1239 1825 1295 nota

1323 1330 1362 1393 Et
1376 1338 1418 1409 to,
1434 1329 1566 1408 Christe,
1583 1337 1778 1412 resurgente,

1324 1427 1521 1492 Confitcmur
1536 1437 1620 1492 certa
1635 1438 1752 1507 mente,

1323 1527 1436 1590 hlultos
1451 1526 1582 1590 Sanctus
1597 1526 1776 1608 suscitatos,

1324 1628 1366 1690 ‘le
1381 1626 1561 1688 venientem
1577 1633 1775 1708 protestatos,

1324 1723 1471 1786 Sanctam
1486 1722 1598 1785 urbem
1613 1723 1772 1803 introisse,

1202 1820 1225 1882 B
1324 1822 1490 1903 Multisque
1505 1821 1700 1903 apparuisse.

1323 1921 1425 1995 Quum
1440 1927 1470 1982 te
1485 1920 1531 1981 tui
1547 1918 1746 2001 sepelissent,

1323 2019 1362 2082 Et
1375 2017 1473 2081 Judaei
1489 2016 1708 2095 contulissent,

1323 2116 1368 2180 Ne
1383 2125 1474 2179 tuum
1488 2134 1604 2199 corpus
1619 2116 1795 2197 tolleretur,

1322 2214 1360 2277 llt
1374 2221 1405 2277 te
1420 2213 1536 2276 laisum
1551 2212 1747 2295 probaretur,

1324 2312 1476 2375 Custodes
1491 2311 1714 2390 adhibuerunt,

1324 2408 1538 2491 Lapidemque
1553 2408 1771 2491 signaverunt.

1324 2508 1384 2570 Fac
1400 2525 1457 2570 nos
1472 2508 1541 2589 ipse
1557 2506 1614 2569 tibi
1630 2515 1746 2589 gratos,

1325 2605 1367 2668 Te
1383 2613 1551 2686 sequentes
1566 2604 1741 2684 timoratos,

1323 2701 1497 2766 Condolere
1512 2701 1703 2783 mentaliter,

1324 2802 1437 2863 Amare
1453 2799 1646 2883 cordialiter,

1324 2898 1382 2973 Qui
1397 2897 1519 2960 ardenti
1535 2897 1665 2961 caritate

1203 2993 1225 3057 C
1323 2997 1362 3060 Et
1375 2994 1526 3079 preclara
1541 2995 1658 3077 pietate

1325 3096 1396 3158 Haec
1411 3112 1468 3176 pro
1483 3093 1576 3156 nobis
1591 3092 1761 3176 pertulisti,

1325 3194 1363 3256 Et
1378 3200 1442 3255 mm
1457 3211 1529 3255 carc
1544 3210 1603 3255 nos
1617 3191 1733 3255 emisti.

1285 3293 1331 3355 Tu
1347 3299 1464 3355 autem.

1285 3410 1317 3465 p.
1336 3388 1482 3451 Vidimus
1507 3407 1581 3451 eum
1600 3388 1785 3469 despectum
1805 3396 1840 3452 et
1857 3387 1996 3453 novissi·
2008 3408 2108 3458 raam.

1245 3508 1334 3551 mum
1349 3486 1502 3550 virorum.
1518 3486 1590 3567 †llt
1603 3504 1662 3549 nos
1678 3486 1902 3568 reputavimus
1923 3506 1995 3549 cum

1244 3585 1335 3669 quasi
1360 3585 1533 3667 leprosum,
1553 3593 1585 3646 et
1608 3602 1795 3666 percussum
1820 3603 1839 3645 a
1863 3584 1944 3663 Deo,
1967 3591 1997 3646 et

1245 3684 1458 3747 humiliatum.

1285 3793 1317 3845 r.
1348 3780 1500 3846 Dominus
1529 3780 1633 3862 posuit
1662 3780 1695 3842 in
1724 3798 1762 3843 eo
1790 3778 1997 3861 iniquitatem
2010 3792 2079 3837 aaa.

1245 3879 1390 3943 omnium
1405 3886 1561 3941 nostrum.
1577 3877 1616 3941 Et
1629 3895 1698 3941 nos.

1285 3987 1318 4039 r.
1334 3976 1439 4040 Gloria
1453 3975 1548 4056 Patri,
1564 3984 1595 4038 et
1609 3974 1702 4057 Filio,
1718 3983 1750 4038 et
1764 3974 1901 4057 Spiritui
1923 3975 1999 4038 San-

1245 4082 1307 4138 cto.
1323 4074 1362 4137 Et
1376 4073 1588 4137 humiliatum.

1205 4164 1230 4227 D
1311 4175 1413 4251 (Alioe
1428 4176 1590 4243 lectiones,
1605 4174 1635 4233 si
1647 4176 1776 4249 placent
1789 4174 1929 4251 alicui.)

1495 4273 1605 4333 Lectio
1615 4272 1739 4348 prima.

1284 4370 1365 4432 Ante
1390 4368 1475 4431 diem
1500 4368 1618 4431 festum
1647 4368 1784 4449 Paschae,
1810 4368 1924 4433 sciens
1952 4377 1997 4446 tu,
2012 4392 2113 4436 :mam

1244 4469 1329 4545 lesu,
1352 4468 1428 4548 quia
1448 4467 1536 4531 venit
1555 4467 1632 4531 hora
1654 4476 1690 4529 ut
1708 4466 1861 4530 transires
1883 4488 1925 4531 ex
1939 4468 1999 4531 boc
2014 4461 2031 4499 ¹·

1245 4566 1365 4630 mundo
1387 4566 1425 4628 ad
1448 4565 1582 4646 Patrem,
1607 4584 1707 4646 quum
1731 4565 1903 4629 dilexisses
1929 4576 2001 4629 tuos

1245 4665 1299 4746 qui
1325 4672 1414 4727 crant
1438 4664 1471 4726 in
1491 4664 1551 4727 hoc
1571 4665 1702 4744 mundo,
1719 4682 1819 4745 usquc
1838 4664 1875 4726 in
1897 4665 2000 4729 linem

1244 4762 1383 4825 dilexisti
1404 4780 1468 4826 eos.
1486 4763 1525 4825 Et
1543 4781 1690 4844 egressus
1711 4770 1797 4825 trans
1819 4770 2001 4828 torrentem
2017 4774 2114 4819 uid-ra·

1244 4861 1377 4942 Cedron,
1394 4861 1510 4924 venisti
1536 4881 1609 4924 cum
1633 4861 1802 4943 discipulis
1825 4860 1857 4923 in
1887 4862 2001 4927 villam
2017 4836 2114 4948 fflll

1245 4978 1315 5041 quae
1329 4959 1448 5023 dicitur
1461 4959 1675 5023 Cetbsemani.
1691 4960 1730 5023 Et
1748 4962 1930 5043 assumptis
1948 4962 2002 5025 Pc-
2015 4936 2066 5013 tus
2081 4978 2115 5011 *α

1245 5067 1305 5137 tro,
1320 5057 1437 5120 lacobo
1452 5064 1484 5119 et
1502 5057 1632 5134 Ioanne,
1650 5056 1777 5139 coepisti
1798 5058 2000 5139 contristari,
2015 5037 2075 5079 ⁸¹⁴⁸

1244 5174 1360 5237 pavere
1376 5164 1408 5218 et
1423 5155 1548 5235 tedere,
1564 5163 1597 5218 et
1617 5155 1742 5219 locutus
1763 5174 1798 5218 es
1819 5155 1891 5220 illis
1909 5180 1918 5220 :
1936 5158 2004 5221 Tri-

1245 5254 1302 5317 stis
1328 5263 1377 5317 est
1403 5253 1510 5317 anima
1538 5272 1609 5316 moa
1637 5272 1737 5335 usque
1764 5254 1804 5317 ad
1834 5264 2003 5335 mortem3
