4309 6259
803 506 897 555 iunsx
917 506 1107 555 mattridus

218 679 337 753 signum
352 678 473 737 unitatis
482 681 512 735 et
521 695 579 736 non
593 681 673 736 tenet
681 677 831 736 uinculum
843 678 932 750 pacis,

217 768 325 841 accipit
336 768 539 825 testimonium
552 771 654 824 contra
671 784 712 831 se,
728 766 818 824 3890.
834 768 933 823 Simus

216 874 287 931 ergo
301 873 417 929 semper
431 856 547 913 solliciti
561 873 675 914 serrare
690 856 832 913 unitatem
848 856 932 928 spiri·

217 952 266 1005 tus
291 948 322 1003 in
344 946 462 1003 vinculo
485 947 573 1018 pacis,
594 945 697 1002 3808.
722 976 759 987 -
779 946 876 1002 Unum
904 948 932 1003 et

217 1038 298 1094 idem
313 1054 365 1109 per
377 1036 514 1094 accidens
529 1040 624 1108 potest
636 1034 725 1093 simul
740 1036 890 1109 quiescere
904 1039 933 1093 et

217 1125 451 1189 moverit3313.
475 1155 510 1166 -
533 1123 732 1197 Multipliciter
752 1124 861 1181 dicitur
883 1122 934 1180 ali·

211 1215 289 1289 ¹quid
314 1230 418 1278 unum,
434 1215 526 1277 4248,
541 1214 642 1270 4608.
657 1214 810 1279 Quomodo
833 1214 934 1271 Sacra·

217 1306 353 1361 mentum
378 1302 508 1375 corporis
531 1306 559 1359 et
581 1303 735 1375 sanguinis
762 1302 867 1359 Christi
895 1302 933 1358 sit

218 1410 313 1451 unum
328 1395 557 1459 sacramentum,
572 1394 626 1449 424
635 1392 665 1448 ll.

180 1483 346 1541 08844406
354 1482 411 1554 (8.)
422 1483 499 1555 Papa
513 1483 536 1538 ll
550 1482 752 1555 prefationem
766 1481 934 1555 B.Virginis

214 1573 320 1631 ceteris
334 1572 457 1637 addidit,
472 1572 566 1628 3500.

179 1662 345 1719 4444844408
357 1661 435 1733 8404
449 1662 484 1717 lV
500 1660 715 1719 ordinationem
726 1660 818 1717 Officii
829 1662 934 1717 8884-

216 1750 361 1809 coamenti
385 1751 505 1807 thomar
527 1754 556 1807 et
577 1752 790 1808 Bonasenturae
811 1750 934 1808 commi·

215 1842 264 1908 sit,
279 1843 365 1907 634;
381 1842 416 1899 de
440 1840 605 1897 memoriali
629 1840 794 1898 dilectionis
815 1844 844 1897 et
870 1858 934 1913 pas·

216 1931 310 1987 sionis
323 1929 430 1987 Christi
451 1931 551 1987 devote
565 1930 680 1987 locutus
694 1933 738 1987 est
752 1930 781 1985 in
797 1946 932 1987 sermone

217 2023 253 2078 de
268 2019 459 2084 8404444404,
474 2020 574 2076 3858.

180 2111 318 2168 0884444
333 2110 388 2182 (ὃ.)
402 2110 484 2182 virgo
495 2126 612 2166 summe
627 2108 777 2182 diligendo
788 2112 841 2174 cst,
856 2110 931 2165 864.

180 2199 316 2257 U'lllllUS
334 2200 366 2254 B.
383 2197 509 2272 Virginis
533 2197 648 2255 nullum
662 2199 756 2255 Verbo
779 2199 930 2255 horrorem

216 2289 349 2353 incussit,
368 2290 423 2344 488
431 2288 461 2353 0,
485 2288 554 2362 quia
576 2305 696 2345 summa
722 2288 854 2345 0444444444
876 2287 932 2345 4044

216 2378 400 2445 venerabilis,
415 2379 469 2434 488
476 2379 517 2445 4’,
535 2378 575 2442 8,
591 2395 645 2435 440
664 2378 694 2434 44
713 2395 748 2435 40
769 2376 824 2433 4444
847 2378 931 2451 quid·

216 2486 306 2542 quam
330 2469 513 2531 indecorum,
533 2468 632 2525 4880.
656 2468 780 2525 bfirabili
803 2466 934 2524 fecundi·

218 2562 277 2617 tate
300 2560 454 2616 decoratus
476 2562 528 2624 est,
552 2559 645 2615 4894.
672 2590 702 2600 -
726 2559 798 2615 Vere
824 2556 933 2615 dicitur

217 2650 342 2707 thronus
360 2648 419 2709 044.
433 2650 527 2712 4934,
543 2648 572 2705 44
597 2665 656 2722 quo
677 2651 739 2705 4044
757 2648 867 2705 mansit
887 2647 931 2705 di-

217 2738 324 2795 vinitas
351 2738 549 2811 corporaliter,
573 2739 627 2794 493
635 2738 666 2803 8,
694 2737 788 2794 844444
815 2737 932 2795 cubicu-

218 2828 291 2892 lum,
308 2828 371 2884 l'ilii
395 2827 550 2901 templum,
570 2827 696 2900 Spiritus
714 2827 812 2884 Sancti
835 2844 931 2884 sacra·

217 2917 307 2983 44444,
339 2917 441 2975 4938.
471 2920 580 2975 Acervo
611 2915 700 2974 tritici
733 2920 930 2989 comparatur,

218 3007 313 3063 3084.
330 3037 362 3048 -
377 3005 426 3076 Cf.
441 3008 556 3064 Venter.

540 3194 576 3265 V

181 3364 401 3422 VALENTlNUS
432 3363 585 3421 haereticus
618 3362 766 3420 Christum
793 3362 869 3419 nibil
895 3380 931 3421 ex

218 3456 250 3512 B.
268 3454 384 3528 Virgine
398 3452 559 3526 sumpsisse
574 3452 724 3517 confinxit,
740 3453 832 3509 4824).

182 3545 273 3600 4484
293 3560 376 3601 sacra
402 3560 455 3600 cur
476 3542 695 3605 benedicantur,
715 3542 768 3598 353
778 3544 809 3605 8,
831 3542 931 3598 3588.

217 3633 300 3689 444444
318 3631 463 3689 ministris
485 3630 605 3687 444404
632 3635 676 3687 cst
696 3647 731 3688 ea
753 3630 931 3703 contingere,

217 3725 282 3779 329.
299 3755 332 3766 -
352 3724 467 3795 Septem
491 3724 675 3778 sacramenta
697 3725 767 3778 sunt
789 3724 931 3794 tunquam

218 3811 406 3870 medicinalia
418 3828 496 3876 rasa,
512 3810 614 3876 3644’,
629 3811 723 3874 3844,
738 3810 840 3867 4604’.

181 3904 300 3959 VENlll.
325 3900 493 3973 impetratio
516 3900 609 3957 reniae
636 3900 780 3974 praecipue
808 3900 934 3973 pertinet

218 3995 257 4050 ad
279 3992 390 4050 cultum
414 3990 558 4055 divinum,
577 3990 667 4046 3968.
689 4021 722 4031 -
740 3990 798 4047 Cur
814 3994 934 4048 nocetur

220 4084 296 4139 Deus
308 4081 400 4139 renim
414 4080 543 4153 largitor,
559 4081 651 4136 3458.

182 4173 321 4229 tantun
347 4172 379 4227 B.
409 4170 536 4242 Virginis
566 4170 619 4225 toti
654 4171 766 4226 mundo
793 4186 934 4227 reneren-

218 4263 275 4319 dus
298 4263 327 4318 et
352 4260 531 4324 benedictus,
546 4259 630 4325 848,
648 4258 701 4315 4044
721 4260 770 4316 844
789 4259 932 4331 templum

218 4356 248 4411 et
268 4352 401 4414 thronus,
423 4348 503 4412 280,
523 4349 597 4415 290,
616 4349 651 4404 84
660 4349 702 4414 4’,
723 4349 818 4411 4934,
840 4348 934 4405 thaln-

219 4458 296 4508 mus‚
319 4440 403 4503 298,
425 4439 511 4504 468,
534 4439 637 4504 4938,
662 4437 882 4495 reclinatorium
906 4442 935 4497 et

218 4529 453 4593 tabernaculum,
467 4529 567 4593 4938,
582 4531 610 4585 44
626 4527 745 4602 pudoris
759 4528 828 4584 nula
843 4528 932 4601 regia,

217 4623 248 4678 in
265 4638 323 4693 quo
337 4635 440 4676 norem
456 4618 606 4675 mensibus
621 4618 680 4674 ilex
695 4634 799 4690 regum
813 4617 932 4691 quievit,

216 4712 295 4776 298,
302 4710 501 4766 848’.-8044
515 4707 684 4780 prandium,
699 4711 798 4765 uentre
813 4708 932 4779 repleto,

219 4802 315 4858 solent
337 4798 472 4856 homines
494 4798 532 4853 ad
553 4814 636 4857 4044,
650 4796 931 4868 4444040044440444,

220 4893 310 4948 4244.
327 4922 360 4932 -
376 4890 422 4961 Cf.
438 4889 551 4944 Uterus.

180 4981 325 5039 VERBUM
340 4997 357 5037 4
371 4980 454 5036 84444
475 4978 606 5050 procedit
623 4980 766 5050 tanquam
785 4978 934 5034 emanatio

219 5070 392 5135 intellectus,
411 5068 495 5131 248,
517 5069 607 5132 4628,
627 5070 656 5122 44
679 5066 708 5121 44
734 5065 784 5121 4440
806 5069 868 5123 tnta
890 5070 934 5124 444

219 5164 325 5219 natura
343 5163 373 5216 44
386 5157 523 5230 perfectio
539 5156 640 5221 Patris,
656 5157 730 5221 240,
745 5155 787 5212 444
805 5160 838 5213 ut
856 5160 933 5213 recte

218 5251 334 5307 dicatur
352 5247 453 5313 Vilius,
473 5248 546 5303 240.
561 5278 598 5289 ·-
616 5247 732 5319 Absque
751 5262 805 5302 suo
823 5246 932 5303 immu-

218 5340 328 5399 tatione
352 5337 500 5395 incarnari
524 5336 626 5410 potuit,
639 5336 731 5403 4834,
750 5336 843 5403 4880,
863 5335 934 5408 quia

1659 472 1733 556 ’004

1023 695 1077 737 440
1091 681 1237 737 recentem
1252 678 1470 743 subsistentiam
1484 679 1604 753 4044044,
1617 696 1670 738 440
1685 696 1735 737 no-

1023 785 1090 825 uam
1106 768 1407 842 suppositabilitatem,
1423 770 1524 833 4828,
1541 787 1594 826 044
1612 770 1675 842 eJ‘us
1691 769 1735 825 di-

1022 857 1129 915 vinitas
1153 858 1228 915 facta
1251 862 1295 915 est
1318 875 1384 930 pars
1408 858 1571 931 compositi,
1590 859 1684 914 4830.
1702 889 1735 899 -

1023 948 1120 1012 Orsum
1149 947 1258 1005 facturn
1282 948 1320 1003 444
1346 964 1423 1013 0440,
1446 964 1505 1003 404
1529 964 1564 1004 ex
1588 946 1664 1003 virili
1693 964 1737 1004 se·

1024 1036 1113 1100 mine,
1128 1038 1203 1100 284,
1218 1032 1308 1099 4898,
1321 1042 1350 1093 44
1372 1040 1467 1094 totum
1491 1036 1690 1093 contineretur
1705 1035 1736 1092 in

1021 1124 1150 1197 Virgine,
1171 1124 1252 1191 228,
1268 1129 1384 1183 uterum
1404 1125 1569 1199 virgineum
1591 1142 1649 1182 non
1669 1126 1737 1182 bor-

1022 1214 1090 1277 ruit,
1115 1214 1201 1269 4880.
1226 1246 1263 1255 -
1282 1215 1351 1287 Ejus
1373 1215 1410 1271 ad
1439 1230 1492 1269 nos
1520 1215 1678 1272 descensio·
1694 1218 1738 1271 est

1023 1306 1123 1359 404444
1156 1304 1311 1376 provectio,
1346 1304 1409 1376 ejus
1441 1304 1604 1362 incarnatio
1638 1308 1738 1363 004444

1022 1392 1175 1457 deificatio,
1200 1394 1301 1450 4888.
1328 1393 1414 1451 Dulce
1443 1393 1526 1450 nobie
1554 1394 1681 1451 Verbum
1707 1394 1736 1450 in

1022 1482 1090 1539 sinu
1105 1482 1197 1539 844444
1216 1482 1377 1556 quiescens,
1394 1483 1510 1540 dulcius
1529 1500 1596 1541 0440
1615 1482 1735 1549 factum,

1022 1571 1227 1628 dulcissimum
1243 1572 1273 1629 in
1289 1590 1374 1630 cruce
1389 1589 1575 1646 suspensum,
1590 1575 1662 1629 448.
1680 1572 1736 1646 4044

1023 1662 1163 1733 competit
1181 1662 1358 1729 dominium,
1378 1679 1504 1735 regnum
1524 1679 1559 1719 44
1576 1662 1736 1737 judiciaria
1759 1664 1768 1683 ⁰

1023 1755 1148 1823 potestas
1168 1752 1302 1808 omnium
1317 1752 1502 1824 populorum,
1517 1753 1602 1809 404“.
1619 1784 1654 1795 -
1669 1754 1736 1810 Ver·

1022 1840 1093 1897 bum
1113 1844 1156 1898 est
1173 1857 1263 1913 44004
1280 1841 1396 1899 rimatis
1416 1841 1475 1905 844,
1495 1842 1549 1898 bl'i
1558 1842 1589 1907 8,
1614 1845 1643 1899 44
1664 1858 1736 1899 044-

1022 1931 1076 1986 dor
1104 1930 1177 1987 lucis
1205 1934 1330 1995 44444444,
1355 1931 1461 1993 3444,
1482 1962 1517 1973 -
1539 1932 1668 1988 Verbum
1688 1948 1736 1989 su·

1023 2036 1148 2093 pernum
1163 2020 1311 2092 prodiens,
1326 2021 1358 2077 44
1370 2021 1402 2085 4,
1418 2037 1471 2078 440
1486 2020 1580 2077 Patris
1599 2020 1736 2094 linquens

1022 2110 1183 2173 dexteram,
1199 2110 1236 2165 nd
1250 2125 1324 2181 opus
1338 2126 1425 2167 suum
1446 2108 1556 2176 exiens,
1572 2111 1643 2177 448,
1657 2108 1738 2167 venit

1022 2199 1061 2255 ad
1082 2198 1149 2254 44444
1172 2214 1407 2272 vesperamque
1426 2215 1523 2263 sensu,
1539 2200 1607 2255 440.
1624 2202 1736 2258 Aurora

1021 2292 1099 2345 totus
1115 2290 1243 2361 prodeat,
1260 2288 1290 2343 in
1307 2290 1389 2346 84444
1408 2292 1485 2346 40404
1500 2288 1600 2354 Vilius,
1615 2292 1644 2347 et
1656 2292 1735 2347 totus

1022 2378 1053 2435 in
1067 2378 1161 2435 Verbo
1176 2378 1268 2441 Pater,
1285 2394 1343 2451 quc
1357 2380 1451 2450 04440,
1468 2379 1519 2435 448
1528 2378 1570 2434 8.

985 2467 1208 2525 4888004844
1227 2484 1279 2525 seu
1297 2466 1387 2524 timor
1405 2468 1441 2525 de
1459 2484 1490 2525 re
1508 2468 1597 2541 turpi,
1615 2485 1673 2525 non
1692 2472 1737 2527 444

1022 2557 1137 2631 0400444
1164 2558 1264 2624 uirtus,
1288 2559 1338 2615 sed
1365 2556 1501 2614 habilites
1528 2558 1565 2615 ed
1587 2558 1736 2627 virtutem,

1020 2648 1112 2704 64448.
1126 2650 1171 2704 44
1186 2646 1273 2705 040444
1287 2648 1317 2704 44
1333 2649 1364 2705 8.
1380 2646 1508 2720 Virgine,
1524 2648 1626 2704 dtbt'.

985 2738 1132 2793 VElllTAS
1149 2737 1241 2794 sistus
1263 2740 1306 2795 est
1326 2735 1456 2804 moralis,
1479 2738 1578 2804 3428,
1593 2737 1623 2795 44
1647 2756 1735 2813 4004-

1021 2827 1076 2882 4444
1092 2826 1228 2884 sensitiro
1243 2826 1307 2891 4444,
1323 2826 1420 2893 44428,
1437 2843 1494 2900 que
1508 2844 1539 2883 se
1558 2828 1625 2900 quis
1638 2827 1734 2885 serbis

1020 2919 1050 2973 et
1063 2915 1146 2973 factis
1160 2916 1249 2973 telem
1265 2915 1392 2972 ostendit
1404 2916 1500 2988 qualis
1514 2920 1566 2983 444,
1582 2917 1682 2974 stent
1699 2950 1734 2960 -

1021 3006 1107 3063 Cibus
1131 3008 1174 3063 444
1191 3004 1364 3071 intellectus,
1380 3006 1433 3063 392
1442 3006 1487 3073 8ς
1501 3008 1553 3063 sed
1573 3006 1733 3080 perfectum

1022 3114 1082 3154 non
1106 3096 1175 3153 44444
1193 3096 1321 3169 cognitio
1344 3097 1482 3162 veritatis,
1499 3098 1555 3155 nisi
1579 3100 1736 3157 comitetur

1023 3186 1127 3243 notitia
1150 3186 1397 3260 experimentalis,
1424 3188 1522 3252 4698,
1548 3205 1602 3246 440
1625 3188 1737 3245 confert

1021 3274 1151 3332 veritatis
1170 3276 1298 3349 cognitio
1318 3277 1379 3334 sinc
1398 3276 1489 3349 digna
1507 3277 1735 3343 conversatione,

1023 3365 1103 3421 4600
1128 3382 1135 3422 :
1157 3364 1223 3421 ideo
1251 3366 1356 3423 melius
1379 3370 1423 3423 est
1444 3365 1595 3423 ueritatem
1624 3367 1736 3425 nescire

1022 3472 1111 3526 quam
1122 3454 1196 3511 scire
1215 3458 1243 3511 et
1256 3471 1401 3527 spernere,
1420 3456 1471 3511 460
1479 3456 1520 3511 4’.
1532 3486 1565 3497 -
1577 3457 1620 3512 44
1634 3456 1737 3513 444444-

1022 3547 1081 3601 tem
1097 3543 1223 3617 primam
1236 3546 1338 3601 ceterae
1348 3544 1481 3601 veritates
1495 3560 1525 3601 se
1540 3544 1648 3602 hebent
1661 3545 1736 3602 sicut

1022 3635 1136 3691 umbrae
1151 3632 1430 3700 senissimae,3931l.
1446 3634 1571 3691 -Licet
1586 3634 1736 3693 ascoltate

1023 3738 1176 3795 nunquam
1196 3722 1234 3779 sit
1253 3723 1458 3788 recedendum,
1482 3723 1523 3780 nil
1548 3724 1680 3798 prohibet
1705 3724 1735 3781 in

1022 3810 1191 3870 recitatione
1206 3810 1300 3883 crilpoe
1318 3810 1421 3869 alienae
1436 3812 1509 3869 citra
1522 3813 1673 3870 veritatem
1695 3814 1735 3870 lo·

1022 3901 1083 3975 qni,
1099 3900 1129 3958 in
1149 3900 1332 3957 accusatione
1348 3901 1472 3974 propriae
1492 3901 1586 3974 culpes
1600 3902 1677 3958 ultre
1690 3920 1736 3960 re·

1022 3992 1150 4053 ritatem,
1165 3990 1254 4047 44490.

987 4082 1155 4138 48881484.
1170 4080 1246 4146 Ouid
1260 4096 1379 4152 uespera
1392 4080 1467 4147 44444,
1479 4082 1511 4137 44
1521 4082 1550 4137 C.
1563 4113 1597 4123 -
1611 4084 1737 4148 Quomo-

1022 4172 1060 4227 do
1089 4170 1164 4227 Deus
1191 4169 1334 4243 largiatur
1357 4170 1441 4226 nobis
1469 4170 1581 4228 clarum
1610 4189 1735 4246 vespere,

1025 4262 1166 4317 4244-
1185 4261 1242 4317 044
1260 4263 1289 4316 04
1307 4261 1455 4332 quomodo
1474 4261 1584 4319 donam
1609 4262 1738 4319 4044444444

1022 4367 1151 4423 vesperae
1166 4352 1361 4423 comparetur,
1377 4350 1429 4405 234
1439 4350 1479 4407 8.

987 4440 1115 4496 VESTlS.
1131 4440 1231 4497 Vestes
1251 4454 1343 4495 440444
1366 4438 1472 4511 quibus
1490 4438 1520 4495 in
1544 4440 1737 4499 celebratione

1024 4532 1148 4585 utuntur
1170 4529 1344 4594 sacerdotes,
1359 4528 1446 4593 3380,
1463 4527 1629 4601 significant
1651 4531 1739 4588 virtu·

1023 4621 1067 4675 tes
1091 4617 1196 4691 quibus
1223 4633 1273 4673 404
1297 4616 1379 4674 indui
1408 4618 1499 4682 decet,
1523 4618 1625 4684 3368,
1649 4622 1736 4687 3400,

1023 4708 1132 4773 3844’;
1152 4724 1205 4763 444
1227 4706 1446 4772 benedicantur,
1467 4708 1559 4773 3538,
1580 4709 1678 4766 3388.
1703 4742 1739 4753 -

1023 4797 1095 4853 Caro
1110 4796 1216 4853 Christi
1231 4798 1275 4853 est
1289 4796 1339 4852 [lei
1352 4797 1570 4863 vestimentum,
1586 4799 1683 4857 4448.

987 4886 1146 4942 4844444.
1161 4886 1236 4952 Quid
1251 4884 1357 4942 uexilla
1371 4886 1511 4959 principis
1524 4887 1569 4944 sel
1584 4889 1737 4957 exercitus,

1023 4976 1105 5041 3'irt',
1126 4980 1154 5032 et
1176 4975 1281 5033 vexilla
1304 4975 1418 5041 Christi,
1440 4978 1510 5034 388.
1528 5008 1563 5020 -
1585 4979 1738 5044 Quomodo

1023 5065 1053 5121 in
1069 5067 1100 5121 8.
1116 5064 1232 5137 Virgine
1247 5065 1352 5122 vexilla
1369 5066 1510 5122 virtutum
1533 5068 1650 5136 micent,
1666 5072 1735 5127 290.

987 5155 1047 5211 444
1066 5156 1168 5211 salutis
1186 5159 1267 5212 44044
1285 5159 1336 5221 444,
1347 5157 1422 5221 498,
1437 5157 1539 5223 44448,
1554 5161 1604 5215 440
1620 5162 1657 5216 ad
1670 5177 1736 5218 eum

1023 5246 1202 5317 pergendum
1218 5261 1272 5301 nos
1287 5245 1384 5300 munit
1397 5246 1586 5316 8404444404,
1602 5250 1692 5306 3888.
1704 5252 1735 5308 44

1022 5333 1069 5390 444
1092 5332 1268 5407 imperfecte,
1287 5334 1317 5391 in
1341 5334 1435 5407 044444
1459 5338 1582 5411 perfecte
1605 5339 1737 5407 Christus
