4309 6259
836 488 992 539 uxrosmo
1013 488 1112 537 flium
1135 489 1142 535 :
1165 488 1254 548 obus,
1276 489 1413 537 CREATOR
1432 490 1551 539 olmlulr

677 924 790 1048 DE
854 923 1279 1049 TEMPORE
1340 924 1707 1049 FERIALI

807 1271 889 1367 Ab
934 1270 1263 1367 VESPERAS
1313 1271 1576 1367 HYMNUS

529 1620 559 1679 l.
576 1618 678 1697 Deus,
697 1618 824 1681 creator
840 1618 1003 1696 omnium,
1329 1622 1360 1681 5.
1378 1620 1423 1681 Ut
1440 1636 1545 1700 quum
1564 1618 1728 1700 profunda
1746 1620 1903 1684 clauserit

506 1716 646 1797 Polique
665 1718 783 1795 rector,
805 1717 951 1781 vestiens
1305 1718 1402 1780 Diem
1421 1715 1527 1798 caligo
1545 1717 1705 1796 noctium,

506 1815 605 1879 Diem
623 1815 742 1878 decoro
761 1814 900 1892 lumine,
1306 1815 1406 1878 Fides
1424 1815 1576 1879 tenebras
1594 1815 1732 1895 nesciat,

505 1912 645 1977 Noctem
664 1914 795 1994 soporis
813 1914 928 1993 gratia.
1306 1915 1350 1976 Et
1367 1930 1434 1977 nox
1452 1908 1516 1977 fide
1535 1912 1689 1978 reluceat.

525 2109 558 2172 2.
576 2109 677 2173 Arius
695 2109 824 2173 solutos
843 2112 880 2172 ut
898 2110 993 2190 quies
1331 2110 1362 2174 6.
1380 2111 1534 2175 Dormire
1549 2111 1694 2174 mentem
1710 2128 1750 2172 ne
1764 2110 1868 2191 sinae,

505 2206 636 2271 Reddat
653 2206 777 2270 laboris
795 2208 883 2286 usui,
1160 2282 1164 2291 Ι
1307 2209 1461 2272 Dormire
1476 2209 1573 2291 culpa
1587 2208 1736 2290 noverit3

505 2304 697 2385 Montesque
717 2304 820 2368 fessas
841 2304 972 2384 allevet,
1307 2306 1423 2370 Castos
1441 2307 1523 2370 fides
1541 2306 1723 2386 refrigeret,

505 2401 695 2482 Luctusque
714 2402 822 2465 solvat
840 2401 968 2465 anxios.
1307 2406 1422 2468 Somni
1442 2421 1599 2485 vaporem
1618 2406 1791 2485 temperet.

526 2600 558 2665 3.
580 2600 709 2679 Grates
729 2601 861 2681 peracto
879 2600 950 2681 jam
968 2601 1034 2681 die,
1330 2601 1361 2663 7.
1378 2600 1488 2664 Exuta
1502 2618 1602 2663 sensu
1617 2600 1757 2680 lubrico,

505 2699 548 2762 ut
566 2698 673 2762 noctis
692 2698 821 2779 exortu,
838 2716 962 2781 preces,
1308 2700 1354 2762 Te
1372 2699 1482 2762 cordis
1500 2700 1567 2761 alta
1585 2698 1764 2777 somnient,

505 2797 584 2861 voti
604 2815 678 2861 reos
698 2798 735 2861 ut
754 2796 903 2877 adjuves,
1305 2797 1355 2859 Ne
1373 2795 1480 2859 hostis
1494 2796 1598 2858 invidi
1614 2796 1703 2875 dolo,

504 2896 679 2978 Hymnnm
697 2895 863 2972 canentes,
884 2894 1057 2957 solvimus.
1307 2896 1415 2958 Pavor
1433 2894 1564 2975 quietos
1583 2893 1731 2957 suscitet.

528 3096 560 3157 4.
576 3094 622 3156 Te
642 3091 751 3156 cordis
769 3091 838 3155 ima
857 3092 1042 3171 concinant,
1330 3092 1362 3154 8.
1378 3090 1547 3153 Christum
1562 3107 1718 3170 rogemus
1732 3090 1764 3153 et
1777 3089 1923 3174 Patrem,

504 3193 550 3256 Te
565 3208 631 3255 vox
646 3207 765 3254 canora
780 3191 964 3270 concrepet,
1309 3189 1432 3253 Christi
1446 3188 1622 3268 Patrisque
1636 3188 1798 3269 Spiritum
1811 3207 1820 3268 ;

506 3292 552 3355 Te
570 3288 688 3369 diligat
703 3290 813 3351 castus
832 3304 936 3365 amor,
1310 3288 1422 3349 Unum
1436 3287 1555 3368 potens
1569 3303 1628 3366 per
1642 3285 1766 3362 omnia,

506 3389 552 3453 Te
571 3403 666 3451 mens
684 3385 798 3449 adoret
815 3385 936 3450 sobria.
1307 3386 1396 3447 Fove
1411 3386 1593 3464 precantes
1605 3383 1762 3446 Trinitas.
1780 3382 1900 3446 Amen.

926 3727 1238 3813 EXPOSITIO
1276 3728 1466 3812 HYMNI

459 4016 619 4079 Dmmnun
640 4014 673 4075 in
695 4030 734 4075 eo
755 4010 912 4073 invocatio
933 4010 972 4071 ad
992 4009 1103 4087 Deum,
1120 4029 1167 4072 re-
1181 4011 1206 4071 Α
1222 4011 1362 4089 Polique
1391 4019 1507 4071 rector.
1538 4009 1630 4072 Polus
1665 4009 1799 4072 sumitur
1826 4011 1878 4073 bic
1913 4030 1971 4094 pro

421 4132 491 4176 rum
514 4120 546 4175 et
566 4120 745 4192 temporum
769 4116 942 4172 creatorem
966 4126 1003 4171 ac
1024 4109 1167 4171 modera-
1223 4107 1315 4185 coelo,
1340 4108 1485 4189 quamvis
1514 4108 1640 4189 proprie
1664 4107 1806 4190 capiatur
1828 4127 1887 4192 pro
1911 4129 1970 4174 exo

420 4221 533 4288 torem,
559 4218 595 4271 ut
618 4209 755 4272 abeunte
779 4206 845 4288 jam
869 4207 919 4269 dic
944 4215 975 4270 et
999 4214 1092 4271 nocte
1120 4206 1168 4268 in·
1222 4225 1278 4267 seu
1293 4207 1421 4268 cardine
1436 4206 1468 4266 in
1480 4224 1544 4287 quo
1559 4214 1709 4287 tanquam
1720 4207 1752 4269 in
1767 4208 1904 4289 quodam
1915 4208 1970 4270 im·

420 4317 564 4391 gruente,
586 4325 644 4371 nos
665 4314 832 4369 conservet
848 4314 1003 4368 nocturno
1025 4314 1167 4387 temporo
1221 4303 1331 4367 mobili
1352 4304 1490 4367 volvitur
1509 4304 1624 4367 coelum
1639 4326 1646 4381 3
1664 4314 1800 4388 suntque
1814 4308 1878 4369 duo
1893 4307 1966 4388 poli,

421 4408 556 4471 mundos
577 4414 609 4469 et
630 4412 744 4485 castoS,
765 4422 867 4485 neque
889 4403 1088 4467 illusionibus
1105 4404 1167 4466 dar
1221 4411 1297 4483 puta
1320 4402 1455 4464 arcticus
1476 4403 1513 4464 ad
1533 4402 1724 4484 aquilonem,
1745 4413 1777 4467 et
1800 4405 1892 4485 polus
1914 4425 1970 4467 an-

422 4505 556 4571 moniois
571 4505 706 4587 patiatur
721 4521 779 4566 nos
795 4503 905 4565 terreri
919 4511 973 4566 aut
989 4503 1084 4567 eludi.
1221 4499 1369 4563 tarclicus
1385 4520 1495 4563 versus
1513 4500 1689 4563 meridiem.
1706 4501 1801 4565 Porro
1819 4503 1873 4584 qui
1893 4522 1970 4566 cun·

460 4606 577 4667 Auctor
597 4602 791 4683 Ambrosius,
814 4610 848 4664 ut
869 4602 1061 4683 Augustinus
1082 4619 1167 4664 nono
1223 4607 1273 4662 cta
1298 4600 1427 4678 creavit,
1449 4618 1486 4661 ea
1513 4599 1608 4661 etiam
1632 4600 1723 4681 regit,
1744 4610 1775 4663 et
1798 4609 1902 4665 rector
1922 4609 1970 4664 est

422 4704 502 4767 libro
525 4700 765 4765 confessionum
790 4708 821 4763 et
842 4699 917 4763 alibi
940 4708 1082 4779 testatur,
1103 4699 1168 4761 lau·
1222 4698 1364 4761 omnium
1385 4698 1562 4763 ooelestium
1585 4697 1720 4778 orbium,
1735 4700 1824 4780 J'uxta
1843 4700 1921 4763 illud
1935 4700 1968 4762 in

420 4802 500 4865 dans
515 4800 601 4863 hunc
615 4800 778 4881 hymnum.
790 4799 921 4862 Carmen
937 4797 1108 4861 iambicum
1123 4797 1169 4859 di·
1222 4796 1280 4859 Job
1297 4820 1303 4857 ε
1321 4794 1418 4870 Quem
1434 4796 1595 4859 constituit
1614 4795 1710 4857 alium
1730 4808 1967 4879 superterram,
1996 4842 2120 4886 ,dmm

422 4908 568 4962 metrum.
1222 4902 1277 4957 aut
1290 4913 1386 4975 quem
1402 4895 1507 4976 posuit
1521 4913 1617 4975 super
1635 4894 1745 4957 orbem
1764 4915 1859 4977 quem
1875 4896 1970 4959 labri·
1984 4906 2020 4947 ¹³·

1223 5000 1311 5055 catus
1326 4995 1397 5055 esti

338 5115 352 5170 1
493 5099 728 5167 EUS,creator
741 5094 899 5153 omnium.
916 5091 960 5153 De
975 5090 1168 5172 expositione
1272 5092 1413 5153 Veniens
1432 5093 1518 5151 diem
1538 5094 1652 5152 decoro
1670 5093 1808 5163 lumine,
1828 5091 1888 5155 hoc
1910 5100 1970 5170 est,

504 5212 615 5259 vorsus
629 5192 719 5255 istius
733 5190 853 5254 dictum
868 5199 915 5253 est
930 5208 1025 5272 super
1040 5189 1118 5252 illud
1133 5189 1167 5251 in
1182 5186 1206 5249 B
1222 5198 1348 5270 tompus
1372 5178 1525 5251 diurnum
1545 5208 1662 5252 ornans
1691 5189 1811 5252 lumine
1835 5190 1970 5271 pulchro

302 5333 324 5377 μ
344 5320 405 5365 rac.
419 5294 522 5379 primo
546 5294 666 5378 hymno
692 5313 699 5353 r
727 5288 875 5354 Conditor
902 5288 985 5351 alme
1014 5288 1164 5353 sidormn.
1221 5288 1320 5351 asolc
1342 5286 1472 5367 diffuso,
1489 5296 1582 5370 prout
1603 5287 1635 5350 in
1650 5287 1785 5351 ieremia
1806 5288 1969 5351 babetur:
