4309 6259
299 503 341 549 nn
360 502 562 553 sscmmo
581 506 710 553 Atrans
731 507 768 552 ΕἸ·
788 508 887 555 11³8AE
908 507 1135 555 emmennone
1155 510 1314 558 ntstoous.
1337 529 1377 541 ·-
1397 511 1467 557 m.
1490 510 1553 557 m
1642 488 1702 557 427

197 672 342 737 Vernus.
358 710 399 721 -
411 674 480 739 Nou
494 683 619 758 oportet
632 684 663 739 te
677 677 737 740 hoc
752 676 903 741 diffusius
918 681 943 743 Α
957 696 1069 742 omnes
1092 679 1256 763 theologos
1280 689 1374 763 atque
1393 681 1599 764 philosophos
1618 698 1704 744 com-

157 771 315 852 prosoqui,
328 772 404 853 quia
417 773 649 855 contradicens,
666 774 694 837 si
708 783 850 838 recurrat
864 776 903 839 ed
958 778 1109 857 munitor,
1143 780 1311 859 prudentia
1343 788 1391 842 est
1425 781 1526 843 virtus
1561 779 1702 859 moralis,

158 868 315 949 Scriptum
339 868 425 932 illius
453 871 553 933 sancti
582 871 735 949 Doctoris,
761 873 903 937 inveniet
958 894 1053 956 quam
1081 896 1192 941 omnes
1221 878 1332 940 dicunt
1360 878 1536 960 subjective
1568 897 1638 940 esse
1670 878 1703 939 in

158 967 203 1029 sic
226 986 296 1031 esse
324 976 360 1031 ut
386 968 497 1032 refers.
523 969 609 1033 Infra
632 988 759 1052 qnoque
784 971 905 1053 patebit
958 973 1132 1051 intellectu,
1156 993 1220 1038 non
1245 976 1277 1037 in
1300 976 1442 1057 appetitu
1462 974 1626 1039 sensitivo.
1647 974 1704 1037 lle-

157 1066 227 1128 hoc.
958 1072 1067 1153 nique,
1089 1072 1114 1134 si
1136 1074 1225 1155 juxta
1251 1075 1423 1137 secundam
1447 1074 1632 1155 opinionem
1657 1092 1705 1135 es-

68 1194 143 1230 tnon.
197 1165 363 1229 Sicnnnos.
379 1201 421 1212 —
434 1166 469 1228 lu
491 1167 583 1229 tortia
605 1166 682 1230 item
703 1177 792 1251 parte
814 1169 904 1231 Sum·
958 1178 1029 1232 sent
1050 1172 1189 1253 ponendi
1212 1172 1339 1234 habitus
1355 1172 1488 1236 virtuosi
1509 1172 1542 1234 in
1562 1171 1705 1254 appetitu

69 1276 74 1287 ·
157 1281 216 1325 mm
229 1263 380 1326 disseruit
399 1264 484 1327 circa
498 1265 634 1327 formam
653 1266 904 1329 consecrationis
959 1268 1112 1332 sensitivo
1133 1278 1247 1351 praeter
1264 1270 1397 1333 virtutos
1418 1270 1566 1349 morales,
1581 1271 1621 1332 de
1641 1269 1705 1331 illis

157 1362 330 1443 sanguinis,
346 1363 456 1426 dicens
478 1364 562 1445 quod
582 1364 700 1446 duplex
720 1364 762 1427 sit
780 1364 901 1446 opinio.
958 1365 1120 1430 habitibus
1144 1375 1228 1429 esset
1251 1369 1468 1449 querendum,
1488 1386 1528 1430 au
1553 1367 1617 1430 sint
1642 1366 1706 1429 vir-

156 1459 287 1533 Quidam
302 1460 388 1523 enim
402 1461 560 1541 dixerunt,
572 1462 658 1543 quod
671 1463 712 1524 de
727 1462 904 1524 substantia
957 1470 1041 1526 tutes
1066 1466 1231 1528 morales:
1256 1466 1282 1528 si
1309 1466 1366 1546 sic,
1392 1466 1467 1548 quid
1499 1485 1629 1529 necesse
1657 1473 1706 1527 est

156 1558 265 1620 formas
292 1558 390 1640 hujus
419 1561 522 1622 solum
550 1569 599 1622 est
626 1559 705 1623 illud
736 1584 743 1621 :
770 1560 827 1623 llic
855 1569 904 1623 est
958 1570 1073 1643 praeter
1103 1582 1156 1625 eas
1187 1582 1306 1645 ponere
1338 1564 1416 1627 alias
1442 1565 1575 1627 virtutes
1603 1582 1705 1627 mora-

157 1656 236 1719 calix
250 1657 417 1738 sanguinis
432 1657 507 1720 mei.
521 1657 581 1720 Sed
596 1659 656 1722 hoc
672 1659 903 1723 inconveniens
958 1659 1004 1721 les
1029 1659 1062 1721 in
1089 1660 1273 1724 votunutet
1298 1660 1386 1724 Esset
1407 1680 1533 1742 quoque
1562 1679 1706 1742 queren-

156 1753 290 1834 videtnr,
323 1756 474 1836 quoniam
509 1756 607 1818 verba
635 1756 801 1837 sequentia
829 1765 904 1819 sunt
958 1758 1045 1836 dum,
1066 1777 1107 1819 an
1142 1758 1311 1821 differrent
1341 1759 1380 1822 ab
1411 1759 1548 1822 invicem
1577 1759 1706 1840 specifi-

155 1853 297 1933 quaedom
319 1854 600 1917 determinationes
622 1854 793 1936 praedicati,
817 1855 1005 1918 videlice.
1032 1856 1162 1935 Rursus,
1185 1856 1239 1937 qui
1269 1857 1380 1919 dicunt
1403 1858 1536 1919 virtutes
1569 1856 1705 1920 morales

156 1949 229 2012 licet
253 1950 418 2031 sanguinis
439 1952 514 2031 mei,
535 1952 607 2015 ideo
628 1952 667 2014 ad
690 1952 902 2034 integritatem
957 1954 1085 2016 realiter
1104 1972 1173 2015 esse
1193 1956 1224 2015 in
1247 1956 1422 2035 voluntate,
1438 1963 1563 2036 ponunt
1583 1974 1636 2019 eas
1658 1974 1706 2017 es-

156 2047 314 2130 pcrtinent
338 2048 518 2112 locutionis.
539 2050 618 2111 llinc
643 2049 697 2112 alii
720 2050 836 2112 melius
856 2050 904 2112 di·
958 2072 992 2115 se
1013 2051 1046 2113 in
1061 2052 1205 2133 appetitu
1224 2053 1376 2115 sensitivo
1398 2054 1500 2117 solum
1521 2072 1578 2134 per
1596 2072 1706 2134 quarn-

155 2152 238 2222 cunt,
264 2146 351 2227 quod
379 2147 488 2209 omnia
515 2147 612 2210 verba
640 2150 806 2229 sequentia
830 2157 904 2211 sunt
957 2150 1030 2212 dam
1059 2148 1314 2231 impressionem.
1342 2152 1470 2230 lterum,
1492 2150 1518 2212 si
1547 2150 1706 2233 appetitus

153 2245 191 2306 de
206 2244 345 2307 essentia
359 2245 457 2327 hujus
472 2246 582 2309 forme
601 2248 755 2329 usquead
771 2248 903 2325 id,llaec
958 2247 1130 2310 sensitivus
1156 2266 1254 2330 capax
1279 2255 1327 2311 est
1354 2248 1464 2312 talium
1492 2248 1705 2313 virtuosorum

153 2342 414 2424 quotiescumque
439 2343 592 2424 feceritis,
619 2353 694 2426 etc,
721 2346 805 2426 quod
834 2365 904 2427 per·
958 2345 1125 2409 habituum
1160 2346 1349 2428 subjective,
1381 2365 1456 2427 ergo
1489 2356 1520 2410 et
1552 2347 1705 2409 virtutum

153 2440 229 2502 tinet
263 2441 304 2503 ed
341 2459 434 2503 usum
470 2442 660 2504 sacramenti
697 2442 800 2519 istius,
831 2443 903 2505 ideo
958 2444 1140 2522 moralium,
1157 2463 1228 2525 quae
1249 2452 1323 2507 sunt
1345 2444 1430 2507 circa
1452 2444 1535 2507 idem
1552 2444 1705 2507 virtutum

153 2557 214 2601 non
238 2545 287 2600 est
313 2539 353 2600 de
378 2537 555 2601 substantia
578 2539 691 2603 formae
715 2539 817 2621 ipsios
841 2564 848 2602 ε
872 2547 903 2602 et
957 2542 1130 2622 objectum.

153 2636 224 2699 inde
251 2646 313 2716 est,
343 2636 428 2717 quod
457 2638 605 2701 sacerdos
633 2639 745 2701 eodem
775 2638 838 2701 ritu
871 2647 903 2700 et
997 2640 1145 2703 Ventris.
1164 2675 1206 2686 —
1224 2640 1267 2703 De
1292 2640 1362 2703 istis
1387 2658 1451 2704 non
1477 2650 1525 2704 est
1547 2642 1596 2704 vis
1619 2649 1706 2705 tanta

154 2734 243 2797 modo
269 2733 401 2797 tenendi
428 2735 573 2812 calicem,
594 2736 703 2798 ornnia
716 2736 815 2798 verba
834 2737 901 2799 haec
957 2738 1040 2801 sicut
1064 2740 1104 2801 de
1132 2738 1315 2819 prehabitis
1344 2738 1493 2819 punctis3
1520 2759 1629 2803 verum
1659 2750 1707 2804 est

155 2830 279 2913 profert.
313 2833 384 2895 Haec
413 2833 561 2895 Thomas.
587 2834 646 2909 Qui
675 2835 821 2915 quamvis
848 2834 901 2897 hic
956 2844 1062 2898 tamen
1085 2836 1168 2918 quod
1190 2836 1229 2898 de
1254 2836 1422 2918 prudentia
1445 2837 1571 2918 objicis.
1594 2839 1653 2901 Sed
1675 2846 1708 2901 et

154 2949 215 2994 non
229 2932 345 2994 recitet
367 2932 428 2993 nisi
451 2932 530 2994 duas
551 2933 730 3015 opiniones,
747 2943 852 2996 tamen
868 2934 901 2994 in
956 2934 1090 2996 devotus
1110 2934 1164 2996 ille
1186 2934 1219 2995 in
1241 2952 1298 2997 suo
1322 2942 1467 3013 tractatu,
1484 2936 1622 3018 demptis
1636 2955 1708 3017 per-

154 3031 339 3095 recitatione
362 3032 510 3094 secundae
533 3032 694 3114 opinionis
716 3032 853 3095 includit
870 3042 902 3094 et
921 3031 1079 3113 Gpaucis‚
1103 3032 1277 3110 humiliter,
1304 3041 1394 3095 caute
1417 3052 1453 3095 ac
1476 3033 1580 3097 sobrie
1606 3033 1708 3115 loqui-

154 3129 285 3209 tertiam,
306 3148 404 3210 quam
424 3137 488 3191 tam
508 3130 560 3192 hic
581 3149 676 3211 quam
696 3150 791 3212 super
809 3150 902 3211 quar·
956 3138 1031 3191 tur:
1049 3130 1169 3193 idcirco
1191 3131 1333 3194 modeste
1355 3132 1538 3193 tractandus
1560 3140 1618 3195 est.

155 3235 216 3288 tum
232 3235 332 3305 tenet,
348 3227 487 3289 declarat
508 3236 540 3289 et
559 3228 723 3310 approbat.
740 3228 778 3290 Et
792 3248 902 3309 quarn-
996 3229 1166 3291 Sncnnnos.
1182 3264 1223 3274 -
1241 3227 1303 3291 Nec
1327 3247 1385 3309 ego
1407 3230 1445 3291 ad
1468 3230 1707 3311 depressionem

154 3324 199 3385 vis
212 3325 363 3388 Albertus
378 3324 411 3386 in
426 3325 557 3387 Summa
577 3326 616 3388 de
638 3345 771 3407 corpore
785 3326 900 3388 Christi
957 3326 1059 3407 ipsius
1078 3327 1146 3387 haec
1168 3326 1268 3407 tetigi,
1286 3327 1341 3388 sed
1364 3345 1421 3409 pro
1441 3327 1614 3408 legentium
1635 3348 1708 3391 cau-

154 3424 284 3502 primam
305 3423 492 3505 opinionem
515 3432 644 3486 secutus
666 3425 717 3502 sit,
740 3434 845 3487 minen
868 3426 900 3486 in
956 3424 1029 3486 tela.
1055 3423 1134 3486 Nam
1161 3432 1192 3486 et
1216 3424 1278 3486 alie
1302 3426 1446 3506 quaedam
1471 3425 1550 3488 dicit
1577 3428 1617 3488 de
1644 3427 1709 3489 dis·

155 3520 272 3601 Scripto
291 3521 410 3602 quarti,
425 3540 463 3583 ea
481 3521 617 3602 abjecta,
634 3522 730 3584 aliam
746 3523 898 3604 sequitur.
956 3522 1111 3584 tinctione
1133 3522 1312 3603 specierum
1329 3522 1508 3586 devotionis
1522 3522 1707 3587 effectibus-

190 3619 336 3683 anurss.
362 3656 403 3666 -
426 3620 470 3681 lta
497 3628 557 3682 est.
583 3621 621 3683 Et
645 3620 721 3683 huic
749 3622 899 3703 positioni
956 3640 1017 3701 que
1052 3639 1173 3698 earum,
1211 3630 1321 3683 contra
1356 3640 1426 3702 qum
1461 3622 1560 3702 objici
1599 3622 1707 3704 eliqua

155 3719 322 3781 concordat
350 3717 429 3779 ritus
457 3726 490 3779 et
516 3720 713 3781 consuetudo
736 3718 898 3797 Ecclesiae,
955 3725 1118 3801 possent:
1146 3738 1215 3799 qnae
1241 3726 1347 3781 tamen
1373 3718 1468 3781 etiam
1494 3718 1546 3799 pie
1571 3718 1704 3783 forsitan

154 3834 219 3895 quse
246 3816 359 3879 calicis
387 3815 596 3879 elevationem
627 3835 691 3879 non
726 3816 803 3880 facit
837 3818 899 3879 nisi
954 3824 1077 3898 queunt
1098 3815 1225 3878 salvavi.

155 3914 657 3996 omnibusverbisillisprolatis,
673 3916 827 3995 usquead
844 3916 897 3978 id:
996 3914 1142 3976 Ventris.
1172 3950 1213 3960 -
1241 3914 1415 3977 Transeant
1447 3914 1517 3977 ista.
1547 3915 1585 3977 Et
1619 3934 1704 3977 nnnc

156 4012 221 4075 llaec
235 4012 499 4093 quotiescumque
514 4011 667 4089 feceritis,
683 4020 744 4074 etc.
954 4012 994 4073 de
1029 4011 1161 4073 materia
1196 4020 1228 4073 et
1261 4012 1362 4075 forma
1390 4011 1486 4094 hujus
1516 4013 1704 4075 sacramenti

192 4111 360 4174 Secanoos.
386 4145 427 4156 -
453 4110 538 4172 Idem
567 4111 700 4173 devotus
728 4110 839 4173 scribit
867 4112 900 4173 in
954 4110 1061 4191 aliqua
1084 4118 1157 4172 sunt
1182 4112 1352 4191 tangendo.

156 4228 209 4271 suo
233 4217 368 4272 tractatu
392 4208 548 4290 :Oportet
572 4208 678 4271 dicere
703 4227 814 4272 omnes
838 4209 940 4275 vir-D

156 4313 233 4370 tutes
259 4306 410 4386 morales,
438 4307 550 4369 saltem
583 4314 698 4387 praeter
730 4307 898 4388 justitiam,

156 4422 220 4466 esse
242 4406 275 4468 in
296 4405 366 4468 solo
384 4405 526 4485 appetitu
548 4404 713 4481 sensitivo,
730 4413 762 4468 et
783 4425 846 4468 non
867 4406 900 4467 iu
1138 4362 1382 4428 ARTICULUS
1406 4364 1516 4428 XXX·

48 4503 324 4584 suamvoluntate,
355 4512 389 4565 ut
422 4502 453 4566 S.
475 4503 611 4566 Thomas
640 4504 728 4582 dicit,
753 4512 785 4566 et
809 4505 899 4566 multi
1048 4513 1097 4571 De
1119 4512 1259 4569 materia
1280 4515 1479 4572 sacramenti
1498 4515 1610 4591 hujus.

49 4583 109 4695 :¹2¹3
128 4599 288 4683 ⁰‘theologi
317 4610 350 4664 et
377 4600 559 4683 philosophi
593 4620 666 4664 eum
698 4602 730 4662 in
761 4602 822 4664 hoc
851 4622 899 4665 se

66 4682 71 4699 ’
110 4688 115 4695 ’
156 4708 303 4777 quentes;
325 4699 376 4762 vel
398 4698 425 4760 si
448 4706 522 4761 sunt
545 4698 766 4781 principaliter
790 4700 824 4761 iu
846 4720 901 4763 vo
997 4698 1143 4759 Vnarvls.
1161 4698 1374 4760 -llateriam
1397 4706 1428 4761 et
1449 4698 1585 4763 formam
1608 4702 1705 4785 hujus

157 4793 281 4876 luntate,
298 4803 333 4858 ut
355 4795 410 4858 olii
435 4803 569 4877 ponunt,
590 4804 716 4877 oportet
737 4804 842 4858 tamen
866 4798 899 4858 in
956 4794 1147 4857 sacramenti
1162 4794 1348 4875 Unigenitus
1365 4796 1419 4857 Dei
1442 4798 1651 4878 personaliter
1672 4800 1705 4861 in

156 4894 292 4975 appetitu
314 4893 469 4958 sensitivo
491 4912 608 4975 ponere
630 4894 758 4957 habitus
781 4895 900 4958 virtno-
955 4893 1050 4956 Coena
1066 4893 1219 4971 instituit3
1233 4902 1264 4956 et
1278 4894 1362 4975 qnod
1378 4894 1452 4976 egit,
1470 4898 1535 4959 suis
1551 4897 1705 4961 ministris

157 5008 214 5067 sos,
237 5012 294 5073 per
320 5011 400 5074 quos
427 4991 660 5055 delectabiliter
686 5012 724 5054 oc
751 5002 897 5075 prompte
955 4992 1113 5072 agendum
1143 4991 1271 5073 reliquit
1302 5015 1309 5055 :
1340 4991 1424 5071 ideo,
1452 4995 1535 5057 sicut
1563 4998 1601 5059 ad
1631 5016 1706 5061 oon-

156 5088 276 5152 obediat
297 5090 424 5153 rationi.
441 5091 512 5153 llaec
536 5089 601 5152 ille.
956 5089 1166 5152 secretionem
1179 5090 1256 5151 tanti
1281 5092 1470 5153 sacramenti
1491 5093 1628 5175 exigitur
1641 5095 1706 5158 for-

191 5185 306 5259 Quibus
330 5187 428 5269 objici
457 5196 571 5269 potest,
597 5188 682 5269 qnod
706 5206 771 5250 non
794 5188 897 5251 solnm
954 5207 1008 5249 ma
1030 5188 1198 5250 verborum
1221 5206 1283 5269 qua
1306 5208 1382 5250 usus
1405 5198 1454 5253 est
1475 5190 1543 5271 ipse
1562 5191 1704 5255 Christus

156 5286 325 5349 secundum
348 5286 512 5367 Thomam,
537 5286 593 5349 sed
618 5286 695 5350 item
720 5287 896 5350 secundum
954 5287 988 5349 in
1005 5287 1221 5351 consecrando
1240 5295 1294 5351 aut
1312 5288 1513 5370 porrigendo,
1531 5289 1575 5352 ita
1593 5299 1625 5355 et
1638 5310 1705 5355 me-
