4309 6259
310 515 351 563 111
371 515 574 563 stanuum
594 516 723 563 atratus
744 516 782 563 Π
802 517 900 562 1188AE
920 514 1147 563 mtunuartotttt
1168 516 1325 565 0111116115.
1349 536 1390 547 -
1410 518 1478 564 1111.
1502 515 1536 561 111
1637 497 1697 561 385

158 691 341 767 assumptam
376 691 522 747 naturam
556 690 643 747 tauto
670 682 894 747 exuberantius
908 683 933 746 Α
949 685 995 766 pti
1024 694 1097 747 sunt
1121 706 1157 749 ae
1183 685 1303 767 placiti,
1330 694 1377 749 est
1404 684 1602 749 Eucharistia
1625 685 1694 747 ista.

157 802 222 845 sum
235 782 320 845 omni
335 781 505 846 dilectione
520 791 630 845 sancta
640 782 895 864 repletus,quau-
948 782 1074 863 Quinto,
1100 785 1250 866 quoniam
1276 784 1410 865 gratiam
1439 802 1536 865 super
1562 783 1697 864 gratiam

159 880 308 944 todiviuae
322 888 355 942 et
372 880 521 943 increatae
541 880 663 943 caritati
685 880 894 962 propinquius
949 890 1068 957 causat,
1104 891 1282 956 conservat,
1312 889 1407 963 auget
1440 880 1632 963 perficitque
1664 880 1697 942 in

157 998 222 1041 sum
243 978 360 1055 unitus,
377 986 409 1039 et
433 986 553 1059 quanto
580 997 645 1061 praa
673 979 762 1041 omni
787 987 893 1041 mente
948 977 1089 1043 homine.
1115 980 1224 1043 Cetera
1253 979 1349 1042 etiam
1380 985 1578 1042 sacramenta
1607 996 1697 1040 suam

156 1086 264 1156 creata,
279 1076 374 1139 etiam
389 1076 726 1157 seraphica,beatif1ca
742 1076 893 1141 fruitione
948 1077 1084 1159 abipso
1109 1078 1259 1140 virtutem
1285 1084 1316 1139 et
1344 1076 1478 1158 gratiam
1508 1078 1695 1153 sortiuntur,

156 1174 281 1237 increati
303 1173 420 1236 amoris
445 1174 585 1255 repletus
608 1177 702 1237 sumt
723 1174 822 1249 Quam
846 1174 895 1237 in·
948 1183 981 1237 et
1001 1182 1051 1237 est
1069 1175 1309 1238 Sacramentum
1325 1183 1607 1238 sacramentorum.
1625 1174 1698 1236 Sex·

155 1271 322 1337 estimabili
336 1271 474 1334 cantatis
490 1272 639 1336 incendio
652 1271 814 1335 arbitraris
828 1271 896 1335 ani·
948 1278 992 1351 to,
1009 1282 1243 1336 sacramentum
1258 1274 1318 1337 hoc
1335 1280 1383 1337 est
1404 1291 1500 1335 aurea
1523 1292 1602 1336 urna
1623 1290 1698 1337 con·
1712 1295 1843 1349 acarna.

155 1389 234 1433 mam
249 1388 352 1432 meam
365 1370 433 1433 zelo
447 1369 558 1432 salutis
571 1368 735 1435 homiuum
748 1378 892 1447 aestuare,
949 1370 1055 1433 tinans
1070 1390 1199 1449 manna,
1209 1371 1292 1434 intra
1306 1372 1421 1435 Sancta
1437 1379 1618 1435 sauctorum
1634 1371 1699 1435 col-

155 1487 209 1551 pro
221 1486 354 1549 quorum
369 1465 545 1531 salvatione
560 1468 620 1531 scit
633 1488 668 1531 se
683 1477 748 1531 tam
766 1468 896 1551 propin·
949 1468 1062 1532 locata.
1078 1470 1202 1534 Etenim
1218 1489 1312 1533 aurea
1328 1488 1408 1532 uma
1427 1478 1476 1533 est
1488 1455 1569 1534 ¹caro
1583 1468 1699 1533 Christi

154 1566 299 1648 unissime
333 1586 370 1629 ac
405 1565 602 1648 hypostatice
637 1566 740 1629 l'arbo
776 1574 895 1629 aterno
949 1568 1160 1647 sanctissima,
1191 1588 1260 1651 quaa
1293 1568 1449 1631 continuit
1483 1586 1612 1647 manua,
1643 1588 1700 1649 per

154 1663 373 1745 conjunctaml
948 1665 1034 1745 quod
1048 1665 1183 1749 intelligi
1199 1674 1302 1748 potest
1317 1666 1367 1729 vel
1384 1666 1453 1748 ipsa
1467 1666 1569 1729 deitas
1583 1685 1698 1748 corpus
1714 1688 1850 1743 caesena.

189 1762 353 1827 Sacranos.
369 1795 410 1808 -
423 1760 492 1826 Nou
514 1762 593 1826 ratio
613 1770 749 1843 tautum,
765 1764 820 1825 sed
842 1782 895 1825 er·
950 1762 1143 1843 inhabitans,
1159 1773 1215 1827 aut
1232 1764 1340 1827 anima
1358 1764 1497 1845 gloriosa
1519 1764 1607 1827 omui
1629 1783 1699 1827 sua-

151 1860 300 1943 perientia
313 1853 441 1942 unoque
456 1860 566 1943 pandit
580 1860 648 1925 haee
662 1880 738 1924 vera
753 1880 833 1923 esse.
909 1858 933 1919 B
951 1862 1046 1925 vitate
1071 1862 1264 1926 felicissimae
1283 1861 1446 1926 fruitionis
1465 1862 1605 1943 repleta3
1623 1862 1699 1924 San-

189 1957 397 2021 l'sarras.--
420 1956 561 2037 Denique
585 1956 748 2020 cernimus
776 1966 896 2037 quanta
950 1967 1000 2022 cta
1035 1978 1111 2023 rero
1144 1968 1339 2039 sanctorum,
1371 1968 1418 2023 est
1447 1961 1562 2023 coelum
1591 1979 1699 2042 empy-

152 2054 273 2136 plurimi
288 2062 386 2136 agant
400 2062 432 2117 et
446 2053 608 2137 patiantur
621 2073 659 2118 ex
674 2055 793 2117 carnali
809 2074 895 2119 amo-
951 2076 1052 2137 reum,
1064 2059 1265 2140 triumphans
1279 2058 1432 2137 Ecclesia,
1443 2066 1474 2121 et
1488 2057 1699 2121 secretissima

152 2172 193 2222 re.
208 2152 345 2233 qualiter
359 2171 394 2215 se
407 2160 440 2215 et
458 2172 515 2215 sua
536 2160 648 2217 mutuo
669 2152 730 2215 sibi
753 2172 896 2217 commu·
951 2156 1074 2219 mansio
1102 2156 1167 2219 Dei.
1198 2156 1285 2219 Hanc
1318 2156 1548 2219 Eucharistiam
1577 2156 1854 2238 par'avitrsmmr.

152 2250 254 2313 niceut
269 2274 277 2311 :
293 2250 381 2332 quod
400 2258 432 2313 et
452 2250 486 2311 iu
511 2251 689 2332 conjugatis
714 2252 795 2315 bene
820 2269 896 2313 cou—
951 2254 986 2315 iu
999 2254 1168 2316 dulcedine
1184 2273 1240 2317 sua
1255 2254 1389 2336 pauperi
1404 2256 1498 2318 corde
1513 2254 1560 2334 (id
1575 2260 1623 2317 est
1642 2254 1700 2317 hu-

152 2349 352 2413 cordantibus
362 2348 528 2411 evidenter
538 2348 681 2429 patescit.
688 2348 752 2411 Nec
763 2349 895 2411 dubium
952 2351 1033 2429 mili)
1047 2352 1151 2429 Deus3
1167 2358 1199 2414 et
1217 2370 1276 2433 per
1296 2352 1410 2432 ipsam,
1427 2352 1561 2434 gratiam
1582 2358 1614 2415 et
1633 2351 1700 2433 glo-
1713 2377 1847 2428 remum,

152 2446 225 2527 quin
239 2466 330 2511 amor
343 2444 528 2529 spiritualis,
543 2446 682 2524 divinus,
697 2446 834 2525 infusus,
851 2447 897 2510 vi·
953 2450 1031 2513 riam
1053 2450 1162 2513 tribuit
1183 2450 1347 2514 Dominus.
1714 2442 1748 2484 ¹²·

152 2545 290 2626 gorosior
314 2544 406 2610 valde
431 2544 474 2607 sit
496 2564 535 2608 ax
563 2564 620 2607 sua
649 2552 762 2609 natura
788 2564 896 2609 amore

151 2642 275 2707 carnali.
293 2642 452 2724 Amplius,
470 2650 594 2707 constat
611 2644 698 2725 quod
719 2643 801 2706 sicut
822 2662 897 2708 con-

152 2740 309 2823 templatio
343 2740 511 2804 beatorum
543 2740 748 2804 indicibiliter
781 2741 897 2805 clarior
1155 2712 1400 2778 ARTICULUS
1427 2714 1488 2777 ΠῙ·

151 2848 195 2901 est
208 2839 294 2905 omui
310 2837 423 2903 notitia
437 2838 604 2916 viatorum,
621 2838 668 2901 sic
683 2838 895 2901 etbeatorum
1006 2862 1099 2928 Quod
1126 2861 1183 2919 boc
1211 2868 1452 2921 sacramentum
1480 2861 1647 2935 aph-„ime

152 2936 275 3002 dilectio
289 2934 613 3001 111911111111191018111
632 2936 719 2999 0111111
740 2936 897 3000 vitiorum
1121 2950 1316 3009 nominatur
1330 2950 1501 3009 memorial
1520 2996 1527 3009 ,

152 3055 254 3100 amore
277 3036 452 3101 ardentior.
473 3036 586 3099 Auhua
609 3053 686 3099 vero
710 3035 823 3099 Christi
849 3037 937 3099 se-C

153 3136 289 3198 cundum
322 3135 406 3199 vires
430 3153 504 3200 suas
527 3134 707 3217 superiores
730 3134 770 3197 ad
795 3134 898 3199 incre-
992 3133 1137 3197 vmms.
1154 3170 1194 3181 -
1209 3133 1297 3197 Sicut
1311 3134 1431 3215 psallis,
1449 3133 1633 3198 memoriam
1655 3132 1701 3197 fe·
1714 3159 1826 3210 rems.

151 3241 233 3297 atum
256 3232 422 3315 objectum
451 3231 576 3309 relatas,
602 3240 670 3295 erat
694 3232 898 3295 inaestimabi-
952 3231 995 3293 cit
1013 3231 1208 3294 mirabilium
1228 3250 1357 3295 suorum
1383 3232 1564 3295 misericors
1588 3239 1620 3294 et
1643 3232 1701 3294 mi·

151 3329 220 3393 liter
243 3330 371 3395 cunctis
390 3330 543 3394 creaturis
563 3328 680 3393 clarius
699 3330 797 3393 Deum
823 3349 898 3393 con·
951 3338 1071 3393 serator
1094 3330 1257 3393 Dominus.
1286 3330 1396 3392 Sciens
1421 3348 1480 3410 ego
1503 3329 1699 3393 oblivionem

151 3428 297 3511 spicieus.
320 3428 400 3491 ilinc
421 3428 699 3511 proportionaliter
722 3428 756 3491 iu
780 3428 896 3491 actuali
952 3428 1067 3489 mentis
1095 3427 1252 3505 humanae,
1281 3436 1314 3490 et
1341 3428 1531 3509 pronitatem
1561 3427 1631 3507 ejus
1659 3428 1699 3489 ad

150 3526 275 3589 Deitatis
294 3546 334 3590 ac
355 3525 572 3608 proximorum
593 3544 700 3589 amore
721 3525 898 3589 ferventior
951 3524 1220 3605 ingratitudinem,
1233 3525 1267 3585 iu
1284 3543 1376 3587 coeua
1391 3524 1565 3587 novissima
1579 3522 1700 3585 institui

149 3622 205 3685 fuit
221 3648 229 3685 ε
245 3624 320 3687 ideo
335 3624 430 3689 modo
444 3622 576 3705 praefato
596 3623 896 3688 munificentissime
951 3623 1012 3687 hoc
1028 3630 1263 3685 sacramentum
1284 3622 1528 3700 abditissimum‚
1546 3620 1700 3684 indelebi-

150 3740 182 3783 se
200 3730 231 3785 et
251 3740 310 3785 sna
331 3739 488 3803 suumque
508 3738 623 3803 corpus
643 3721 736 3785 uobis
755 3740 898 3786 commu·
951 3722 1025 3783 liter
1045 3720 1363 3784 commemorativum
1378 3719 1441 3782 mei
1458 3719 1570 3803 ipsius,
1586 3728 1617 3782 et
1632 3738 1700 3783 om·

150 3820 275 3883 nicacit.
951 3818 1042 3881 nium
1056 3836 1127 3899 que
1142 3835 1199 3899 pro
1218 3816 1350 3881 humani
1369 3817 1494 3898 generis
1509 3816 1559 3899 agi
1579 3815 1697 3894 saluta;

188 3919 291 3982 Tertio
333 3924 567 3984 sacramentum
601 3917 662 3981 hoc
700 3917 897 3981 Eucharistia
951 3916 1125 3999 prasertim
1150 3914 1182 3977 in
1208 3914 1390 3978 memoriale
1414 3934 1492 3977 meae
1517 3914 1698 3977 dilectionis

150 4025 352 4101 nuncupatur
370 4015 491 4079 ratione
511 4014 560 4076 sni
582 4014 729 4093 effectus,
745 4017 896 4098 quoniam
952 4016 990 4078 ad
1005 4014 1164 4092 homiues,
1176 4022 1208 4076 et
1223 4012 1380 4095 passionis
1395 4032 1473 4075 meae
1489 4032 1547 4095 pro
1562 4013 1700 4077 homini·

150 4112 264 4179 bonam
290 4134 331 4179 ac
355 4113 567 4195 multiplicem
591 4113 624 4176 in
648 4114 741 4178 nobis
763 4116 896 4197 gratiam
951 4113 1011 4177 bus
1029 4136 1036 4175 :
1053 4113 1086 4175 in
1101 4112 1216 4195 quibus
1230 4112 1354 4175 duobus
1369 4120 1401 4175 et
1418 4111 1482 4174 alia
1504 4130 1575 4175 mea
1596 4110 1699 4175 inolu-

149 4221 297 4295 operatur
314 4236 322 4275 :
339 4211 379 4275 de
393 4211 509 4293 quibus
523 4211 671 4292 gratiosis
690 4210 897 4275 salutaribus·
912 4210 937 4272 1)
951 4213 1070 4275 duntur
1093 4210 1254 4293 mysteria,
1280 4217 1392 4290 utputa
1411 4208 1597 4289 incarnatio,
1625 4228 1700 4273 con·

151 4328 210 4393 que
224 4311 293 4375 suis
306 4308 479 4375 effectibus
494 4308 578 4372 infra
592 4308 726 4373 dicetur.
743 4310 782 4373 Et
796 4310 897 4373 bravi·
952 4310 1089 4373 versatio
1115 4326 1185 4371 mea
1208 4308 1241 4370 iu
1266 4307 1326 4371 hoc
1353 4310 1473 4371 mundo
1494 4330 1501 4369 z
1522 4308 1585 4370 uisi
1611 4307 1698 4372 enim

150 4416 206 4486 ter,
222 4418 344 4491 quanto
358 4408 430 4491 quis
444 4427 479 4470 se
493 4407 670 4471 exhibuerit
683 4408 894 4491 capaciorem,
951 4409 1055 4471 factus
1082 4406 1217 4470 fuissem
1247 4406 1343 4470 homo
1370 4413 1403 4469 et
1429 4413 1635 4469 conversatus
1664 4405 1698 4469 in

150 4505 179 4570 id
204 4515 252 4571 cst
276 4506 451 4591 puriorem,
467 4514 498 4569 et
516 4506 556 4569 ad
575 4506 828 4588 participandum
849 4527 898 4570 sa·
952 4506 1079 4585 saeculo,
1106 4524 1171 4569 non
1196 4524 1298 4567 essem
1322 4522 1435 4586 passus
1458 4510 1490 4566 et
1513 4503 1638 4567 oblatus
1663 4502 1697 4566 in

151 4606 305 4669 crementi
330 4604 427 4687 hujus
451 4604 640 4668 charismata
663 4604 842 4686 digniorem
866 4613 898 4669 et
952 4602 1052 4684 ligno.

47 4716 136 4773 ana
149 4703 421 4782 affectuosiorem,
446 4710 534 4767 hato
561 4704 601 4767 de
625 4702 766 4767 fontibus
791 4704 898 4768 Salva·
992 4702 1161 4764 Sacranos.
1177 4733 1218 4745 —
1231 4698 1274 4761 lle
1289 4698 1349 4761 hoc
1365 4696 1538 4761 memoriali
1559 4695 1699 4779 loquitur

150 4802 225 4865 toris
240 4802 328 4867 rivos
342 4800 450 4883 gratiae
463 4800 589 4864 hauriet
608 4800 751 4865 ditiores.
768 4802 895 4882 Quarto,
952 4799 1088 4862 multum
1103 4798 1216 4861 devote
1236 4814 1379 4859 summus
1399 4804 1473 4858 tuus
1494 4795 1631 4859 vicarius
1645 4797 1699 4859 Ur-

149 4900 299 4981 quoniam
325 4900 510 4981 deputatum
533 4906 583 4961 est
604 4906 637 4962 et
658 4899 839 4963 ordinatum
862 4909 898 4963 ut
951 4898 1054 4961 banus
1073 4896 1125 4974 tv,
1146 4895 1179 4957 in
1204 4913 1350 4958 sermone
1371 4894 1410 4956 de
1431 4892 1626 4956 Eucharistia
1647 4918 1654 4955 ι
1675 4894 1699 4957 Ο

149 4998 240 5060 detur
274 4997 375 5079 gratis
410 4998 581 5060 dumtaxat.
611 4996 744 5079 ingratis
779 4998 897 5080 quippe
952 4995 1126 5078 (inquiens)
1141 4992 1323 5056 memoriale
1338 4991 1569 5071 dulcissimum,
1580 4990 1700 5072 ample·

47 5107 137 5161 tensa
148 5094 389 5159 occasionaliter
420 5103 526 5173 nocet,
555 5094 707 5177 quoniam
740 5094 896 5177 judicium
952 5094 1113 5171 utendum,
1131 5092 1313 5171 amandum,
1329 5090 1584 5172 glorificandum,
1601 5098 1632 5153 et
1647 5108 1700 5154 vo-

150 5193 210 5257 sibi
224 5193 422 5257 manducant
435 5202 469 5257 et
481 5192 597 5256 bibunt
613 5192 692 5255 illud
715 5195 870 5257 sumendo
886 5218 894 5257 z
952 5194 992 5256 tis
1005 5192 1153 5257 omnibus
1168 5188 1417 5269 suscipiendum,
1425 5188 1458 5249 in
1472 5205 1535 5268 quo
1550 5188 1700 5251 innovan·
1725 5216 1799 5263 M,

148 5300 313 5373 gratorum
327 5309 414 5373 ergo,
430 5290 485 5373 qui
498 5310 556 5373 par
573 5291 706 5373 gratiam
726 5292 790 5355 Deo
809 5311 898 5357 acce-
953 5301 1005 5356 tur
1025 5290 1127 5372 signa,
1151 5293 1343 5351 renovantur
1363 5284 1536 5347 miracula!
1559 5284 1700 5368 Denique
1713 5294 1785 5332 Μ’·
1798 5284 1819 5326 ⁶·

273 5422 307 5474 T.
326 5424 367 5473 35.
1543 5418 1575 5471 25
