4309 6259
40 1973 86 2014 hor.

40 2037 57 2076 l.

456 516 497 561 uu
517 512 675 560 rascoruo
695 512 733 557 rr
752 509 917 558 orcurrarr
937 510 1053 567 murs,
1075 509 1164 556 uranu
1187 510 1229 557 ur.
1252 529 1293 539 -
1313 512 1383 558 aur.
1406 513 1439 559 xr
1666 496 1725 559 eta

171 704 212 748 eo
226 684 372 748 consistit
385 692 421 747 ut
436 684 469 746 iu
488 682 728 747 couversatione
746 681 820 743 vite
839 680 921 743 benc
935 680 960 741 A
975 679 1116 741 duceret.
1146 678 1299 762 Denique,
1328 700 1398 744 eam
1427 682 1622 746 nascituram
1658 704 1725 747 cer-

171 802 207 845 se
223 783 297 865 quis
315 783 442 862 babeat,
459 801 523 845 nou
543 790 578 844 ut
597 780 752 859 adulator,
770 798 826 842 seu
850 779 921 860 dys-
976 777 1098 839 tissime
1119 777 1234 856 sciens,
1251 787 1344 860 atque
1366 781 1405 842 de
1426 800 1464 843 ea
1484 782 1652 845 vaticinari
1674 802 1726 845 ex-

170 882 273 960 colus,
299 881 355 943 sed
377 888 412 942 ut
433 878 538 942 civilis
564 886 596 941 et
621 877 772 940 affabilis.
796 879 920 938 hecra·
974 892 1066 937 orsus
1091 898 1098 935 ε
1121 876 1268 939 Acciuxit
1291 876 1361 957 (ait)
1384 876 1573 943 fortitudine
1596 880 1723 943 lumbos
1745 900 1870 952 reusam,

162 982 257 1055 petia
284 996 361 1041 vero
388 984 436 1039 est
468 985 504 1038 ut
531 976 617 1039 circe
645 975 736 1038 ludos
765 975 918 1052 modeste,
975 991 1060 1050 suos,
1078 980 1110 1035 et
1131 973 1292 1038 roboravit
1312 974 1478 1038 brachium
1502 997 1607 1040 suum.
1740 965 1773 1007 ¹⁷·

167 1094 234 1138 non
255 1074 498 1152 histrionaliter,
515 1093 549 1137 se
573 1074 668 1137 homo
692 1072 849 1135 exhibeat.
865 1072 920 1134 llis
1014 1070 1103 1144 Quod
1117 1080 1223 1133 autem
1243 1073 1354 1135 mortis
1373 1082 1440 1136 erat
1459 1074 1632 1157 impavida,
1647 1076 1723 1139 hiuc

167 1174 353 1251 virtutibus,
378 1173 536 1235 universe
564 1172 726 1235 sensitiva
750 1170 849 1253 partis
874 1170 921 1232 al·
975 1175 1110 1248 constat,
1136 1169 1287 1250 quoniam
1312 1171 1430 1232 nedum
1454 1191 1528 1235 cum
1553 1174 1724 1251 llilio,‘sed

165 1270 337 1351 lectiones,
355 1270 501 1349 tristitiae,
517 1268 744 1331 delectationes
765 1275 797 1330 et
816 1276 920 1331 motus
975 1264 1071 1327 etiam
1087 1266 1126 1347 (si
1142 1266 1295 1347 possibile
1316 1267 1443 1349 luisset)
1462 1289 1520 1351 pro
1539 1290 1577 1334 eo
1596 1271 1723 1335 etitem

167 1369 387 1433 reformantur
406 1376 502 1449 atque
523 1374 688 1448 reguntur.
974 1370 1048 1424 ante
1062 1382 1135 1425 eum
1151 1363 1232 1427 mori
1246 1371 1386 1447 optasset
1403 1390 1409 1427 :
1427 1367 1545 1450 quippo
1560 1387 1631 1450 quae
1650 1388 1723 1431 eum

974 1459 1047 1540 plus
1065 1480 1162 1542 quam
1183 1462 1339 1544 seipsam
1360 1464 1481 1543 dilexit,
1496 1465 1626 1548 jamque
1646 1466 1725 1529 vixit
1754 1490 1831 1535 caat.
1848 1506 1869 1545 ιι,

974 1560 1364 1737 tuorum
1386 1562 1662 1725 retente
1676 1566 1725 1725 t.

251 1773 299 1832 De
319 1771 522 1847 fortitudine
542 1769 689 1827 victricis
708 1768 837 1829 Μανία.
974 1754 1074 1816 seruit
1100 1778 1106 1815 :
1130 1755 1263 1818 Domine
1287 1756 1474 1838 (iuquiens),
1501 1768 1629 1841 paratus
1654 1780 1724 1823 sum
1745 1784 1798 1830 noo.
1820 1800 1871 1838 nu,

936 1858 1081 1921 Btecum
1103 1853 1186 1915 etin
1208 1872 1367 1917 carcerem
1389 1864 1421 1918 et
1443 1857 1476 1919 in
1497 1867 1632 1922 mortem
1655 1860 1722 1938 ire,
1739 1851 1772 1890 ³³·

95 1986 152 2023 ml,
253 1959 463 2020 ULIEREM
484 1957 604 2032 fortem
640 1957 715 2035 quis
749 1954 920 2014 inveniet?
975 1971 1159 2033 rursusque,
1172 1952 1236 2015 Etsi
1250 1954 1426 2035 oportuerit
1441 1974 1491 2018 me
1506 1956 1587 2020 mori
1603 1966 1722 2039 tecum,
1753 1985 1840 2029 narrt,

262 2059 388 2119 Procul
400 2064 431 2113 ee
444 2057 485 2113 cle
500 2054 629 2113 ultimis
639 2055 763 2130 finibus
772 2054 920 2129 pretium
974 2068 1038 2113 uon
1062 2057 1094 2114 te
1118 2050 1241 2131 negabo
1262 2075 1270 2114 ι
1291 2052 1361 2133 ipsa
1385 2053 1493 2135 utique
1517 2074 1627 2119 secure
1649 2076 1724 2120 cou—
1738 2061 1793 2101 xm,
1810 2052 1843 2093 ³⁵·

164 2156 252 2231 ejus.
272 2154 341 2215 lam
362 2150 514 2214 fortitudo
535 2149 669 2212 delinita
690 2158 748 2227 est,
771 2150 857 2230 quod
879 2149 921 2211 sit
975 2148 1081 2210 testari
1101 2149 1212 2211 valuit.
1227 2149 1390 2229 Praeterea,
1408 2152 1434 2213 si
1453 2152 1567 2215 Christi
1588 2153 1721 2234 famulo,

165 2271 279 2314 earum
294 2249 435 2312 audaciae
452 2257 547 2329 atque
570 2246 752 2311 formidinis
773 2266 844 2329 quae
859 2247 920 2309 cir·
974 2246 1106 2309 Paulum
1134 2247 1274 2326 insinuo,
1301 2248 1394 2312 ellari
1420 2250 1511 2313 licuit
1536 2275 1542 2313 τ
1568 2252 1633 2333 Ego
1657 2272 1722 2317 non
1737 2282 1869 2335 Ampe,

165 2369 207 2411 ca
231 2348 341 2412 mortis
365 2346 509 2428 pericula
531 2353 616 2424 sunt,
642 2346 821 2408 ordinative
844 2369 851 2406 ε
878 2364 919 2407 ne
974 2344 1077 2407 solum
1102 2345 1238 2427 alligari,
1258 2348 1314 2409 sed
1339 2356 1371 2410 ct
1392 2350 1471 2411 mori
1493 2349 1526 2410 iu
1548 2350 1722 2415 Jerusalem

164 2448 279 2528 utique
299 2444 372 2527 quis
394 2451 528 2507 mortem
550 2442 686 2504 nimium
707 2450 837 2521 metuat,
858 2462 918 2506 nec
974 2450 1102 2523 paratus
1118 2462 1188 2506 sum
1203 2462 1260 2525 pro
1275 2444 1405 2508 nomine
1420 2446 1545 2510 Domini
1565 2449 1628 2511 mei
1648 2450 1721 2513 lesu

163 2545 240 2626 ejus
254 2541 397 2625 pericula
411 2541 590 2603 inconsulte
605 2540 772 2621 subintret,
789 2542 844 2603 sed
860 2559 918 2623 pro
974 2540 1111 2618 Christi3
1141 2542 1257 2623 denuo,
1287 2543 1396 2606 Certus
1425 2564 1495 2607 sum
1520 2547 1594 2627 quia
1618 2566 1722 2629 neque
1747 2569 1811 2613 nom.
1824 2583 1868 2623 vm,

160 2650 322 2723 tempore,
349 2640 419 2703 loco
443 2647 475 2701 et
499 2657 594 2701 causa
619 2639 758 2701 viriliter
784 2658 818 2701 se
846 2640 918 2719 ejus
972 2658 1070 2717 mors,
1094 2658 1197 2721 neque
1223 2642 1288 2704 vita
1311 2642 1428 2725 poterit
1452 2663 1505 2706 me
1530 2664 1677 2727 separare
1703 2634 1770 2709 a³⁸⁸
1785 2634 1818 2675 ³⁹·

161 2739 320 2823 perieulis
334 2744 480 2819 exponat.
497 2736 536 2798 Et
549 2737 678 2817 quidem
698 2739 765 2799 hec
785 2744 834 2801 est
852 2737 917 2801 lor·
972 2739 1102 2801 caritate
1126 2740 1261 2819 Christi3
1284 2741 1437 2822 itemque,
1463 2743 1561 2826 Cupio
1586 2744 1719 2809 dissolvi
1742 2766 1868 2823 rurreppi.

163 2838 315 2902 titudinis
339 2835 467 2918 propria
491 2835 663 2915 susceptio,
684 2835 794 2917 sicque
815 2835 916 2898 virtus
971 2846 1002 2900 et
1017 2856 1087 2900 esse
1109 2856 1181 2901 cum
1201 2839 1324 2904 Christo
1342 2863 1348 2902 :
1366 2840 1404 2919 si,
1422 2840 1563 2923 iuquam,
1580 2843 1647 2906 haec
1670 2844 1718 2906 illi
1735 2832 1769 2872 ²³·

161 2935 338 3001 cardinalis
366 2942 524 2997 censetur.
554 2933 696 3014 Denique
724 2934 915 3016 quaudoque
971 2934 1119 3014 licebant,
1127 2954 1222 3015 quam
1239 2937 1347 3018 utique
1363 2938 1531 3002 sublimius
1545 2948 1639 3021 atque
1653 2961 1721 3023 per·

160 3033 377 3097 universalius
405 3031 607 3112 describitur,
637 3040 672 3094 ut
700 3032 825 3095 dicatur
852 3032 952 3098 lor-C
970 3033 1087 3096 lectius
1107 3035 1202 3115 Virgo
1222 3035 1319 3098 ldater
1338 3036 1398 3099 ista
1416 3037 1523 3119 eloqui
1543 3040 1648 3119 quivit
1669 3040 1720 3102 lu-

161 3133 269 3195 titudo
293 3132 394 3193 virtus
417 3149 480 3211 qua
504 3130 576 3212 quis
600 3129 709 3193 animo
732 3148 790 3193 suo
814 3131 917 3194 domi·
970 3140 1100 3213 eratque
1119 3132 1203 3196 hanc
1225 3134 1334 3196 sortita
1353 3134 1529 3197 virtutemt

160 3231 246 3308 uari,
272 3230 406 3311 ejusque
429 3228 712 3309 concupiscentiis,
736 3228 917 3292 tentationi-
1010 3229 1033 3292 0
1058 3247 1147 3291 sacra
1167 3229 1273 3308 llaria,
1294 3232 1413 3294 nedum
1437 3232 1642 3317 feminarum,
1664 3237 1719 3299 sed

161 3332 226 3394 bus
240 3336 273 3391 et
286 3328 445 3410 perversis
464 3327 549 3389 valet
567 3327 715 3390 reluctari
732 3327 913 3391 aflectibus.
969 3327 1111 3391 viromm
1126 3346 1252 3409 quoque
1268 3327 1462 3393 fortissimat
1480 3349 1536 3412 per
1555 3351 1650 3413 quam
1672 3334 1720 3396 in-

160 3428 217 3491 Sic
243 3446 319 3491 vero
342 3427 502 3508 descripta
527 3424 690 3505 lortitudo,
716 3444 780 3489 non
805 3427 915 3509 utique
970 3424 1109 3487 leromm
1146 3433 1220 3487 suut
1247 3427 1384 3490 claustra
1416 3428 1590 3508 coulracta,
1622 3440 1719 3513 porte
1733 3460 1865 3513 home,

161 3525 326 3608 specialis,
342 3525 398 3587 sed
413 3522 571 3605 generalis
585 3522 687 3586 virtus
708 3532 766 3586 est.
784 3525 915 3587 Verum·
969 3542 1058 3586 eree
1084 3523 1238 3602 contritae,
1255 3533 1425 3607 vectesque
1451 3527 1547 3590 lerrci
1576 3528 1717 3611 dirupti3

159 3634 272 3687 tamma
294 3622 328 3684 iu
350 3622 551 3703 praeallegato
574 3620 752 3684 Salomonis
776 3622 913 3704 eloquio,
969 3637 1040 3699 que
1061 3619 1190 3701 proprio
1215 3620 1321 3683 auimo
1347 3622 1533 3703 cunctisque
1557 3624 1628 3704 ojus
1652 3644 1719 3689 mo-

158 3724 225 3786 hoc
240 3720 402 3785 communi
419 3720 514 3783 modo
529 3719 713 3801 suscipitur.
730 3721 914 3802 Agnoscens
969 3716 1054 3778 tibus
1083 3725 1214 3779 eatenus
1247 3717 1409 3781 dominata
1441 3738 1486 3797 es,
1516 3729 1552 3783 ut
1586 3722 1718 3786 rationis

158 3820 282 3902 quippe
310 3820 344 3881 iu
373 3817 486 3900 spiritu
512 3817 561 3879 vir
585 3817 712 3898 sapiens
737 3819 847 3880 muudi
877 3819 915 3881 li·
969 3831 1133 3894 nunquam
1153 3814 1338 3877 rectissimae
1357 3826 1499 3879 censure
1519 3818 1646 3881 rebellis
1666 3840 1718 3883 ex-

157 3919 359 3982 beratiouem
383 3936 441 3998 per
464 3916 632 3978 mulierem
656 3914 807 3996 luturam,
830 3936 916 3980 eam·
968 3912 1085 3973 stiterit
1108 3912 1255 3990 animus3
1276 3930 1347 3993 quse
1370 3922 1505 3977 mortem
1529 3928 1717 3997 presentem

158 4036 225 4099 que
240 4034 347 4096 regem
361 4014 505 4077 Messiam
519 4012 588 4077 fore
603 4014 793 4095 parituram3
809 4016 914 4078 denuo
968 4028 1041 4072 cum
1057 4009 1215 4073 desiderio
1235 4011 1397 4093 vitamque
1416 4010 1555 4076 luturam
1576 4034 1649 4077 cum
1670 4037 1718 4080 se-

157 4116 192 4177 id
214 4131 342 4194 quoque
366 4112 582 4188 considerans,
599 4130 696 4193 quam
717 4111 759 4173 sit
779 4110 912 4193 fragilis,
968 4108 1101 4170 curitate
1122 4117 1319 4190 exspectaus,
1344 4109 1456 4173 alacris
1479 4131 1615 4193 semper,
1633 4122 1717 4177 tran-

157 4210 367 4274 delectuosus
395 4210 537 4290 itemque
566 4208 726 4271 instabilis
753 4207 913 4271 femineus
928 4215 953 4277 l)
968 4206 1068 4288 quilla
1082 4215 1176 4287 atque
1191 4209 1243 4286 (eo
1262 4209 1356 4272 modo
1375 4228 1438 4289 quo
1457 4209 1502 4271 ait
1519 4212 1712 4291 Apostolus:
1735 4280 1739 4288 ,

159 4330 276 4389 sexus3
303 4310 408 4372 sciens
436 4308 567 4390 insuper
596 4309 635 4370 ad
660 4307 776 4369 Christi
801 4327 915 4371 couce—
968 4305 1106 4368 Gaudeto
1130 4306 1163 4366 in
1187 4306 1322 4369 llomiuo
1348 4310 1485 4390 semper)
1503 4308 1644 4390 jucunda
1670 4313 1717 4375 vi·
1745 4342 1845 4399 propp,

159 4409 318 4494 ptiouem,
348 4415 492 4469 sanctam
520 4414 614 4486 atque
643 4405 818 4486 perlectam
846 4426 915 4468 mu·
968 4404 1053 4482 xisti,
1077 4404 1305 4486 universasque
1331 4407 1432 4469 aerias
1456 4417 1627 4489 potestates
1651 4420 1713 4475 tam
1729 4419 1758 4457 Ν·
1769 4408 1791 4451 ⁴·

158 4510 275 4571 lierem
300 4506 430 4588 requiri,
450 4503 672 4585 hujuscemodi
696 4504 815 4567 mundo
836 4505 911 4567 oriri
969 4501 1087 4583 inclyto
1111 4502 1257 4583 dejecisti
1283 4504 1454 4585 triumpho,
1478 4514 1513 4567 ut
1536 4507 1601 4588 jam
1624 4511 1715 4573 cade·
1729 4544 1836 4598 mm,

161 4606 310 4687 cupiens,
326 4605 374 4667 sio
392 4602 516 4666 orditur
532 4625 539 4664 :
555 4602 718 4664 Mulierem
737 4602 913 4682 (iuquiens)
967 4608 1039 4662 rent
1062 4619 1082 4663 a
1105 4600 1201 4663 latere
1225 4610 1279 4664 tuo
1303 4602 1402 4680 mille,
1423 4611 1454 4665 et
1477 4604 1588 4667 decem
1613 4608 1714 4673 millia

160 4705 280 4768 lortem
298 4703 371 4784 quis
392 4701 556 4763 invenietl
576 4699 712 4763 Noverat
732 4700 851 4783 quippe
872 4702 911 4764 de
967 4698 1122 4761 adextris
1141 4698 1215 4777 tuis,
1237 4718 1341 4780 neque
1363 4700 1420 4762 tibi
1445 4701 1581 4783 amplius
1602 4724 1716 4788 appro-

40 4827 144 4875 eutrs.
160 4803 300 4885 quadam
325 4799 466 4881 serpenti
490 4798 642 4861 divinitus
666 4797 787 4859 dietum
811 4822 819 4860 ι
842 4799 912 4879 lpsa
966 4796 1122 4879 pinquare
1145 4799 1309 4876 auderent,
1335 4798 1413 4879 quin
1438 4799 1543 4881 potius
1568 4802 1715 4884 spiritua-

159 4907 307 4965 conteret
321 4905 417 4980 caput
430 4906 530 4959 tuum.
547 4896 697 4977 llancque
716 4895 804 4958 nasci
824 4904 913 4979 opta·
966 4895 1045 4958 lium
1060 4895 1094 4956 in
1110 4903 1139 4957 te
1159 4904 1325 4959 cernentes
1344 4904 1488 4960 catenam
1507 4900 1714 4984 ordinemque

157 5002 226 5075 bat,
244 5007 280 5060 ut
299 4996 486 5061 fortitudine
505 5003 637 5072 armata,
657 5012 847 5075 omnemque
867 4995 913 5057 le·
965 4993 1131 5070 virtutum,
1148 4993 1263 5056 territae
1288 5002 1381 5075 atque
1406 4995 1445 5057 ad
1468 4995 1575 5079 lugam
1600 5019 1634 5063 se
1661 5021 1714 5065 oo

157 5099 277 5162 miueae
295 5093 488 5159 conditionis
507 5111 710 5175 supergressa
731 5092 909 5173 mollitiem,
966 5092 1138 5170 hortantes,
1156 5091 1299 5154 dicerent
1316 5116 1322 5153 :
1339 5093 1445 5156 Castra
1459 5094 1514 5157 Dei
1535 5105 1609 5158 suut
1623 5097 1711 5179 haec;
1738 5126 1858 5181 amn„

157 5199 310 5260 humane
329 5191 519 5275 perditionis
547 5190 684 5253 calcaret
707 5198 858 5268 actorem,
880 5198 913 5253 et
966 5188 1127 5270 fugiamus
1149 5189 1307 5253 lsraelem.
1329 5190 1383 5253 Eis
1405 5209 1542 5273 namque
1564 5195 1713 5261 terribilis
1727 5191 1762 5294 {ij
1781 5189 1859 5296 {5²⁰³-

158 5296 238 5360 item
252 5292 378 5356 amisse
392 5289 596 5354 beatitudiuis
611 5295 824 5372 reparatorem
839 5307 912 5371 pro·
966 5306 1047 5368 eres,
1073 5289 1340 5368 quamadmodum
1364 5290 1509 5354 hostibus
1537 5300 1713 5363 castromm
1729 5311 1860 5371 eantur.
