4309 6259
420 506 461 555 na
481 503 637 553 rnecomo
657 504 694 552 an
714 503 879 551 nrcurrarn
898 502 1017 565 naara,
1039 504 1129 551 arnan
1150 506 1182 551 ιι.
1205 524 1246 535 -
1266 506 1338 553 aar.
1360 506 1412 565 xv,
1433 507 1486 554 rvr
1666 484 1724 551 tal

179 682 240 754 ter,
256 683 289 739 et
302 674 442 758 disponit
455 675 605 739 univorsa
619 673 782 753 suaviter),
793 672 929 755 qualiter
942 672 968 735 A
982 672 1119 737 Benedic
1143 674 1328 755 (inquiens),
1350 676 1458 739 anima
1478 695 1560 757 mea,
1581 674 1726 755 Domino,
1742 693 1783 739 rs.
1792 707 1828 745 m.
1841 694 1865 739 a

179 774 210 837 ei
226 793 261 837 se
275 773 396 856 Virgini
411 792 475 838 non
489 781 672 852 reserasset,
688 772 722 835 in
742 791 806 853 qua
825 771 929 834 totali·
981 778 1014 833 et
1028 771 1093 834 noli
1109 772 1256 835 oblivisci
1271 792 1382 837 omnes
1397 774 1622 838 retributiones
1636 772 1727 855 ejus;
1746 822 1751 831 .

178 880 230 935 ter
247 873 453 952 descendere,
470 871 616 953 itemque
632 890 671 934 ex
689 890 752 952 qua
770 869 928 933 incarnari
982 875 1015 931 et
1037 868 1142 931 denuo
1169 891 1176 930 ε
1202 868 1283 943 Ouid
1311 870 1481 933 retribuam
1509 869 1643 933 Domino
1672 887 1729 952 pro
1743 891 1877 943 recusa.

178 970 334 1049 decrevit,
359 988 423 1034 non
446 969 586 1033 invenio.
612 969 764 1033 Preterea
785 976 817 1031 et
839 967 929 1030 l’ater
982 966 1130 1029 omnibus
1145 985 1215 1047 quae
1230 967 1375 1030 retribuit
1389 968 1491 1031 mihil
1506 968 1638 1050 Insuper
1660 986 1731 1049 spe-

178 1067 486 1151 praecordialissimae
508 1087 571 1130 sum
593 1067 670 1129 lilia
689 1064 930 1130 amantissimae-
983 1064 1048 1126 cies
1072 1072 1195 1146 quarta,
1217 1064 1398 1129 divinorum
1424 1066 1655 1149 promissorum
1679 1085 1732 1127 ex-

179 1186 245 1248 que
280 1184 415 1249 sponsas,
449 1184 544 1247 quam
580 1164 708 1247 proprio
742 1163 930 1246 preparavit
983 1170 1045 1224 atat
1058 1163 1243 1245 conspectio
1260 1165 1364 1245 :quod
1380 1164 1505 1227 scilicet
1520 1184 1593 1227 cum
1608 1164 1731 1246 angelis

179 1264 361 1347 Unigenito,
381 1264 540 1345 quomodo
559 1282 594 1325 se
614 1262 842 1341 abscondisset,
864 1279 928 1323 non
983 1259 1076 1322 nobis
1090 1260 1295 1325 beatitudinis
1313 1262 1525 1343 equalitatem
1548 1262 1729 1345 spopondit,

180 1360 289 1423 rideo.
306 1360 366 1423 Sed
381 1370 413 1423 et
427 1360 458 1421 id
472 1361 557 1441 quod
574 1360 674 1423 servis
692 1359 731 1422 de
749 1378 783 1422 se
797 1356 930 1420 manile-
983 1376 1104 1439 nosque
1119 1378 1228 1421 secum
1242 1379 1312 1423 esse
1327 1360 1476 1441 voluerit,
1489 1368 1521 1425 et
1535 1360 1590 1423 illa
1605 1378 1732 1441 quoque

179 1459 289 1535 stavit,
300 1458 387 1520 llatri
404 1458 577 1539 preelectae
592 1456 695 1520 celare
706 1458 754 1536 (ut
770 1458 852 1534 reor)
863 1474 928 1518 non
983 1464 1132 1538 praestare
1147 1457 1323 1521 decreverit
1337 1477 1407 1539 que
1422 1459 1533 1522 oculus
1555 1476 1619 1521 non
1639 1457 1729 1536 vidit,
1746 1480 1845 1531 remu.
1857 1484 1879 1525 o.

179 1556 303 1619 debuit.
320 1556 544 1619 Verumtamen
565 1554 598 1617 in
619 1555 678 1617 bac
700 1553 820 1617 tbeoria
833 1552 929 1634 Virgo
983 1574 1043 1617 nec
1057 1555 1144 1617 auris
1159 1556 1353 1637 audivit,sed
1370 1576 1429 1621 nec
1445 1558 1569 1620 animus
1584 1555 1731 1619 meditari

179 1654 388 1736 integerrima
402 1654 442 1717 ab
456 1652 683 1717 incarnationis
697 1660 859 1715 momento
879 1670 930 1715 ve
983 1651 1116 1716 suflicit.

178 1753 350 1815 bemontcr
372 1750 536 1833 proiecit:
561 1750 708 1814 babitans
732 1768 870 1831 namque
894 1750 927 1811 in
1022 1750 1192 1815 Enimvero
1206 1752 1273 1815 hec
1288 1760 1424 1833 quatuor
1438 1773 1527 1816 sacer
1547 1753 1733 1835 complecti-

178 1869 219 1913 ea
245 1849 402 1913 immensa
426 1849 597 1932 Sapientia,
622 1868 693 1911 eam
717 1848 757 1911 de
780 1848 928 1911 omnibus
946 1846 1036 1910 Btur
1058 1848 1226 1931 innuitque
1247 1850 1417 1931 Apostolus
1434 1874 1441 1912 ε
1458 1850 1496 1913 Ut
1520 1850 1647 1933 possitis
1670 1850 1732 1930 (in-
1746 1871 1831 1929 aptes.
1849 1886 1879 1923 m.

178 1947 461 2011 indiscussibiliter
481 1948 628 2010 erudivit.
983 1946 1110 2028 quiens)
1123 1948 1392 2029 comprehendere
1408 1967 1479 2012 cum
1495 1948 1644 2013 omnibus
1659 1948 1732 2011 San·
1748 1938 1779 1979 ¹⁸·

984 2045 1044 2108 ctis
1057 2063 1129 2125 quaa
1144 2044 1186 2106 sit
1201 2045 1375 2127 longitudo,
1385 2046 1528 2127 latitudo,
1538 2046 1732 2129 profundum

385 2202 630 2267 muethus
653 2202 729 2266 xv·
984 2143 1733 2323 t.st?¹:tlt30⁰t..lttjttftltl.¹tt

269 2352 318 2411 De
339 2350 502 2425 speciebm
523 2349 842 2425 contemplationum.
985 2338 1079 2418 dicia,
1096 2338 1276 2402 sublimitas
1295 2358 1371 2403 vero
1395 2338 1570 2421 majestatis
1595 2337 1733 2420 insignia

454 2436 458 2444 '
985 2436 1127 2519 respicit.

68 2568 164 2617 rauce.
252 2538 460 2599 XCUTERE
487 2538 528 2595 de
558 2538 707 2613 pulvere,
736 2534 827 2615 virgo
858 2536 932 2612 filia

263 2636 356 2697 Sion.
366 2631 531 2715 llultiplici
546 2631 716 2695 exsistente
729 2633 815 2715 apud
829 2631 933 2695 diver·

179 2751 236 2795 sos
251 2730 528 2812 contemplationis
540 2730 720 2812 partitione,
728 2729 841 2792 ceteris
853 2748 933 2811 quas
1178 2709 1423 2773 ARTICULUS
1447 2709 1539 2773 XVI·

180 2830 326 2893 illustres
339 2828 401 2890 riri
416 2827 614 2891 tradiderunt
627 2827 839 2891 divisionibus
853 2826 933 2909 apti·
988 2858 1080 2924 Quod
1107 2857 1144 2915 Μ
1172 2857 1224 2917 gis
1251 2864 1395 2935 quatuo,
1427 2857 1735 2931 contemplationum

179 2929 231 2991 ⁰¹'i
248 2928 319 2991 ¹⁰⁰⁰
333 2926 514 3006 reservatis,
529 2927 596 3007 istm
616 2944 703 2988 ”⁰¹¹⁰
724 2944 821 2988 mmm
842 2926 933 2988 dum·
1026 2947 1188 3020 speciebus
1202 2964 1328 3005 summo
1343 2964 1381 3003 nc
1399 2946 1615 3005 elevatissima
1628 2946 1735 3021 suerit

180 3034 270 3089 taxat
289 3024 449 3087 inducam.
951 3026 973 3091 C
1026 3036 1215 3095 doctissima
1235 3034 1358 3096 Mario.

222 3124 306 3185 Sunt
339 3122 446 3203 itaque
485 3120 764 3202 contemplationis
798 3128 932 3203 quatuor

181 3221 321 3303 species.
337 3220 442 3282 Prima
455 3218 553 3299 enim,
570 3218 744 3300 maJestatis
758 3226 807 3281 est
820 3238 933 3300 specu·
1054 3223 1301 3283 XSULTAVIT
1322 3222 1462 3296 spiritus
1491 3242 1580 3281 meus
1609 3224 1643 3281 in
1669 3225 1734 3283 Deo
1748 3235 1824 3284 zuar.
1838 3236 1872 3277 n.

180 3320 262 3383 latio
279 3342 287 3380 ε
303 3319 380 3381 dum
395 3317 543 3381 videlicet
557 3317 590 3379 in
605 3316 871 3399 contemplatione
886 3316 933 3377 di·
1066 3320 1211 3378 salutari
1224 3338 1301 3377 meo.
1314 3316 1405 3397 Quid,
1416 3316 1620 3400 praeinductis
1635 3338 1735 3381 reme

179 3419 268 3481 vine
282 3415 471 3495 altitudinis,
486 3423 582 3496 atque
601 3414 635 3476 in
653 3414 798 3478 contuitu
812 3414 933 3479 incom-
986 3416 1129 3493 moratis,
1147 3424 1248 3497 pnteS,
1264 3416 1340 3477 dnm
1361 3415 1457 3497 Virgo
1476 3414 1664 3479 felicissima
1688 3436 1735 3479 re-

178 3513 467 3599 prehensibilitatis
489 3512 606 3575 divinas
630 3512 825 3591 substantie,
840 3532 932 3574 mens
987 3514 1047 3576 diit
1060 3515 1093 3575 in
1109 3532 1142 3575 se
1156 3513 1367 3595 spiritumque
1381 3512 1521 3595 collegit,
1537 3516 1613 3576 dum
1634 3514 1735 3577 medi·
1748 3529 1882 3581 eamme.

180 3616 254 3697 ipsa
272 3631 428 3693 suspensa
446 3611 631 3692 intentaque
649 3618 708 3673 est.
724 3610 865 3691 Denique
884 3630 933 3671 se
986 3612 1114 3673 tabatur
1127 3618 1220 3674 nocte
1235 3629 1308 3673 cum
1328 3611 1423 3673 corde
1445 3630 1513 3691 suo,
1530 3620 1624 3693 atque
1645 3612 1678 3673 in
1700 3632 1734 3676 se
1748 3629 1884 3681 ranno.

180 3711 289 3775 cunda
303 3708 437 3792 species,
444 3708 638 3791 judiciorum
652 3708 707 3770 Ilei
722 3708 934 3772 consideratio
987 3728 1043 3773 cor
1066 3710 1137 3791 ejus
1162 3709 1333 3789 concaluit,
1357 3708 1390 3770 in
1414 3710 1573 3791 praetactis
1600 3719 1735 3792 quatuor
1748 3695 1770 3736 ⁴·

180 3808 325 3887 exstitit3
341 3808 376 3869 in
390 3825 526 3889 quorum
540 3806 617 3869 dum
631 3826 666 3868 se
679 3806 860 3869 intellectus
874 3806 933 3868 dis·
988 3806 1292 3888 contemplationum
1317 3806 1420 3869 modis
1439 3808 1684 3889 apprehenderit
1704 3815 1736 3871 et

180 3908 334 3972 cussione
359 3905 463 3969 cernit
485 3904 636 3983 deficere,
656 3924 729 3969 mox
753 3924 828 3967 cum
851 3906 934 3987 Apo-
988 3906 1146 3968 senseritl
1168 3905 1306 3985 qualiter
1329 3904 1479 3968 allectata
1503 3906 1735 3988 exercitamque

40 4034 164 4085 amnes.
181 4008 267 4071 stolo
294 4004 470 4087 proclamat
499 4026 506 4065 ε
536 4003 560 4066 0
587 4002 721 4066 altitudo
748 4002 933 4065 divitiarum
988 4007 1058 4067 estt
1073 4003 1204 4085 Nempe,
1228 4022 1326 4084 quum
1352 4012 1436 4067 esset
1459 4004 1649 4086 humillima,
1673 4025 1736 4088 quo

181 4104 348 4187 sapientie
371 4110 404 4165 et
428 4101 570 4164 scientie
593 4101 670 4165 lleil
692 4119 788 4181 quam
813 4101 934 4163 incom-
987 4104 1020 4165 in
1045 4102 1182 4184 propriis
1201 4109 1268 4165 erat
1289 4102 1391 4165 oculis
1415 4102 1520 4183 vilior,
1536 4122 1573 4167 eo
1599 4122 1736 4185 superna

181 4200 416 4285 prehensibilia
434 4207 508 4262 sunt
531 4199 651 4281 judicia
675 4197 766 4280 ejusl
792 4198 934 4280 Itemque
948 4204 973 4266 l)
987 4202 1190 4281 increataque
1204 4200 1330 4265 bonitas
1350 4200 1383 4263 in
1405 4200 1507 4283 ipsius
1528 4201 1636 4265 animo
1656 4202 1737 4265 exsi-

41 4328 164 4378 mmq
182 4301 304 4363 latetur
327 4298 478 4380 quoniam
502 4297 695 4361 horrendum
720 4303 769 4359 est
792 4295 934 4359 incidere
989 4300 1092 4361 stebat
1106 4298 1284 4361 sublimior.
1301 4297 1368 4372 Ouo
1383 4318 1456 4362 cum
1479 4320 1516 4363 ea
1538 4299 1736 4382 superbonus

182 4400 218 4461 in
233 4416 348 4461 manus
362 4396 418 4459 Ilei
433 4394 583 4458 viventis.
596 4394 701 4457 Tertia
715 4394 849 4476 proinde
864 4413 934 4475 spe·
988 4406 1020 4459 et
1043 4416 1154 4459 revera
1179 4396 1428 4477 benignissimus
1453 4397 1535 4461 Deus
1560 4398 1660 4479 magis
1689 4398 1737 4461 di-

182 4499 261 4573 cies,
289 4493 466 4559 recordatio
489 4500 538 4555 est
557 4492 789 4555 munificentie
812 4492 933 4555 beneli-
988 4504 1123 4576 gnanter
1143 4494 1209 4575 egit
1226 4495 1378 4575 vixitque,
1394 4514 1432 4557 eo
1456 4496 1676 4559 vehementius
1702 4517 1735 4559 se

181 4596 372 4675 ciorumque
396 4592 452 4655 liei
474 4614 481 4652 z
503 4592 589 4672 quod
613 4591 763 4654 videlicet
787 4592 854 4654 sola
876 4611 933 4654 sna
988 4593 1136 4674 despicit,
1157 4601 1189 4656 et
1208 4591 1310 4673 ipsius
1328 4592 1606 4674 inexcogitabilem
1630 4595 1737 4657 altitu-

179 4694 325 4759 bonitate
339 4711 377 4755 ex
390 4690 492 4753 nibilo
505 4708 565 4753 nos
578 4690 751 4771 plasmans,
764 4688 933 4755 rationales
987 4691 1096 4753 dinem
1111 4689 1301 4773 profundius
1320 4688 1464 4769 miratur,
1482 4691 1633 4773 sedetque
1652 4692 1736 4755 intra

180 4792 315 4870 ellecit3
331 4810 369 4853 ac
387 4789 516 4852 demum
536 4796 665 4870 propter
686 4787 817 4850 nimiam
842 4807 932 4849 suam
988 4808 1022 4851 se
1043 4788 1212 4852 revolvens
1232 4788 1458 4851 commorantis
1480 4788 1541 4851 sibi
1565 4807 1602 4852 ac
1626 4810 1735 4853 secum

181 4890 350 4955 caritatem
368 4887 623 4967 immensamque
643 4885 858 4966 clementiam,
874 4904 933 4970 pro
989 4886 1206 4950 conversantis
1221 4886 1431 4967 majestatem,
1449 4894 1481 4949 et
1494 4905 1567 4949 mox
1586 4887 1619 4950 in
1638 4887 1736 4951 medi·
1749 4906 1842 4951 rouen.

181 4988 277 5053 nobis
291 4983 463 5061 incarnari,
477 4984 510 5045 in
525 4983 617 5045 terris
631 4985 825 5064 conversari,
837 4992 932 5066 atque
987 4985 1106 5048 tatione
1134 4984 1205 5065 ejus
1233 4984 1410 5047 exardescit
1440 4984 1544 5066 ignis;
1574 4992 1668 5066 atque
1701 4987 1734 5049 in

180 5088 222 5151 ad
237 5094 414 5149 extremum
428 5081 612 5163 turpissima
626 5090 727 5145 morte
742 5082 934 5145 condemna·
987 5089 1082 5143 tantae
1101 5080 1326 5144 exinanitionis
1348 5081 1594 5162 comparatione,
1610 5082 1679 5163 ipsa
1701 5102 1735 5146 se

180 5180 532 5267 ridignatusest.llaec
546 5180 694 5261 equidem
710 5179 930 5260 reminiscens,
987 5180 1034 5242 nil
1059 5198 1189 5260 prorsus
1213 5185 1349 5260 reputat,
1376 5178 1435 5241 sub
1460 5178 1584 5241 cunctis
1608 5198 1735 5262 quoque

180 5285 278 5349 bomo
292 5289 402 5364 gratus
415 5298 486 5343 esse
500 5285 656 5361 satagens,
674 5286 774 5343 semet
787 5278 929 5342 allatur:
986 5276 1172 5341 bominibus
1197 5275 1447 5358 profundissima
1472 5276 1652 5343 bumilitate
1680 5281 1735 5344 dc-
