4309 6259
339 4326 415 4369 More.
436 4340 473 4378 ru,

339 4392 374 4436 42,
390 4391 424 4432 fl.

482 482 543 549 tta
637 504 677 553 nr
698 504 901 554 sarmarum
921 507 1051 554 aarams
1072 508 1109 553 ar
1129 508 1226 554 mssa
1248 506 1474 554 cacacnarronc
1495 506 1654 555 orneacus.
1677 524 1718 535 —
1738 505 1808 552 aar.
1830 507 1870 553 xx

481 672 543 737 hoc
564 674 666 757 magis
687 678 868 741 autminus
890 687 955 740 tam
976 679 1079 760 quoad
1102 675 1268 759 culpamd
1325 676 1492 741 Sacranos.
1513 713 1553 725 -
1576 678 1624 739 An
1648 683 1877 739 sacramentum
1899 676 1968 756 hoc,
1987 676 2013 737 in

483 793 520 836 ac
535 792 673 857 poeuam,
690 785 808 858 quanto
823 777 951 859 dignius
968 784 1061 859 atque
1083 775 1230 839 ferventi-

483 892 521 934 us
543 874 721 937 celebratur
737 895 782 938 ac
810 876 957 939 sumitur.
973 874 1122 950 Quamvis
1144 874 1230 937 enim

485 990 584 1033 uuum
620 973 753 1035 mortale
789 973 856 1036 sine
890 973 952 1037 alio
987 991 1052 1035 uon
1087 972 1231 1035 deleatur

484 1078 637 1149 quantum
672 1072 711 1133 ad
740 1072 879 1152 culpam,
908 1090 968 1133 uec
1002 1079 1156 1152 quantum
1191 1070 1228 1131 ad

483 1184 611 1248 poeuam
633 1168 762 1241 inferni,
783 1188 883 1249 quum
905 1169 974 1231 sine
996 1168 1158 1231 infusione
1180 1187 1231 1230 ca-

484 1264 584 1328 ritatis
598 1286 635 1329 ac
650 1268 759 1348 gratiae
777 1286 841 1330 non
861 1267 999 1347 tollatur,
1011 1286 1086 1348 quaa
1105 1265 1230 1327 nullum

483 1372 648 1445 peccatum
678 1366 810 1430 mortale
835 1386 943 1429 secum
972 1365 1228 1448 compatiuntur;

482 1468 588 1523 tamen
613 1482 714 1525 unum
736 1463 860 1526 veniale
885 1464 953 1525 sine
972 1463 1036 1524 alio
1058 1468 1161 1544 potest
1184 1461 1231 1523 di-

484 1559 566 1621 mitti
589 1568 722 1642 utroque
743 1562 849 1624 modo.

524 1658 694 1721 Sacranos.
719 1660 885 1734 -Quum
910 1659 969 1722 hoc
998 1666 1230 1721 sacramentum

482 1755 626 1819 omnium
656 1766 926 1821 sacramentorum
958 1756 1230 1839 vigorosissimum

1284 783 1438 856 quantum
1467 783 1699 837 sacramentnm
1733 781 1788 837 aut
1821 773 2012 855 sacrificium,

1284 874 1374 937 tollat
1395 874 1489 937 etiam
1510 883 1640 957 peccata
1659 873 1805 936 mortalia
1823 892 1885 936 uon
1903 874 2013 937 confes

1285 991 1330 1051 sa,
1347 972 1402 1035 scd
1424 972 1533 1052 oblita,
1550 990 1742 1054 poenamque
1764 972 1963 1034 eorumdem?

1325 1072 1536 1134 Varamos-
1562 1071 1667 1133 Virtus
1696 1078 1727 1133 et
1754 1069 1899 1133 efficacia
1925 1090 2012 1133 sacn-

1285 1170 1384 1232 meuti
1408 1169 1500 1232 istius
1525 1170 1744 1233 consideratur
1767 1168 1941 1249 dupliciter.
1960 1169 2011 1230 Pri-

1285 1285 1349 1347 mo,
1366 1268 1542 1331 secundum
1558 1288 1591 1330 se
1606 1292 1612 1330 :
1630 1276 1662 1330 et
1676 1266 1723 1330 sic
1738 1266 1888 1330 convenit
1900 1266 1929 1329 ai
1942 1286 2011 1347 qua

1285 1384 1422 1447 cumque
1436 1374 1566 1447 peccata
1587 1366 1843 1447 quibuscumque
1857 1364 2011 1427 viatoribus

1285 1483 1378 1546 posse
1402 1464 1538 1545 auferre,
1564 1482 1662 1545 quum
1688 1464 1722 1526 in
1747 1462 1817 1545 ipso
1840 1464 1881 1524 sit
1902 1462 2011 1525 merito·

1286 1580 1355 1623 rum
1381 1560 1523 1624 omnium
1549 1560 1725 1642 plenitudo,
1752 1568 1784 1623 et
1809 1561 1876 1642 ipsa
1897 1560 1948 1641 qui
1974 1568 2011 1621 est

1286 1659 1357 1722 fons
1372 1667 1404 1721 et
1418 1678 1513 1722 causa
1534 1658 1631 1722 totius
1653 1657 1850 1721 remissionis
1871 1658 2010 1739 aegrotis

1286 1757 1486 1820 contineatur
1499 1758 1534 1820 in
1548 1758 1629 1839 ipso.
1647 1758 1793 1820 Secundo
1814 1756 2011 1820 consideratur

482 1853 769 1937 dignissimumque
791 1856 954 1936 consistat,
977 1875 1035 1917 cur
1057 1874 1122 1917 non
1148 1855 1231 1917 tollit
1248 1855 1271 1918 B
1287 1875 1343 1938 per
1366 1857 1633 1937 comparationem
1662 1857 1701 1919 ad
1730 1854 2010 1930 communicantem,

483 1951 576 2014 simul
593 1962 707 2016 cuncta
722 1954 860 2017 venialia
875 1961 1027 2036 quantum
1047 1953 1085 2015 ad
1102 1953 1229 2033 culpam

482 2058 514 2112 et
538 2068 677 2131 poenam,
704 2070 802 2133 quum
826 2051 1006 2133 Baptismus
1033 2070 1098 2114 uon
1127 2051 1229 2113 solum

482 2148 620 2211 venialia
643 2150 762 2229 omnia,
785 2150 840 2212 sed
862 2158 895 2212 et
914 2148 1060 2212 mortalia
1082 2149 1232 2211 universa

483 2254 617 2327 utroque
638 2246 761 2310 auferat
781 2248 897 2310 model

523 2344 669 2407 chrras.
695 2381 736 2391 —
759 2346 997 2407 Sacramentum
1024 2345 1097 2421 hoc,
1129 2363 1232 2407 sacra-

483 2450 627 2503 mentum
649 2450 697 2504 est
719 2441 813 2505 simul
836 2452 868 2505 et
889 2441 1086 2505 sacrificinm
1105 2463 1111 2502 :
1129 2461 1232 2504 sacra-

483 2548 627 2602 mentum
651 2540 684 2602 in
713 2548 866 2621 quantum
890 2541 949 2603 sub
974 2540 1046 2602 aliis
1071 2560 1107 2602 ac
1133 2539 1232 2601 seusi-

483 2637 602 2701 bilibus
617 2637 729 2701 formis
744 2639 902 2721 accipitur
915 2661 923 2714 3
940 2638 1136 2701 sacrificium
1156 2656 1232 2700 vero

483 2735 516 2798 in
538 2744 692 2817 quantum
713 2737 776 2799 Deo
796 2737 877 2799 Patri
899 2736 1045 2800 offertur.
1068 2736 1175 2814 Porro,
1198 2735 1232 2797 in

483 2842 636 2914 quantum
658 2843 706 2897 est
728 2844 973 2914 sacramentum,
996 2834 1159 2917 duplicem
1178 2834 1232 2895 ha-

483 2932 538 2994 bet
561 2932 713 2995 ellectum
741 2957 748 2994 ε
776 2953 876 2995 uuum
901 2953 940 2995 ex
968 2932 1000 2995 vi
1028 2932 1229 3009 sacramenti,

1286 1954 1318 2016 in
1347 1973 1409 2035 quo
1438 1954 1464 2017 si
1493 1953 1591 2016 fucrit
1618 1954 1880 2035 impedimentum
1904 1952 2011 2035 partici-

1285 2052 1382 2135 pandi
1408 2052 1568 2131 meritum,
1594 2052 1744 2114 virtutem
1769 2061 1801 2114 et
1822 2052 1949 2133 gratiam
1973 2068 2011 2111 sc·

1286 2150 1439 2213 crementi
1465 2150 1567 2229 istiuS,
1592 2158 1669 2232 puta
1696 2158 1861 2231 peccatum
1887 2148 2009 2223 mortale,

1286 2267 1350 2312 nou
1367 2248 1468 2311 solum
1483 2266 1548 2310 uon
1571 2255 1785 2327 consequetur
1800 2246 2009 2321 remissionem,

1287 2347 1342 2409 sed
1379 2346 1527 2409 vitiorum
1563 2344 1862 2424 accumulationem,
1896 2362 1953 2407 nou
1982 2361 2011 2403 cr

1287 2444 1413 2507 defectu
1429 2452 1458 2505 et
1474 2443 1659 2506 inefficacia
1674 2442 1875 2521 sacramenti,
1892 2442 1942 2504 sed
1955 2458 2011 2522 pro

1288 2542 1364 2624 prire
1388 2541 1566 2622 iniquitatis
1590 2540 1755 2604 demerito.
1777 2540 1835 2615 Qui
1859 2539 1940 2603 enim
1961 2537 2012 2619 spi-

1288 2640 1443 2702 ritualiter
1471 2658 1535 2702 non
1564 2639 1653 2717 vivit,
1684 2638 1892 2721 spiritualiter
1916 2634 2009 2699 nutriri

1287 2758 1351 2802 non
1366 2745 1485 2820 potest;
1496 2757 1555 2801 nec
1570 2746 1675 2819 potest
1688 2737 1811 2801 Christo
1827 2735 2012 2819 spiritualiter

1286 2837 1389 2918 jungi,
1416 2836 1567 2898 virtutem
1591 2843 1622 2898 et
1646 2835 1782 2917 gratiam
1811 2834 1901 2897 istius
1927 2850 2011 2895 sacra

1288 2934 1386 2996 menti
1416 2932 1647 3013 participando,
1677 2932 1732 3013 qui
1765 2940 1813 2995 est
1847 2932 1879 2993 in
1912 2930 2011 2992 affectu

483 3031 539 3111 qui
563 3039 611 3093 est
636 3030 810 3111 spiritualis
836 3031 979 3110 refectio,
1002 3031 1042 3093 ad
1067 3049 1162 3111 quam
1187 3031 1267 3094 (li-C
1287 3040 1341 3094 aut
1369 3031 1530 3113 proposito
1560 3051 1616 3094 seu
1644 3030 1677 3093 iu
1705 3030 1901 3094 conscientia
1929 3027 2010 3107 culpa

484 3137 569 3191 recte
594 3136 642 3191 est
666 3128 869 3206 institutum,
891 3129 991 3190 aliurn
1012 3148 1050 3190 ex
1072 3128 1233 3191 concomi-

485 3226 585 3288 tantia
612 3226 760 3308 quadam,
790 3226 845 3308 qui
875 3234 924 3288 est
957 3225 1102 3287 remissio
1131 3244 1232 3306 poenae

484 3324 682 3406 venialisque
706 3325 819 3408 culpae,
842 3343 880 3387 eo
905 3324 988 3405 quod
1015 3324 1074 3386 ista
1101 3324 1232 3386 refectio

484 3423 543 3485 fiat
566 3443 623 3506 per
648 3423 845 3505 spiritualem
869 3421 1010 3485 caritatis
1034 3421 1233 3503 conjunctio-

484 3542 558 3584 nem
583 3542 620 3584 ac
643 3522 888 3599 incrementum,
909 3541 966 3603 per
988 3539 1059 3602 quae
1083 3520 1178 3601 culpa
1203 3527 1234 3581 et

485 3640 579 3704 poena
607 3621 761 3683 tolluntur
793 3621 887 3682 modo
918 3619 985 3700 jam
1020 3627 1116 3696 tacto,
1145 3618 1233 3700 juxta

485 3738 666 3782 mensuram
691 3717 882 3798 devotioniS,
909 3737 944 3780 ac
969 3716 1127 3780 fervorem
1153 3716 1234 3779 cele-

483 3818 605 3881 brantis
637 3826 669 3881 et
703 3815 981 3880 communicantis.
1011 3816 1045 3876 ln
1081 3821 1234 3895 quantum

485 3924 590 3979 autern
619 3925 666 3979 est
695 3914 903 3991 sacrificium,
927 3913 1024 3976 habet
1051 3912 1116 3975 vim
1146 3911 1235 3973 satis-

485 4013 647 4075 factivam.
668 4013 703 4074 ln
729 4011 945 4073 satisfactione
970 4028 1046 4073 vero
1068 4010 1169 4090 magis
1191 4017 1236 4070 at

487 4111 627 4173 tenditur
649 4109 816 4173 offerentis
841 4108 990 4187 affectus,
1016 4126 1111 4189 quam
1137 4127 1235 4188 quan-

1288 3130 1441 3192 mortalis.

1327 3229 1551 3290 Verumtamen
1573 3235 1806 3289 sacramentum
1828 3227 1887 3289 hoc
1909 3221 2011 3306 operari

1287 3333 1391 3408 potest
1418 3325 1639 3388 remissionem
1668 3324 1790 3406 peccati
1826 3322 2010 3405 dupliciter:

1288 3444 1351 3487 uno
1376 3424 1481 3503 modo,
1503 3440 1567 3486 non
1592 3430 1757 3505 acceptum
1780 3430 1863 3501 actu,
1885 3421 1936 3484 sed
1954 3426 2012 3480 roto

1288 3530 1342 3583 aut
1355 3521 1513 3584 desiderio
1535 3529 1629 3602 atque
1651 3520 1835 3602 proposit03
1851 3516 2011 3588 ullomodo,

1288 3628 1360 3682 actu
1381 3628 1565 3701 perceptum
1586 3619 1626 3681 ab
1648 3618 1754 3699 aliquo
1774 3618 1828 3699 qui
1849 3616 1938 3681 estin
1956 3633 2012 3697 prc-

1289 3727 1359 3782 cato
1374 3717 1498 3781 mortali
1521 3717 1614 3799 cujus
1636 3716 1697 3780 sibi
1720 3717 1869 3780 conscius
1890 3720 2011 3787 nonest,

1289 3818 1339 3879 vel
1354 3816 1393 3879 dc
1409 3835 1472 3896 quo
1487 3834 1551 3879 non
1566 3824 1614 3877 est
1629 3834 1666 3877 ex
1681 3815 1844 3878 oblivione
1860 3812 2011 3885 confessus,

1290 3915 1340 3979 vel
1366 3915 1391 3976 si
1416 3913 1593 3992 confessus,
1620 3932 1683 3976 non
1708 3921 1816 3975 tamen
1838 3911 2013 3975 sufficienter

1290 4014 1443 4076 contritus
1471 4034 1477 4073 :
1505 4012 1558 4093 qui
1587 4012 1699 4074 devote
1728 4018 1760 4073 et
1784 4018 1957 4074 reverenter
1974 4024 2013 4067 ac-

1290 4111 1443 4187 cedend0,
1465 4116 1678 4189 consequetur
1701 4128 1758 4191 per
1781 4108 1842 4172 hoc
1862 4123 2013 4171 sacramen-

487 4209 560 4270 titas
575 4207 745 4271 oblationis
763 4232 770 4270 ε
788 4215 916 4288 propter
937 4207 1021 4287 quod
1041 4206 1235 4288 paupercula
1250 4210 1274 4272 D
1292 4218 1357 4272 tum
1381 4208 1516 4289 gratiam
1541 4206 1693 4283 caritatis,
1718 4225 1790 4288 quae
1814 4204 2011 4269 contritionem

488 4307 583 4369 vidua
598 4325 668 4387 quae
683 4307 745 4369 duo
760 4303 917 4368 offerebat
931 4303 1064 4381 minuta,
1077 4306 1148 4385 plus
1164 4304 1234 4365 aliis

487 4404 639 4468 asseritur
659 4403 821 4467 obtulisse.
843 4402 994 4475 Quamvis
1019 4422 1094 4483 ergo
1118 4401 1235 4465 oblatio

487 4506 558 4582 ista,
587 4510 741 4585 quantum
774 4509 822 4563 est
854 4520 891 4563 ex
924 4520 981 4562 sua
1016 4502 1235 4583 magnitudine

486 4612 519 4666 et
542 4603 668 4679 virtute,
695 4600 737 4663 sit
765 4600 803 4662 ad
832 4598 1092 4662 satisfaciendum
1122 4599 1236 4662 idonea

486 4720 544 4783 pro
572 4700 659 4763 omni
689 4698 783 4780 culpa
811 4705 842 4760 et
871 4716 966 4779 poena
993 4699 1081 4776 (uam
1110 4705 1141 4759 et
1173 4697 1236 4760 alia

487 4806 685 4862 sacramenta
709 4817 746 4858 ex
771 4795 832 4858 isto
855 4815 944 4857 suam
968 4794 1149 4858 efficaciam
1173 4814 1238 4858 sor·

488 4898 634 4973 tiuntur),
654 4903 794 4957 attamen
814 4892 1010 4955 satisfactiva
1028 4901 1076 4955 est
1096 4913 1152 4976 pro
1172 4892 1237 4955 illis

489 5015 546 5077 pro
570 4993 687 5075 quihus
709 4991 845 5055 offertur
868 4999 962 5073 alque
988 5010 1044 5074 pro
1073 4991 1238 5055 offerenti-

489 5094 560 5170 bus,
583 5092 759 5155 secuudum
784 5090 993 5171 quantitatem
1019 5090 1238 5172 dispositionis

489 5202 521 5256 ct
541 5189 719 5254 devotionis
741 5207 862 5266 eorum,
885 5207 949 5251 non
971 5189 1146 5251 secundum
1167 5207 1239 5272 pro-

489 5291 567 5374 priae
588 5288 745 5353 efficacia
764 5286 984 5368 quantitatem.

1290 4316 1322 4369 et
1336 4305 1555 4368 remissionem
1571 4304 1692 4387 peccati
1708 4303 1857 4385 perficiet
1866 4324 1901 4366 ac
1915 4297 2011 4381 aliquid

1291 4424 1393 4488 poenaa
1421 4403 1587 4466 diminuet.
1615 4403 1743 4482 Verum,
1770 4410 1805 4464 ut
1829 4403 1941 4465 dictum
1966 4404 2078 4471 aalma:

1291 4502 1507 4565 celebraturus
1543 4500 1594 4563 vel
1629 4500 1927 4577 communicaturus
1955 4504 2011 4559 ante

1292 4600 1480 4663 sacramenti
1510 4599 1607 4681 hujus
1643 4598 1879 4680 susceptionem
1912 4603 2013 4659 tenetur

1292 4699 1521 4763 conscientiam
1549 4697 1655 4760 debite
1685 4696 1876 4761 examinare.
1903 4694 2011 4759 Idcirco.

1293 4798 1319 4861 si
1335 4798 1406 4879 quis
1421 4816 1458 4859 ex
1480 4795 1604 4858 incuria
1625 4815 1661 4858 ac
1684 4790 2014 4878 superficialitateolli-

1292 4896 1467 4959 visceretur
1482 4894 1621 4975 aliquam
1643 4894 1769 4975 culpam
1790 4892 1932 4959 confiteri
1950 4906 2014 4953 mor·

1293 4995 1400 5074 talem,
1430 5012 1496 5057 non
1525 5000 1773 5073 consequeretur
1801 4992 1900 5075 ipsius
1926 4988 2014 5052 remis·

1294 5092 1428 5169 sionem,
1458 5109 1624 5173 quousque
1654 5089 1800 5154 faciendo
1833 5090 1914 5171 quod
1939 5088 1967 5149 iu
1989 5102 2013 5145 sa

1294 5198 1353 5270 est,
1380 5209 1487 5252 veram
1516 5190 1648 5253 haberet
1675 5190 1714 5252 do
1742 5208 1779 5251 ea
1805 5188 2012 5257 contritionem,

1296 5287 1346 5351 vel
1375 5286 1408 5350 in
1436 5286 1577 5369 generali
1602 5288 1641 5351 ad
1671 5286 1788 5367 minus,
1814 5294 1868 5349 aut
1894 5279 2013 5349 cerleio
