4309 6259
469 458 508 505 nn
528 459 618 506 noma
638 459 772 507 seranus
793 458 912 516 sanan,
934 460 1108 507 rnncrnrns
1130 460 1160 507 n.
1184 480 1224 490 -
1244 460 1315 506 nar.
1338 460 1413 507 xvur
1655 444 1710 509 ftll

927 630 1712 713 <t

176 846 331 912 Quomodo
359 844 448 903 dicat
472 848 643 918 Apostolus
665 864 677 903 .·
701 846 781 907 ,von
808 848 913 903 aqum
967 827 1054 890 omni
1077 827 1234 909 sapientia
1256 836 1286 889 et
1310 828 1472 890 intellectu
1495 828 1664 909 spirituali,
1682 836 1716 889 ut

210 951 320 1008 sapere
338 954 352 1000 ,·
381 942 424 999 er,
457 935 532 994 Non
560 937 639 1008 plus
670 952 783 1009 sapere
815 954 912 1011 quam
967 925 1716 1009 anibuletisdigneDoo‚peromuiacrescentes

210 1030 340 1097 oportet.
969 1022 1002 1083 in
1024 1022 1158 1084 scientia
1181 1022 1247 1085 Dei.

1007 1120 1148 1201 Insuper,
1177 1120 1202 1181 si
1229 1122 1305 1183 ordo
1329 1140 1364 1183 ac
1390 1122 1503 1183 modus
1528 1121 1715 1184 introducta

236 1215 369 1278 naurs
384 1215 623 1291 advertendum,
636 1216 711 1297 quia
726 1217 758 1277 in
774 1236 813 1279 eo
828 1218 912 1296 quod
968 1217 1195 1279 exhortationis
1214 1218 1355 1299 Apostoli
1376 1237 1438 1298 qua
1457 1219 1512 1297 ait,
1529 1217 1597 1282 Noli
1617 1219 1715 1280 altum

249 1334 308 1396 per
321 1333 355 1376 se
369 1314 489 1376 bonum
504 1315 677 1388 est‚nullus
692 1315 812 1377 directe
827 1335 914 1377 exce
968 1335 1091 1395 sapere,
1122 1315 1280 1377 subtiliter
1309 1316 1564 1398 perpendantur3
1595 1316 1716 1398 patebit

171 1414 241 1474 dere
260 1420 363 1496 potest
389 1437 396 1473 :
424 1412 501 1491 imo,
522 1432 585 1494 quo
604 1415 703 1475 virtus
728 1413 823 1475 altius
847 1434 914 1477 cre·
968 1412 1118 1493 quoniam
1134 1412 1193 1477 boc
1210 1414 1293 1495 quod
1310 1414 1363 1494 ait,
1381 1414 1448 1478 Noli
1470 1416 1569 1477 altum
1592 1434 1714 1495 sapere,
1733 1439 1863 1489 nemauso.

171 1512 237 1580 scit,
254 1518 341 1573 tanto
360 1512 560 1592 prestantior
580 1520 691 1573 exstat.
707 1512 914 1586 Quemadmo-
969 1512 1023 1573 sed
1043 1512 1194 1583 timasio
1215 1512 1381 1575 verissime
1407 1513 1628 1591 intelligatur:
1646 1512 1715 1575 Noli

170 1610 240 1669 dum
261 1608 359 1690 igitur
377 1610 475 1670 Deum
500 1609 634 1691 diligere
659 1629 753 1671 uerno
777 1610 912 1672 nimium
969 1609 1066 1672 altum
1093 1628 1215 1691 sapere,
1242 1609 1274 1670 id
1297 1618 1356 1687 est,
1378 1610 1442 1673 noli
1467 1618 1497 1673 te
1522 1611 1626 1692 ipsum
1652 1630 1718 1673 nra-

170 1715 279 1787 potest,
296 1707 353 1769 sed
374 1725 437 1787 quo
456 1726 529 1769 curn
549 1707 724 1770 ferventius
743 1708 860 1789 diligit,
876 1726 914 1770 eo
969 1726 1066 1787 gnum
1093 1708 1142 1768 rel
1168 1715 1310 1769 sanctum
1337 1717 1493 1789 reputare,
1520 1716 1573 1769 aut
1597 1708 1716 1789 aliquid

169 1804 278 1867 melior
292 1806 493 1885 sanctiorque
508 1805 671 1881 efficitur3
688 1806 734 1869 sio
751 1807 858 1867 nullus
881 1807 913 1867 in
931 1802 954 1863 B
970 1804 1032 1867 tuis
1048 1804 1169 1867 viribus
1185 1806 1462 1869 adscriberellinc
1479 1826 1616 1887 namque
1631 1807 1717 1888 adje-

167 1912 250 1965 recto
273 1902 457 1966 divinorum
479 1902 614 1983 judicio,
635 1922 782 1967 amoroso
806 1913 912 1984 gustu,
970 1904 1011 1965 rit
1030 1903 1086 1965 :Si
1106 1903 1192 1965 enim
1212 1904 1293 1965 Deus
1314 1904 1511 1967 naturalibus
1531 1904 1627 1967 ramis
1652 1926 1715 1969 non
1732 1922 1789 1966 trra.
1805 1926 1839 1966 ar.

168 2000 344 2082 sapientiali
369 2019 493 2081 sapore,
518 2002 669 2064 excedere
695 2001 788 2080 valet,
814 2020 913 2081 quum
969 2001 1123 2083 pepercit,
1141 2001 1275 2064 neforto
1291 2022 1349 2063 nec
1365 2002 1421 2064 tibi
1443 2010 1561 2084 parcat.
1578 2004 1713 2068 Romani

166 2099 271 2161 omnia
297 2098 357 2161 ista
376 2099 594 2161 sinteffectus
617 2100 726 2181 gratia
752 2099 912 2172 Deilrno,
969 2098 1139 2178 siquidem,
1170 2106 1248 2160 teste
1281 2099 1483 2181 Hieronymo,
1513 2101 1591 2162 adeo
1620 2102 1714 2163 rudes

167 2206 320 2279 quantum
342 2198 374 2258 in
394 2197 443 2259 bis
466 2198 627 2280 copiosior
646 2198 719 2279 quis
739 2198 912 2275 invenitur,
969 2205 1069 2268 erant,
1093 2206 1127 2258 ut
1151 2216 1184 2261 se
1209 2197 1345 2279 propriis
1371 2198 1503 2277 viribus,
1530 2218 1592 2262 non
1615 2200 1716 2281 gratia

168 2316 205 2357 eo
231 2295 375 2358 divinior
402 2296 462 2357 rite
491 2305 649 2358 censetur.
678 2296 837 2379 Scriptum
866 2303 914 2357 est
969 2295 1035 2369 Dei,
1052 2304 1180 2359 rocetos
1208 2304 1365 2377 putarent.
1382 2296 1416 2357 ln
1441 2316 1479 2359 eo
1504 2306 1609 2359 autem
1633 2298 1716 2378 quod

41 2416 109 2458 aaa
110 2394 278 2460 necuim:
297 2394 425 2456 Gustata
450 2402 479 2455 et
502 2394 607 2456 videte
632 2395 781 2475 quoniam
806 2394 913 2457 suavis
969 2394 1024 2470 ait,
1034 2392 1102 2455 bon
1118 2393 1190 2474 plus
1205 2414 1316 2477 sapere
1332 2414 1426 2476 quam
1442 2402 1575 2475 oportet
1589 2414 1652 2457 non
1668 2404 1716 2458 est
1731 2414 1833 2467 ιιιιιι
1843 2418 1863 2459 a.

41 2515 135 2558 ream
136 2501 215 2567 „est
237 2492 413 2568 Dominus;
428 2501 459 2555 et
483 2492 626 2555 iterum:
648 2494 705 2568 oni
730 2495 828 2557 edunt
849 2514 911 2572 me,
969 2512 1100 2553 necesse
1115 2511 1271 2575 exponere
1294 2492 1325 2554 id
1347 2493 1431 2575 quod
1446 2492 1501 2571 art
1518 2512 1639 2575 sapere,
1658 2512 1716 2575 pro

166 2592 268 2653 adbuc
290 2591 443 2668 esurient,
459 2599 491 2652 et
513 2590 568 2671 qui
592 2590 707 2653 bibunt
731 2612 794 2664 me,
809 2591 912 2653 adhuc
970 2589 1198 2671 sapientialiter
1213 2608 1268 2651 seu
1283 2608 1431 2672 saporose
1454 2590 1643 2671 intelligere,
1659 2592 1714 2654 sed

166 2689 284 2752 sitient
313 2689 459 2751 'lestante
487 2708 612 2770 quoque
637 2688 819 2770 Gregorio:
846 2688 913 2763 Ouo
969 2707 1026 2769 pro
1050 2707 1250 2770 quacumque
1274 2687 1461 2751 difficilium
1492 2689 1713 2770 mysteriorum

164 2785 348 2866 spirituales
384 2786 507 2847 deliciae
544 2785 682 2866 amplius
720 2786 911 2864 sentiuntur,
969 2786 1161 2849 scrutatione
1179 2811 1185 2847 :
1202 2806 1271 2867 quae
1286 2787 1395 2866 utique
1415 2788 1563 2849 omnibus
1585 2786 1715 2850 indiffe-

164 2902 200 2945 eo
234 2883 400 2945 ardentius
435 2884 665 2946 desiderantur.
701 2885 802 2959 Quum
837 2904 912 2965 ergo
967 2893 1151 2948 renternon
1167 2885 1302 2967 expedit,
1320 2886 1374 2947 sed
1391 2884 1509 2966 hisqui
1525 2886 1713 2950 exercitatos
1730 2906 1861 2959 natanti.

34 3005 150 3054 ιιιιιει,
163 2982 202 3043 sit
227 2982 283 3059 ita,
300 2982 377 3064 quid
402 2990 451 3045 est
472 2982 557 3063 quod
581 2982 626 3043 ait
643 2982 824 3065 Apostolus,
841 2982 910 3046 Noli
926 2983 948 3045 G
967 2982 1083 3045 babent
1100 3002 1221 3061 sensus,
1239 2982 1293 3064 qui
1316 2982 1454 3045 solidum
1476 2984 1595 3062 cibum,
1613 2984 1644 3046 id
1666 2993 1714 3047 est

35 3080 261 3154 ilerdaenum
288 3100 412 3162 sapere,
439 3082 494 3143 sed
520 3080 618 3156 time;
643 3090 674 3143 et
699 3100 819 3159 rursus,
843 3081 910 3144 Non
968 3079 1157 3163 profundam
1180 3082 1382 3161 sapientiam,
1398 3100 1511 3164 capere
1534 3092 1676 3164 possunt.

161 3180 232 3260 plus
252 3198 476 3261 superaquam
491 3188 626 3261 oportet,
643 3180 733 3261 quasi
756 3199 850 3244 nemo
871 3182 909 3243 ud
1006 3180 1229 3241 Verumtamen
1245 3179 1348 3242 adhuc
1363 3180 1503 3243 occurrit
1521 3182 1605 3261 quod
1627 3182 1714 3245 diffi-

161 3277 349 3358 preadictam
365 3276 530 3357 sapientiae
550 3276 778 3358 perfectionem
797 3278 911 3341 debeat
967 3278 1115 3340 caritatem
1132 3278 1213 3339 hanc
1229 3286 1332 3359 auget.
1350 3278 1426 3340 Nam
1444 3279 1474 3340 in
1492 3278 1714 3342 Ecclesiastico

158 3376 370 3457 conspiraret
966 3376 1102 3437 dicitur:
1118 3376 1237 3438 Altiora
1252 3384 1281 3439 te
1297 3396 1336 3437 ne
1350 3376 1525 3456 quaesieris
1538 3385 1569 3439 et
1584 3376 1715 3439 fortiora
1742 3400 1814 3443 cau:
1831 3416 1860 3454 ιιι,

197 3476 259 3536 Sed
276 3475 345 3536 lraec
361 3473 500 3536 faciliter
513 3474 723 3553 solvuntur,si
739 3494 909 3556 pensemus
966 3484 996 3535 te
1021 3494 1061 3536 ne
1081 3481 1237 3535 scrutatus
1258 3474 1356 3536 fueris
1374 3498 1381 3536 :
1398 3492 1462 3537 non
1482 3484 1531 3537 est
1549 3476 1633 3537 enim
1654 3474 1712 3537 tibi
1728 3466 1762 3515 ²²·
1778 3467 1812 3507 2³·

156 3572 277 3653 quibus
292 3580 325 3635 et
338 3573 486 3653 qualibus
501 3592 539 3635 ea
552 3573 680 3635 scribat.
695 3573 808 3635 Ductor
822 3574 908 3635 enirn
965 3592 1107 3651 necesse,
1132 3592 1169 3633 ea
1193 3590 1262 3653 qua
1286 3572 1471 3634 abscondita
1495 3581 1579 3649 sunt,
1607 3573 1713 3635 videre

156 3678 187 3731 et
203 3670 397 3752 predicator
411 3660 669 3751 unumquemque
685 3672 842 3734 instruere
856 3674 909 3734 de·
964 3671 1067 3733 oculis
1087 3670 1159 3732 tuis,
1177 3670 1239 3731 Sed
1261 3670 1292 3729 in
1316 3671 1385 3732 ιιοιι
1402 3670 1446 3731 nil
1474 3670 1565 3733 nobis
1591 3678 1714 3733 vetatur

155 3767 209 3830 bet
235 3768 416 3831 secundum
436 3768 521 3849 quod
541 3786 639 3849 capax
658 3777 690 3830 et
708 3769 824 3850 dignus
848 3778 906 3831 est.
965 3770 1026 3831 nisi
1053 3778 1087 3830 ιιι
1110 3768 1221 3831 divina
1246 3776 1368 3829 secreta
1391 3786 1455 3831 non
1484 3788 1713 3849 praesumamus

156 3867 295 3929 Romani
316 3886 403 3943 vero,
420 3867 536 3947 quibus
556 3868 724 3949 Apostolus
749 3868 809 3929 ista
833 3869 910 3930 sori·
965 3866 1144 3930 inordinate
1173 3866 1318 3945 scrutari,
1349 3866 1636 3929 considerationem
1666 3867 1715 3929 ni-

155 3966 232 4048 psit‚
255 3965 502 4048 praesumptuosi
524 3974 615 4028 eraut
634 3973 727 4047 atque
747 3967 873 4047 superbi
900 3990 907 4029 :
965 3967 1064 4029 mium
1090 3964 1322 4048 profundando,
1348 3973 1402 4027 aut
1426 3966 1591 4047 proprium
1620 3966 1713 4029 intel-

156 4074 331 4147 propterea
359 4064 527 4128 coercendi
563 4072 653 4126 erant
681 4084 700 4126 a
726 4064 909 4128 divinorum
966 4066 1083 4127 lectum
1104 4064 1275 4145 sequendo,
1292 4062 1341 4125 vel
1362 4071 1470 4127 nostro
1491 4064 1618 4145 ingenio
1640 4084 1715 4127 eon-

154 4164 319 4226 scrutinio
343 4171 548 4240 secretorum,
564 4165 665 4225 donce
687 4162 773 4225 ritiis
798 4184 911 4246 expur-
925 4165 950 4226 D
966 4161 1107 4225 fidendo.

154 4262 238 4342 gatis
253 4281 295 4325 ae
311 4280 386 4323 vera
400 4261 579 4323 humilitate
593 4262 719 4342 adepta,
732 4262 770 4324 ad
787 4263 911 4343 sapien·
1004 4261 1115 4323 Adhuc
1140 4268 1245 4321 antem
1271 4260 1395 4322 videtur
1424 4259 1583 4341 predictis
1612 4261 1713 4325 disso-

33 4384 139 4432 ιςιιιι,
154 4361 232 4421 tiam
251 4358 344 4421 illam
359 4359 520 4421 coelestem
535 4378 630 4439 qnam
650 4360 734 4421 inter
751 4360 910 4442 perfectos
965 4378 1041 4420 num
1058 4358 1224 4439 essequod
1239 4357 1283 4419 ait
1299 4358 1477 4439 Scriptura:
1492 4356 1561 4420 Noli
1576 4359 1711 4421 multum
1738 4388 1856 4444 ewam,

154 4458 351 4537 loquebatur
369 4458 547 4538 Apostolus,
565 4458 772 4520 redderentur
790 4458 907 4521 idonei.
963 4458 1068 4538 justus
1092 4476 1171 4517 esse.
1198 4456 1235 4517 Et
1259 4456 1526 4537 respondendum,
1550 4457 1611 4519 hoc
1641 4456 1711 4519 ideo
1727 4455 1759 4495 ¹⁷⁴

151 4556 235 4617 llinc
273 4572 393 4635 nempe
426 4555 597 4617 Corinthiis
624 4557 727 4619 adbuc
756 4556 909 4635 infirmis,
965 4555 1085 4617 dictum
1105 4572 1144 4615 ne
1161 4552 1192 4614 in
1209 4553 1286 4634 ipsis
1307 4554 1477 4632 exercitiis,
1493 4553 1713 4619 sive-inferio

33 4677 136 4731 ιιι,,ι.,3,
151 4673 235 4735 quos
252 4653 426 4733 increpans
440 4652 520 4714 dixit
536 4676 544 4713 ι
560 4654 661 4727 Quum
684 4654 726 4716 sit
748 4655 831 4717 inter
852 4674 909 4717 vos
966 4654 1052 4715 ribus
1074 4652 1142 4713 sire
1162 4651 1382 4729 exterioribus,
1398 4671 1467 4733 quaa
1491 4652 1529 4713 ad
1554 4652 1709 4733 justitiam

149 4754 241 4814 zelus
256 4758 292 4813 et
308 4750 482 4827 contentio,
498 4768 605 4813 noune
620 4752 763 4814 carnales
778 4752 865 4829 estis,
878 4760 910 4815 et
964 4750 1375 4827 ordinantur,immoderate
1388 4769 1596 4831 occupemur;
1606 4770 1712 4831 quam-

150 4850 338 4913 secundum
366 4848 528 4911 bominem
556 4850 749 4911 ambulatisf
772 4850 835 4927 bis,
862 4850 910 4911 in·
965 4850 1013 4910 ris
1043 4848 1143 4930 ipsius
1169 4848 1299 4929 justitiae
1326 4848 1554 4928 plenitudinem
1579 4850 1712 4929 amplio-

32 4973 65 5014 ιι,
79 4986 99 5024 ι,
114 4978 136 5017 2,
149 4969 265 5030 quam,
284 4957 350 5009 tarn
371 4946 579 5029 imperfectis,
595 4948 672 5028 quid
692 4948 825 5010 scribitl
840 4949 908 5012 Non
965 4968 1031 5009 rem
1052 4967 1178 5028 semper
1195 4947 1368 5009 debeamus
1387 4956 1507 5027 optare,
1524 4948 1611 5027 juxta
1632 4948 1709 5011 illud

147 5047 304 5130 judicavi
320 5055 425 5108 autern
441 5046 726 5126 maaliquidscire
742 5048 907 5125 intervos,
965 5046 1106 5128 Apostoli
1130 5070 1137 5106 ι
1158 5046 1230 5119 Qum
1254 5053 1337 5106 retro
1363 5053 1436 5106 sunt
1459 5045 1662 5124 obliviscens,
1679 5054 1857 5119 etetoppm,

148 5148 214 5208 nisi
232 5147 347 5209 Jesum
362 5144 533 5223 Christum,
549 5153 580 5207 et
600 5145 684 5207 bunc
705 5144 906 5209 crucifixum.
965 5146 1004 5209 ad
1025 5144 1184 5207 anteriora
1205 5142 1376 5205 extendens
1399 5162 1449 5205 me
1472 5144 1587 5225 ipsum.
1604 5142 1709 5208 Nihilo
1726 5130 1758 5170 ¹³·

148 5246 242 5311 Unde
258 5243 502 5307 Colossensibus
516 5243 633 5306 divinae
649 5243 909 5325 contemplationi
967 5244 1073 5307 minus
1099 5241 1285 5305 rationabile
1310 5260 1379 5303 esse
1403 5240 1497 5303 debet
1520 5240 1709 5323 obsequium
1724 5260 1853 5321 nonar.
