4309 6259
532 512 571 557 na
592 509 682 557 nouis
704 510 838 556 seranus
859 508 977 567 saecri,
999 508 1174 556 reimarus
1195 511 1214 555 ι.
1237 509 1407 559 —xnnx
1684 490 1742 555 lot

192 679 338 763 Septimo
353 688 464 743 contra
479 680 722 763 luxuriamque
738 680 841 744 visum
856 698 944 743 men·
959 679 984 741 l
999 682 1198 762 exsequenda
1215 682 1367 745 virtutum
1387 680 1509 745 ollicia.
1528 682 1640 743 Timor
1657 679 1742 742 enim

193 780 293 843 talem
316 798 447 862 prorsus
470 788 617 857 excaecat,
642 780 676 841 in
702 787 823 841 tentum
848 786 883 840 ut
912 778 943 839 in
998 781 1125 861 expedit
1139 780 1179 843 ad
1193 780 1447 864 temperantiam,
1459 780 1548 862 juxta
1562 779 1653 857 illud,
1666 778 1746 842 Gon·
1768 801 1890 851 emm.

194 877 269 960 ipso
283 886 356 941 actu
371 896 509 941 venereo
523 897 587 941 non
602 877 644 939 sit
659 877 812 959 possibile
827 876 872 940 uti
888 876 946 939 ali·
998 877 1064 959 lige
1092 878 1205 942 timore
1235 888 1288 942 tuo
1312 898 1424 941 carnes
1448 898 1554 957 meus3
1575 880 1683 955 pietas
1705 876 1744 938 ad
1760 866 1805 907 ¹²⁰·

193 995 261 1057 quo
282 984 354 1037 actu
376 975 474 1057 partis
497 975 710 1053 intellectiva,
735 974 778 1038 ita
799 974 945 1038 absorbet
998 976 1167 1057 justitiam,
1187 978 1263 1059 quia
1285 997 1343 1059 per
1360 997 1430 1040 eam
1451 976 1498 1039 sic
1519 976 1653 1040 iacimus
1674 994 1747 1058 pro

195 1074 367 1137 delectatio
383 1073 437 1136 illa
458 1074 595 1137 carnalis
617 1082 722 1135 actum
738 1072 881 1149 rationis,
898 1091 946 1134 se·
1000 1075 1086 1137 ximo
1100 1075 1368 1155 quemadmodum
1389 1074 1482 1138 nobis
1497 1074 1570 1136 lieri
1586 1074 1746 1156 cupimus,

195 1171 338 1234 cundum
352 1170 864 1251 Augustinum.Unde,sccundum
876 1170 946 1231 llie
1001 1173 1122 1255 inquo
1151 1173 1244 1236 nobis
1269 1173 1401 1254 justitie
1429 1192 1553 1237 summa
1580 1172 1748 1249 consistit3

196 1288 379 1351 ronymunr‚
405 1268 537 1349 spiritus
561 1268 734 1351 prophetie
757 1269 852 1332 corde
875 1267 947 1329 Pro
1001 1273 1138 1333 scientia
1153 1272 1193 1333 ad
1215 1270 1429 1352 prudentiam,
1445 1271 1567 1352 indiget
1586 1271 1672 1333 enim
1688 1269 1751 1334 vir-

196 1368 367 1449 pbetarum
397 1368 430 1429 in
459 1368 513 1429 tali
545 1375 617 1431 actu
646 1387 710 1431 non
738 1368 851 1449 tetigit.
881 1368 946 1430 Hoc
1000 1379 1052 1433 tus
1068 1370 1246 1453 prudentie
1267 1369 1381 1451 perlici
1397 1371 1482 1433 dono
1503 1369 1667 1447 scientiae3
1682 1371 1752 1445 for-

197 1476 306 1529 autem
339 1465 379 1528 lit
412 1485 468 1547 per
496 1468 665 1543 sapientie
693 1467 824 1544 donum,
854 1466 947 1546 cujus
1003 1471 1110 1529 titudo
1124 1469 1164 1531 ad
1178 1467 1628 1550 patientiam300nsittumad
1644 1486 1751 1550 spem3

199 1564 396 1629 illuminatio
410 1572 497 1627 tanta
512 1573 560 1627 est
574 1572 608 1627 ut
622 1566 704 1628 banc
726 1564 842 1628 mentis
858 1564 948 1627 cceci-
1003 1568 1187 1626 intellectus
1201 1567 1241 1629 ad
1256 1565 1366 1643 iidem,
1377 1566 1571 1647 penetrando
1585 1584 1656 1646 quae
1672 1565 1750 1627 lidei

200 1671 297 1725 tatem
321 1663 480 1745 expellere
504 1671 558 1725 aut
582 1672 665 1727 certe
690 1664 847 1727 moderari
871 1682 948 1747 prm-
1003 1672 1098 1742 sunt;
1123 1666 1286 1741 sapientia
1311 1682 1386 1727 vero
1407 1664 1446 1726 ad
1471 1664 1635 1727 caritatem
1662 1687 1670 1726 ι
1695 1682 1752 1745 per

198 1762 314 1825 valeat.
1003 1763 1063 1827 boc
1083 1762 1170 1825 enim
1191 1764 1275 1843 quod
1299 1770 1426 1844 gustum
1449 1762 1579 1826 Deitatis
1603 1762 1750 1842 includit,

242 1860 336 1923 Porro
352 1859 447 1922 aliam
462 1878 590 1923 causam
612 1860 754 1942 assignat
765 1860 819 1922 bic
834 1860 949 1923 Ductor
966 1858 1042 1924 Bad
1068 1860 1123 1923 Dei
1148 1878 1288 1923 amorem
1317 1860 1522 1923 vehementer
1544 1880 1581 1924 ac
1605 1866 1751 1941 prompte

198 1958 407 2021 sullicientiae
422 1958 577 2021 donorum
593 1958 728 2041 Spiritus
743 1958 861 2035 Sancti,
878 1975 950 2040 pro-
1005 1966 1145 2021 mentem
1169 1959 1358 2021 inflammet.
1374 1959 1462 2021 Unde
1483 1959 1750 2040 quemadmodum

199 2064 273 2139 pter
295 2056 507 2138 expediendas
530 2056 689 2119 naturales
713 2057 828 2119 animae
850 2056 948 2119 vires·
1004 2058 1120 2120 caritas
1135 2066 1237 2119 mater
1256 2066 1304 2119 est
1324 2066 1357 2119 et
1378 2057 1610 2120 consummatio
1624 2056 1752 2120 univer·

200 2156 259 2216 l'is
278 2154 363 2217 enim
384 2174 439 2216 sco
459 2154 617 2238 appetitus
640 2154 809 2217 irascibilis
830 2154 951 2234 indiget
1005 2174 1111 2217 sarum
1140 2155 1306 2234 virtutum,
1332 2156 1378 2219 sic
1407 2154 1564 2237 sapientia
1586 2163 1687 2218 mater
1714 2172 1751 2217 ac

200 2252 344 2334 expedivi
369 2252 408 2315 ad
434 2254 517 2316 bona
539 2253 573 2314 in
597 2252 758 2335 prosperis
786 2272 826 2315 ne
854 2252 951 2314 extol·
1005 2252 1083 2316 linis
1104 2261 1152 2315 est
1174 2261 1360 2317 cunctorum
1384 2254 1553 2330 donorum,
1576 2253 1751 2315 secundum

202 2352 299 2429 latur,
316 2352 399 2433 quod
414 2351 518 2413 ellicit
533 2354 632 2413 timor
640 2374 654 2421 ,·
669 2351 701 2413 in
718 2350 859 2413 adversis
874 2369 951 2431 quo-
1005 2352 1090 2434 quod
1104 2352 1143 2414 de
1163 2370 1200 2413 ca
1219 2370 1276 2433 per
1296 2352 1471 2433 sapientem
1486 2351 1656 2432 quemdam
1675 2350 1753 2413 scri-

202 2470 267 2532 que
282 2469 322 2512 ne
337 2450 516 2531 dejiciatur,
533 2450 587 2512 sed
611 2450 778 2531 utrobique
794 2449 880 2530 regia
899 2448 951 2511 via
1007 2457 1097 2531 ptum
1112 2449 1334 2531 cognoscimus
1351 2473 1358 2510 :
1375 2450 1537 2512 Venerunt
1550 2448 1629 2511 mibi
1645 2447 1754 2511 omnia
1767 2472 1899 2528 samu.

204 2549 362 2611 incedat:
389 2548 473 2629 quod
495 2546 599 2610 ellicit
621 2550 798 2626 fortitudo,
823 2566 892 2629 qum
918 2547 950 2608 in
1008 2547 1092 2611 bona
1119 2548 1238 2629 pariter
1265 2567 1338 2610 cum
1363 2548 1429 2625 illa,
1454 2556 1486 2609 ct
1510 2546 1754 2610 innumerabilis

204 2647 348 2710 adversis
377 2646 550 2728 presertim
575 2646 721 2727 exigitur.
747 2646 790 2708 De
819 2664 881 2727 qua
908 2644 953 2707 ait
1008 2644 1158 2709 honestas
1173 2664 1230 2726 per
1244 2664 1357 2707 manus
1372 2644 1470 2707 illius.

60 2786 83 2813 a.
142 2782 188 2817 m,
205 2745 369 2826 Scriptura
386 2768 393 2805 :
410 2746 491 2807 Dens
507 2744 601 2807 lsrael
618 2744 685 2826 ipse
700 2744 787 2806 dabit
802 2744 952 2805 virtutem
1049 2743 1206 2825 Amplius,
1236 2750 1358 2823 septem
1387 2753 1548 2825 ponuntur
1575 2743 1658 2805 dona
1686 2741 1755 2823 Spi-

205 2852 238 2906 ct
273 2842 492 2907 fortitudinem
520 2841 606 2924 plebi
636 2862 709 2905 suec.
741 2842 794 2903 l'is
823 2842 954 2923 insuper
1009 2839 1087 2901 ritus
1102 2840 1206 2902 Sancti
1230 2840 1269 2901 ad
1291 2840 1531 2920 expediendam,
1548 2839 1579 2901 id
1598 2848 1647 2901 est
1662 2858 1756 2921 expe·

205 2939 469 3022 concupiscibilis
485 2939 605 3020 indiget
625 2939 767 3021 expediri
789 2948 853 3003 tam
869 2940 954 3003 circa
1008 2937 1072 3001 dito
1098 2936 1342 3019 perficiendam,
1369 2938 1555 3001 rationalem
1578 2944 1754 2999 creaturam

204 3037 358 3101 allectum
374 3036 953 3120 proximi,quodellicitpietoa,quam
972 3038 1039 3102 Cin
1068 3037 1202 3118 agendo.
1232 3035 1353 3117 ludiget
1381 3036 1465 3098 enim
1492 3036 1589 3099 bomo
1616 3034 1756 3117 expediri

204 3136 274 3213 Dei,
299 3136 383 3217 quod
408 3134 511 3198 ellicit
534 3137 708 3212 sapientia,
735 3154 804 3216 quae
827 3143 953 3215 gustum
1008 3144 1163 3219 quatenus
1187 3134 1325 3196 declinet
1347 3154 1366 3196 a
1391 3134 1486 3211 male,
1508 3135 1590 3215 quod
1612 3132 1650 3195 lit
1671 3134 1756 3196 dono

204 3234 389 3297 divinorum
412 3234 557 3296 includit.
584 3233 637 3295 t'is
661 3242 765 3295 autem
793 3234 954 3296 rationalis
1010 3235 1162 3300 timoris;
1183 3239 1214 3292 et
1236 3237 1271 3291 ut
1291 3230 1437 3312 proficiat
1462 3229 1495 3291 in
1516 3230 1610 3293 bono.
1634 3228 1756 3293 Bonum

206 3332 330 3414 indiget
360 3332 500 3413 expediri
533 3331 566 3392 iu
595 3330 737 3394 veritatis
768 3330 956 3412 speculatio-
1009 3338 1115 3391 autem
1138 3336 1186 3390 est
1208 3328 1335 3409 duplex,
1358 3326 1756 3403 videlicet:necessitatis,

206 3450 260 3507 ne,
283 3431 365 3512 quod
388 3429 491 3491 eflicit
513 3432 717 3498 intellectus,-
733 3429 764 3490 in
787 3429 955 3492 meliorum
1009 3428 1048 3490 ad
1064 3428 1148 3509 quod
1164 3434 1308 3508 spectant
1322 3434 1495 3507 precepta3
1508 3434 1539 3488 et
1553 3444 1760 3507 supereroga-

206 3530 364 3593 bonorum
379 3527 545 3603 electione,
562 3527 646 3608 quod
668 3526 745 3589 lacit
759 3531 957 3597 consitium,-
1010 3527 1117 3603 tionis,
1139 3526 1178 3588 ad
1200 3524 1284 3606 qnod
1306 3524 1492 3585 ordinantur
1512 3524 1653 3586 consilia.
1671 3523 1759 3586 Circa

208 3635 303 3708 atque
320 3627 352 3687 in
374 3625 447 3689 boni
472 3624 685 3701 exsecutione,
701 3625 785 3707 quod
808 3624 884 3688 lacit
898 3628 956 3685 sci·
1010 3624 1129 3687 bonum
1145 3622 1341 3684 necessitatis
1354 3622 1539 3703 expedimur
1550 3641 1606 3683 seu
1621 3621 1758 3703 expediti

72 3758 78 3781 ι
96 3742 105 3779 ι’
144 3770 152 3783 .
166 3750 193 3787 ιι,
208 3729 311 3795 entia,
328 3743 385 3806 per
399 3742 493 3804 quam
508 3722 709 3785 laudabiliter
731 3741 957 3786 conversamur
1010 3723 1042 3785 in
1058 3722 1180 3803 agendo
1201 3718 1363 3781 ellicimur
1384 3738 1440 3801 per
1454 3721 1623 3780 scientiam
1638 3728 1673 3781 ut
1686 3719 1760 3781 diri-

209 3823 243 3884 in
266 3822 371 3885 medio
394 3820 531 3883 nationis
552 3840 657 3902 pravae
679 3829 710 3883 ct
731 3839 896 3902 perversas.
917 3857 957 3867 -
1010 3828 1150 3901 gentem,
1166 3825 1261 3898 atquc
1283 3838 1340 3901 pcr
1357 3821 1512 3895 pietatem
1531 3824 1567 3879 ut
1588 3836 1759 3898 exsequen-

208 3922 296 3995 Quod
322 3929 427 3983 autem
454 3920 567 3981 [lector
595 3919 653 3980 iste
678 3920 717 3981 de
745 3920 777 3981 vi
804 3918 957 3981 irascibili
1012 3926 1086 3979 tem.
1108 3907 1339 3978 Circa'bonum
1361 3914 1646 3996 supererogationis
1667 3934 1760 3996 expe-

209 4028 241 4081 ct
257 4016 501 4099 concupiscibili
523 4016 612 4093 dicit,
629 4017 871 4098 intelligendum
895 4036 959 4080 nou
1011 4016 1117 4078 dimur
1144 4032 1201 4095 per
1228 4013 1347 4075 donum
1369 4015 1502 4073 consilii
1528 4012 1702 4094 dirigentis,
1728 4020 1760 4075 et

208 4116 346 4180 arbitror
360 4116 400 4178 de
416 4114 568 4177 irascibili
584 4122 614 4177 et
630 4115 872 4197 concupiscibili
888 4134 958 4195 qnae
1013 4134 1069 4197 per
1093 4114 1213 4175 donum
1234 4113 1448 4188 fortitudinis
1468 4112 1678 4193 exsequentis.
1701 4111 1760 4173 Ne

209 4224 285 4279 sunt
314 4215 437 4297 specics
461 4214 620 4296 appetitus
649 4213 793 4275 sensitivi
823 4233 859 4275 ac
889 4211 997 4276 sen-ll
1013 4231 1101 4274 cesse
1123 4229 1250 4292 quoque
1271 4209 1424 4271 babemus
1443 4210 1606 4291 quiescere
1626 4210 1659 4271 in
1680 4209 1760 4292 opti-

207 4314 312 4376 sitivec
336 4312 434 4395 partis
458 4312 605 4393 potentiae
627 4334 633 4373 :
655 4320 776 4373 certum
801 4320 848 4373 cst
872 4312 957 4374 enim
1013 4330 1065 4373 mo
1080 4318 1143 4371 tam
1159 4308 1392 4389 cognoscendo,
1409 4308 1493 4387 quod
1517 4307 1554 4370 lit
1569 4328 1625 4391 per
1638 4309 1757 4371 donum

208 4413 295 4495 quod
312 4410 468 4493 sapientia
482 4419 513 4472 et
529 4410 623 4473 timor
636 4429 673 4472 ac
696 4410 797 4491 pietas
813 4411 845 4471 in
860 4428 959 4491 quan·
1012 4412 1207 4476 intellectus,
1219 4426 1313 4487 quam
1329 4406 1535 4485 degustando,
1552 4407 1635 4487 quod
1650 4405 1688 4468 lit
1703 4425 1760 4487 per

208 4519 277 4573 tum
302 4510 383 4571 dona
405 4515 578 4589 ponuntur,
600 4525 661 4571 nou
684 4506 793 4586 utique
815 4506 847 4569 in
869 4516 957 4588 parte
1012 4508 1131 4570 donum
1146 4505 1324 4583 sapientiae.

209 4607 365 4671 sensitiva
389 4606 567 4686 subjacent,
590 4606 645 4666 sed
671 4604 875 4667 intellectiva.
901 4606 958 4668 Lo
1052 4604 1224 4679 Postremo,
1241 4610 1362 4683 septem
1378 4619 1508 4662 necesse
1530 4608 1577 4662 est
1592 4620 1661 4663 esse
1676 4602 1759 4664 dena

207 4705 320 4787 quitur
340 4723 415 4786 ergo
429 4708 478 4783 (ut
500 4706 583 4781 reor)
602 4704 641 4765 de
663 4702 905 4785 concupiscibili
927 4712 959 4765 et
1013 4702 1146 4784 Spiritus
1174 4700 1280 4762 Sancti
1308 4698 1347 4761 ad
1371 4698 1598 4780 expediendam
1621 4700 1759 4763 animam

208 4802 365 4867 irascibili
395 4810 487 4883 prout
521 4802 552 4863 in
586 4801 728 4883 appetitu
763 4800 957 4864 intellectivo
1012 4801 1044 4863 in
1067 4799 1322 4880 contemplando.
1346 4798 1392 4859 Ad
1414 4797 1512 4859 vitam
1533 4798 1619 4860 enim
1642 4799 1761 4861 hierar-

209 4900 415 4965 consistunt:
434 4898 956 4981 inquotamennonpropriesed
1013 4900 1135 4962 cbicam
1164 4906 1258 4979 atque
1291 4896 1579 4977 contemplativam,
1610 4905 1761 4979 opportu-

208 4996 427 5079 metapborice
443 5002 638 5076 sunt,neque
653 4995 779 5058 realiter
789 4996 955 5074 dilleruut,
1012 5017 1090 5059 num
1117 5004 1166 5059 est
1193 4995 1331 5057 animam
1360 4995 1499 5075 purgari,
1523 4994 1694 5056 illuminari
1722 5014 1759 5057 ac

208 5099 266 5161 sed
283 5096 405 5158 ratione
419 5095 590 5157 dumtaxat.
1013 5095 1084 5177 pers
1085 5094 1134 5156 ici.
1151 5094 1205 5155 Est
1219 5101 1325 5155 autem
1340 5092 1504 5173 purganda
1517 5111 1535 5152 a
1556 5099 1691 5171 quatuor
1705 5111 1759 5153 na-

250 5196 384 5276 lnsuper
398 5192 461 5255 alia
476 5191 596 5255 ratione
611 5212 679 5255 esse
698 5201 821 5274 oportet
836 5201 957 5276 septem
1013 5203 1090 5256 turae
1115 5191 1298 5254 vulneribus
1322 5198 1451 5273 propter
1473 5186 1623 5269 originale
1648 5208 1760 5271 pccca-

206 5297 306 5372 dona,
323 5290 474 5355 videlicet
487 5290 527 5353 ad
541 5290 737 5373 expedienda
750 5311 806 5355 seu
821 5292 959 5357 feciliter
1013 5300 1079 5355 tum
1095 5291 1244 5370 inductis,
1261 5289 1409 5353 videlicet
1425 5311 1432 5350 :
1448 5307 1467 5351 a
1486 5285 1757 5371 concupiscentia,
