4309 6259
315 499 355 546 ns
376 498 578 547 sicaauauro
598 500 728 547 aurams
748 500 786 547 ar
805 501 904 547 ursan
924 500 1152 547 unimammas
1173 500 1333 547 stanneus.
1356 518 1396 529 -
1416 499 1485 547 aar.
1509 500 1541 547 ur
1640 479 1700 545 395

164 670 362 754 personaliter
375 670 485 733 venire
499 671 539 733 ad
552 689 653 751 aegros
667 688 747 752 quos
761 670 902 752 suscepit
915 672 942 734 A
957 670 1074 753 poralis
1095 669 1280 734 refectionis
1305 670 1451 733 homines
1474 670 1506 732 in
1530 668 1701 733 dilectione

164 771 313 835 curandos
327 778 359 833 ει
372 770 428 849 qui
442 787 508 833 non
523 768 586 830 nisi
600 770 642 832 ab
659 788 698 833 eo
712 778 833 851 queunt
854 788 902 831 sa-
956 769 1092 833 naturali
1108 789 1143 833 ae
1160 770 1269 833 sociali
1284 770 1470 852 proficiunt,
1489 771 1531 833 ita
1546 790 1603 851 per
1617 788 1703 832 com-

164 869 236 945 nari,
265 867 389 949 quoties
418 886 528 931 eorum
557 868 689 948 requirit
717 866 900 944 infirmitas,
957 867 1141 930 munionem
1171 868 1267 950 hujus
1295 868 1467 951 spiritualis
1493 866 1589 931 edulii
1613 875 1703 929 erant

163 967 369 1047 adhibereque
392 965 458 1027 illis
477 973 640 1047 unguenta
663 974 696 1028 et
718 964 903 1027 medicatio·
957 964 995 1027 ad
1020 965 1223 1029 dilectionem
1250 966 1447 1047 spiritualem
1472 974 1565 1047 atque
1590 966 1630 1027 ad
1652 984 1703 1027 ec-

163 1085 225 1128 nes.
240 1064 394 1139 Quoniam
417 1082 494 1146 ergo
516 1070 582 1126 tota
606 1063 749 1127 Ecclesia
772 1082 831 1125 sua
853 1070 902 1125 est
957 1061 1166 1125 clesiasticam
1193 1062 1344 1125 unitatem
1364 1062 1528 1145 potissima
1551 1063 1703 1125 inducen-

163 1182 249 1244 agra,
258 1171 291 1225 et
303 1162 521 1243 unusquisque
535 1162 575 1225 de
588 1161 730 1224 Ecclesia
744 1180 827 1243 teger
841 1168 900 1237 est,
957 1159 1001 1222 di.
1022 1160 1164 1241 Denique
1188 1162 1227 1223 ad
1252 1161 1347 1242 hujus
1376 1160 1634 1237 declarationem,
1652 1179 1704 1221 su·

162 1261 218 1323 hoc
237 1270 285 1323 est
302 1260 513 1323 medicamine
528 1259 687 1341 indigens,
704 1259 770 1321 sive
790 1260 829 1321 ad
849 1278 903 1321 cu·
957 1258 1063 1338 perius
1100 1259 1243 1339 quasdam
1277 1259 1463 1321 introducta
1500 1266 1574 1321 sunt
1607 1257 1702 1320 ratio·

162 1358 320 1436 rationem,
330 1358 398 1421 sive
412 1358 451 1420 ad
466 1357 741 1421 conservationem
756 1356 790 1419 in
804 1357 900 1433 bono,
957 1374 1025 1432 nes,
1043 1362 1078 1417 ut
1092 1356 1176 1436 quod
1196 1355 1305 1418 cibum
1327 1363 1450 1436 oportet
1470 1354 1598 1419 realiter
1617 1353 1704 1416 uniri

161 1456 223 1518 sire
254 1456 295 1518 ad
327 1455 603 1537 preservationem
637 1474 656 1517 a
690 1455 795 1530 malo;
825 1454 902 1516 hinc
958 1453 1072 1532 cibato,
1100 1461 1131 1516 et
1145 1455 1230 1535 quod
1255 1454 1382 1535 signum
1408 1454 1536 1535 planum
1561 1452 1704 1517 dilectio-

160 1562 278 1636 oportet
293 1554 397 1636 ipsum
412 1554 451 1615 ad
467 1555 642 1616 curandum
658 1553 765 1616 venire
777 1552 901 1634 quoties
957 1551 1006 1613 nis
1022 1552 1254 1634 pmportionari
1277 1551 1372 1614 debet
1392 1550 1602 1633 magnitudini
1625 1550 1704 1614 cari-

160 1654 196 1715 de
214 1652 361 1715 Ecclesiae
384 1651 596 1715 medicatione
620 1651 723 1733 agitur
745 1660 777 1713 et
800 1650 902 1733 plebis
956 1649 1039 1712 tatis.

161 1750 310 1814 curationi
326 1750 512 1812 intenditur.
530 1750 631 1824 Ouum
645 1768 721 1831 ergo
741 1750 801 1813 hoc
824 1768 902 1830 prae-
997 1748 1128 1825 Rursus,
1144 1748 1293 1831 quoniam
1308 1748 1450 1812 Christus
1472 1756 1571 1811 totum
1591 1767 1625 1811 se
1645 1747 1705 1810 uti-

161 1850 247 1930 cipue
260 1848 295 1910 in
307 1848 402 1911 llissa
416 1856 537 1929 agatur,
544 1856 669 1928 oportet
682 1848 841 1910 Christum
857 1847 900 1909 ihi
918 1851 942 1913 B
957 1845 1036 1908 litati
1051 1855 1177 1925 nostrae,
1195 1846 1351 1928 profectui
1371 1866 1408 1909 ac
1429 1846 1520 1909 saluti
1545 1846 1702 1928 exposuit,

160 1949 264 2009 adesse
280 1954 316 2009 ut
336 1946 508 2024 medicum,
523 1954 679 2027 quatenus
699 1946 784 2027 plebi
804 1946 903 2008 medi·
956 1954 987 2009 et
1007 1945 1087 2007 nihil
1107 1945 1149 2007 ita
1169 1946 1313 2008 accendit
1337 1946 1375 2008 ad
1399 1944 1597 2027 diligendum
1623 1946 1704 2008 sicut

160 2044 291 2108 cationis
309 2043 456 2107 officium
476 2044 683 2124 sanitatisque
708 2042 901 2105 beneficium
957 2043 1167 2107 consideratio
1194 2043 1303 2105 mortis
1331 2062 1425 2125 quam
1455 2042 1526 2125 quis
1554 2062 1612 2125 pro
1640 2044 1704 2108 alio

160 2143 317 2223 largiatur.
333 2142 469 2204 Advenit
488 2161 564 2223 ergo
586 2162 658 2205 cum
679 2142 823 2205 omnium
845 2160 903 2203 un·
957 2149 1131 2223 spontanee
1147 2160 1257 2223 passus
1273 2148 1432 2222 est,atque
1448 2139 1587 2223 perfecta
1603 2150 1705 2205 osten·

159 2248 345 2321 guentnrum
367 2240 523 2302 alabastro
542 2240 765 2321 spiritualium,
780 2239 813 2301 in
833 2258 903 2301 cru-
957 2241 1004 2304 sio
1015 2240 1237 2321 prevenientis
1253 2240 1432 2303 dilectionis
1446 2240 1575 2303 alterius
1590 2240 1629 2302 ad
1652 2259 1702 2318 se3

160 2358 193 2401 ce
221 2340 360 2419 undique
391 2346 499 2420 aperto
528 2357 564 2400 ac
597 2337 709 2416 fracto,
740 2338 824 2419 quod
854 2347 904 2401 εει
958 2339 1029 2401 ideo
1044 2339 1185 2401 Christus
1200 2338 1301 2401 voluit
1313 2338 1346 2399 in
1362 2338 1461 2400 Missae
1481 2337 1593 2401 officio
1607 2337 1705 2401 offer-

159 2457 212 2499 sua
235 2436 437 2511 humanitas;
457 2454 513 2498 seu
536 2455 609 2497 cum
634 2454 740 2512 carne,
762 2454 832 2515 qun
855 2444 903 2496 est
959 2437 984 2498 ri
1006 2436 1135 2499 realiter
1149 2436 1181 2497 iu
1197 2436 1529 2499 commemorationem
1550 2455 1614 2499 suae
1635 2456 1705 2519 pas-

159 2533 415 2598 efficacissimum
437 2532 630 2616 cataplasma
652 2532 904 2596 contrauniver·
958 2534 1056 2598 sionis
1086 2553 1143 2617 pro
1171 2534 1274 2613 nobis,
1299 2554 1336 2596 ac
1365 2554 1429 2597 suae
1457 2534 1636 2597 dilectionis
1666 2535 1705 2597 ad

158 2653 205 2695 sas
229 2632 377 2696 laesiones
401 2632 591 2713 doloresque
618 2631 811 2713 spirituales,
835 2641 902 2693 tan·
957 2651 1027 2696 nos.
1043 2633 1171 2711 Iterum,
1189 2632 1338 2713 quoniam
1354 2632 1421 2712 ipse
1443 2640 1490 2694 est
1512 2631 1704 2695 sacrificium

158 2750 247 2811 quam
271 2730 504 2794 solidissimum
533 2729 823 2810 suavissimumque
847 2749 903 2791 an·
957 2750 1081 2793 summe
1096 2730 1448 2810 incomparabiliterque
1463 2738 1628 2811 acceptum
1651 2730 1705 2793 Pa-

159 2829 288 2891 tidntum
320 2836 430 2891 contra
458 2836 590 2890 cunctos
616 2828 766 2891 humores
791 2828 902 2891 noxios
956 2830 996 2891 tri
1022 2828 1143 2891 coelesti
1163 2847 1199 2890 aa
1220 2827 1407 2889 suavissime
1433 2827 1587 2908 fragrans,
1605 2827 1707 2890 voluit

158 2926 315 3003 vitinmm,
342 2934 436 3007 atque
465 2944 539 2987 cum
567 2924 720 3005 sanguine
748 2944 818 3003 suo,
847 2924 901 3006 qui
958 2925 1166 3008 personaliter
1177 2926 1221 2987 sic
1234 2923 1399 3003 offerri,ut
1411 2924 1569 3006 copiosius
1581 2944 1706 2987 succur

159 3032 204 3086 est
225 3025 315 3087 velut
343 3042 477 3106 syrupus
507 3022 680 3085 mulcebris
708 3031 803 3103 atque
831 3023 939 3088 dul-C
958 3032 1040 3087 reret
1061 3024 1112 3085 his
1132 3042 1188 3105 pro
1209 3023 1323 3104 quibus
1350 3024 1447 3085 semel
1472 3042 1506 3085 se
1531 3022 1646 3086 obtulit
1672 3023 1705 3085 in

159 3122 314 3199 cissimus,
339 3130 490 3203 tanquam
519 3121 640 3203 liquida
668 3121 825 3185 medicina
850 3140 902 3183 va·
958 3143 1063 3186 cruce.
1081 3123 1253 3203 Postremo,
1271 3122 1421 3203 quoniam
1438 3139 1493 3184 cor
1513 3122 1583 3201 ejus
1606 3122 1706 3184 instar

158 3222 223 3283 lens
250 3228 362 3284 contra
389 3238 500 3282 omnes
529 3220 708 3281 animarum
733 3220 902 3301 languores
957 3220 1097 3284 fornacis
1130 3221 1260 3283 ardebat
1291 3220 1364 3301 igne
1393 3218 1492 3281 divini
1523 3220 1639 3282 amoris
1668 3239 1705 3283 ao

158 3338 191 3380 ac
216 3318 349 3381 vulnera
366 3342 373 3379 :
390 3336 526 3398 quorum
551 3318 687 3379 duomm
712 3316 843 3379 virtutes
868 3317 900 3377 in
956 3320 1024 3382 zelo
1039 3320 1185 3380 humanas
1202 3318 1322 3397 salutiS,
1340 3316 1482 3379 exhibuit
1503 3325 1601 3379 totum
1617 3318 1705 3379 seed

157 3417 221 3498 ipsa
235 3416 398 3481 dominica
413 3414 561 3498 passione
582 3414 781 3496 potissimum
801 3414 903 3478 claru-
957 3437 1052 3481 omne
1066 3416 1144 3478 illud
1160 3416 1243 3497 quod
1261 3416 1362 3496 magis
1378 3415 1437 3477 fuit
1452 3434 1508 3497 pro
1529 3414 1584 3477 Dei
1607 3414 1705 3477 Patris

158 3524 257 3578 erunt.
958 3517 1058 3592 cultu,
1081 3514 1266 3589 reverentia,
1288 3513 1380 3575 laude
1405 3522 1435 3575 et
1460 3512 1572 3593 gloria,
1594 3522 1626 3576 et
1649 3532 1705 3595 pro

194 3613 302 3694 ltaque
330 3620 396 3675 tota
419 3611 511 3674 hfissa
539 3620 587 3674 est
614 3611 728 3674 Christi
755 3610 901 3675 officium
959 3611 1149 3675 multiformi
1165 3630 1200 3673 ac
1216 3610 1353 3691 gratioso
1368 3610 1494 3691 generis
1510 3611 1639 3673 humani
1655 3630 1707 3673 au·

157 3710 382 3793 principaliter,
399 3709 473 3771 licet
488 3710 635 3772 sacerdos
650 3718 682 3771 et
697 3709 834 3771 ministri
850 3730 903 3771 ex·
958 3712 1044 3774 uilio.
1061 3710 1148 3783 Quod
1165 3718 1263 3771 totum
1280 3728 1337 3789 per
1350 3708 1410 3771 hoc
1426 3716 1526 3770 exstat
1539 3708 1704 3789 impletum

157 3809 283 3872 hibeant
310 3807 484 3870 ministeria
507 3827 574 3870 sua.
596 3808 674 3869 ilinc
700 3826 830 3870 necesse
855 3817 903 3870 est
959 3810 1043 3891 quod
1072 3810 1139 3890 ipse
1169 3808 1203 3868 in
1233 3807 1331 3869 hfissae
1360 3806 1472 3868 officio
1498 3807 1708 3887 personaliter

159 3908 259 3989 ipsum
293 3908 458 3971 ldissarum
487 3906 640 3969 solenniis
671 3906 835 3987 iuteresse,
866 3927 903 3969 ac
958 3904 1140 3968 immolatur
1171 3927 1178 3965 ε
1209 3921 1266 3983 per
1298 3904 1383 3983 quod
1412 3922 1536 3965 summa
1565 3903 1704 3982 dilectio,

159 4014 305 4087 praetacta
320 4006 353 4068 iu
368 4005 414 4067 eis
435 4002 546 4068 officia
568 4004 752 4086 adimplere.
769 4006 904 4068 Attende
958 4003 1072 4085 pietas,
1089 4002 1272 4078 liberalitas,
1290 4000 1503 4064 beneficentia
1519 4001 1572 4063 [lei
1592 4003 1629 4065 ad
1652 4002 1707 4065 ho-

159 4122 229 4184 ergo
252 4104 338 4185 quod
365 4102 465 4165 ldissae
489 4102 658 4165 celebratio
685 4121 748 4165 non
772 4110 821 4163 est
845 4102 904 4164 nisi
959 4102 1061 4163 mines
1076 4100 1270 4177 recoluntur,
1288 4109 1318 4163 et
1340 4100 1410 4181 ejus
1432 4100 1591 4163 beneficia
1611 4100 1707 4163 extol-

159 4200 365 4265 sanctifrcatio
380 4200 490 4281 populi
512 4220 570 4281 per
587 4199 724 4263 nominis
744 4200 843 4262 divini
858 4201 944 4262 in·1)
960 4200 1079 4277 luntur,
1105 4198 1175 4279 ejus
1202 4198 1359 4281 promissa
1382 4197 1638 4279 magnificantur,
1661 4200 1708 4261 di-

159 4300 358 4363 vocationem
387 4307 419 4361 et
446 4297 652 4377 sacrificium,
679 4306 711 4361 ει
735 4298 819 4361 actio
848 4318 905 4360 seu
960 4298 1035 4359 vina
1070 4296 1220 4377 majestas
1258 4295 1464 4359 devotissime
1499 4296 1704 4374 collaudatur,

159 4396 320 4460 ventilatio
350 4415 453 4458 causae
486 4396 631 4477 ejusdem
658 4395 768 4477 populi
797 4414 904 4459 eoram
960 4396 1160 4477 glorificatur
1195 4403 1227 4457 et
1261 4394 1444 4469 honoratur,
1475 4402 1641 4475 gratesque
1677 4396 1706 4457 ei

159 4493 619 4576 Deoperprecesetmunera
638 4494 806 4557 medicatio
827 4513 905 4574 quo·
961 4494 1143 4557 referuntur
1172 4492 1399 4555 indesinenter.
1431 4492 1494 4555 Nec
1524 4494 1707 4575 praetermit-

158 4610 217 4672 que
233 4612 290 4655 seu
306 4591 479 4675 potionatio
498 4592 672 4673 spiritualis
690 4592 833 4673 ejusdem
849 4611 905 4673 po-
960 4593 1090 4655 tendum
1107 4600 1155 4654 est
1166 4592 1236 4671 hoc,
1253 4592 1337 4671 quod
1354 4590 1490 4652 maxima
1505 4592 1706 4671 promerendi

159 4689 221 4770 puli
243 4698 395 4771 tanquam
415 4709 472 4771 per
492 4689 668 4753 antidotum
688 4698 720 4752 et
739 4709 903 4771 syrupum,
960 4690 1085 4753 occasio
1107 4687 1289 4752 hominihus
1309 4696 1356 4750 est
1376 4687 1490 4751 collata
1509 4688 1542 4750 in
1562 4688 1708 4752 exhibiti-

63 4806 86 4833 π
101 4827 106 4836 -
119 4811 145 4845 ιι.
159 4788 297 4869 itemque
307 4788 439 4851 refectio
450 4787 521 4867 ejus
532 4806 590 4868 per
600 4806 714 4868 panem
726 4796 758 4850 et
769 4788 907 4851 frumen·
960 4807 1021 4852 one
1049 4796 1113 4849 tam
1144 4785 1476 4868 incomprehensibilis
1504 4787 1706 4865 sacramenti,

58 4884 64 4895 ‘
159 4894 224 4947 tum
252 4886 428 4949 electomm
452 4894 484 4947 et
507 4904 565 4967 per
588 4886 698 4965 vinum
722 4887 904 4967 germinans
960 4887 1036 4948 dum
1063 4886 1243 4948 intellectus
1270 4884 1409 4947 hominis
1433 4884 1465 4945 in
1491 4885 1706 4966 captivitatem
1723 4900 1854 4947 rucanas.

159 4984 308 5065 virgines.
325 4983 405 5058 Quid
425 5002 540 5064 nempe
559 4983 679 5046 bonum
701 4984 834 5061 Domini,
851 4994 906 5048 aut
960 5006 994 5047 se
1015 4984 1127 5065 redigit
1147 4985 1178 5045 in
1198 4984 1385 5065 obsequium
1405 4983 1531 5060 Christi,
1549 4984 1707 5047 credendo

157 5083 232 5161 quid
257 5082 427 5164 pulchrum
453 5080 535 5162 ejus,
552 5081 614 5143 nisi
641 5083 708 5144 haec
732 5083 826 5163 dona,
844 5084 905 5146 ista
959 5082 1238 5146 admirabilissima
1253 5100 1323 5162 quae
1337 5089 1467 5163 propter
1487 5081 1705 5143 auctoritatem

158 5188 331 5261 unguenta,
347 5181 414 5242 haec
436 5178 597 5243 sacrificia
618 5178 763 5243 illibatae
959 5179 1169 5243 attestationis
1184 5178 1331 5241 Veritatis
1347 5178 1462 5241 divinae
1477 5179 1516 5241 da
1532 5179 1592 5242 hoc
1608 5198 1707 5242 sacra-

194 5278 350 5361 Amplius,
367 5278 460 5341 sicuti
476 5298 534 5361 per
554 5280 813 5344 communionem
835 5299 904 5343 cor·
959 5287 1068 5342 mento
1090 5278 1271 5341 creduntur.
