4309 6259
454 471 519 539 tos
734 491 774 537 oa
794 490 997 537 saumatam
1018 492 1230 539 sucunmsrta
1251 490 1410 539 snauouns
1431 492 1498 538 sax.
1522 511 1563 523 -
1584 494 1683 541 annuo
1704 496 1735 540 rv

457 660 601 725 dantium
615 668 725 724 causet
737 660 858 725 bonum
876 681 914 725 ac
927 662 1061 725 hilarem
1075 680 1208 745 appara-
1222 660 1248 725 ’Δ
1263 670 1318 725 aut
1331 681 1477 744 unquam
1488 664 1635 746 repellas.
1650 663 1689 727 Et
1709 664 1860 742 breviter,
1876 672 1910 727 ut
1927 661 2001 726 mul·

460 767 530 824 tum
551 759 585 823 in
607 778 750 842 corpora.
1263 768 1295 823 ta
1309 761 1420 845 paucis
1440 762 1640 841 concludam,
1656 781 1755 844 quum
1777 761 1860 824 nihil
1879 762 1919 825 ah
1938 762 1999 843 ipso

499 856 544 921 De
565 857 616 921 his
634 866 742 939 posset
764 857 896 940 gmndis
918 858 1059 939 pmtrahi
1081 876 1206 937 sermo;
1263 859 1402 941 elongat,
1417 860 1580 942 impediat,
1597 868 1733 941 separet,
1748 860 1812 921 nisi
1834 867 1996 941 peccatum,

459 974 571 1021 verum
585 957 639 1019 hic
650 975 721 1021 raor
735 956 886 1019 sufficere
901 975 1002 1039 pauca
1013 976 1051 1019 ex
1062 956 1208 1039 pluribus
1263 966 1332 1020 esto
1350 976 1474 1021 summe
1499 957 1654 1021 sollicitus
1673 976 1803 1021 omnem
1821 958 1921 1019 vitam
1942 957 1998 1019 cul

457 1054 557 1137 tangi.
576 1052 709 1137 Nempe,
729 1054 757 1117 si
779 1054 874 1136 plene
898 1054 1066 1118 credamus
1085 1055 1207 1118 lonmm
1264 1074 1349 1137 pam,
1366 1062 1518 1137 quantum
1535 1057 1674 1119 humana
1689 1057 1765 1119 sinit
1778 1055 1941 1137 fragilitas.
1955 1055 1998 1117 Et-

456 1153 552 1217 totius
574 1153 684 1234 gratiae
709 1152 743 1215 in
771 1153 833 1216 hoc
858 1162 1057 1217 sacramento
1082 1153 1208 1217 realiter
1263 1154 1349 1217 anim
1369 1162 1535 1236 peccatum
1560 1155 1693 1218 mortale
1714 1154 1852 1219 allectus
1873 1154 1995 1216 saluber-

456 1250 625 1329 contineri,
633 1250 802 1334 ipsumque
816 1251 987 1314 Dominum
1002 1252 1109 1315 Jesum
1124 1251 1209 1314 Chri·
1263 1252 1360 1315 rimos
1385 1252 1573 1316 sacramenti
1593 1252 1685 1315 istius
1704 1253 1845 1316 totaliter
1866 1252 1992 1334 impedit,

456 1357 553 1427 stum,
574 1367 686 1412 varum
710 1348 811 1413 Deum
837 1356 871 1412 at
899 1349 1133 1429 hominemex
1159 1350 1209 1412 in·
1263 1350 1431 1432 ipsumque
1456 1358 1634 1415 sumentem
1663 1351 1854 1433 gravissimo
1878 1350 1994 1413 involvit

456 1447 738 1529 comprehensibili
762 1467 820 1511 sua
840 1449 880 1510 ad
905 1467 964 1511 nos
983 1448 1208 1511 ardentissima
1264 1447 1400 1511 lacinori
1425 1467 1461 1511 ac
1486 1448 1596 1512 diriori
1621 1449 1731 1513 reatui.
1754 1448 1897 1512 Venialia
1918 1464 1992 1523 vero,

455 1545 600 1626 commta,
615 1554 680 1609 tam
702 1546 843 1608 increata
863 1564 959 1627 quam
979 1546 1096 1625 inlusa,
1113 1554 1206 1627 atqua
1263 1547 1438 1629 presertim
1453 1547 1623 1629 grossiora,
1639 1555 1671 1610 et
1690 1566 1762 1628 quaa
1777 1566 1835 1629 par
1849 1546 1992 1629 negliges

457 1663 496 1707 ex
514 1662 573 1705 sua
592 1643 937 1726 supereffluentissima
959 1644 1148 1707 liberalitate
1169 1663 1206 1708 ac
1263 1644 1351 1725 tiam,
1388 1644 1597 1708 incustodiam
1633 1644 1855 1726 incuriamque
1887 1645 1994 1708 contin-

454 1741 687 1824 gratiosissima
710 1742 839 1825 pietate,
861 1742 1023 1826 seipsum
1048 1743 1081 1804 iu
1104 1762 1209 1806 sacra·
1263 1751 1354 1824 gunt,
1371 1743 1507 1806 multum
1528 1743 1622 1806 valde
1643 1742 1836 1825 impediunt,
1852 1744 1990 1819 minuunt,

458 1849 565 1904 mento
593 1840 654 1903 hoo
683 1840 776 1905 nobis
803 1840 934 1922 ollarra,
965 1841 1095 1924 largiter
1122 1860 1208 1906 com·
1227 1840 1471 1923 Bintarcipiunt
1498 1840 1622 1904 fructus
1651 1840 1794 1904 salubres
1829 1860 1866 1904 ac
1898 1841 1991 1903 dulces

457 1939 633 2017 manicare,
658 1946 745 2002 tanta
770 1957 897 2021 quoque
921 1939 1080 2002 mirabilia
1108 1940 1141 2003 in
1170 1960 1208 2005 co
1264 1939 1459 2002 Sacramenti
1482 1939 1631 2003 aoelcstis.

309 2064 312 2069 ⁷
457 2045 588 2119 propter
614 2055 673 2100 nos
707 2046 911 2120 perpetrare3
942 2038 1105 2120 ambigere
1142 2058 1208 2102 non
1305 2036 1337 2099 si
1353 2055 1428 2118 ergo
1447 2036 1490 2099 ita
1509 2036 1663 2100 sollicitus
1682 2036 1781 2100 lucris
1803 2055 1923 2119 semper
1938 2054 1994 2099 om

344 2129 346 2132 ’
394 2128 397 2131 ’
458 2134 601 2197 valemus
625 2134 704 2217 quin
727 2135 946 2216 paratissimus
972 2136 1013 2197 sit
1033 2136 1208 2217 gratiarum
1263 2154 1338 2197 nam
1353 2134 1481 2218 culpam
1496 2135 1609 2213 vitare,
1626 2153 1754 2198 omnem
1769 2134 1890 2198 obicem
1905 2150 1993 2196 ramo

458 2254 588 2297 suarum
602 2234 794 2298 charismata
808 2234 1008 2297 sumentibus
1030 2254 1210 2297 sacramen-
1265 2252 1350 2313 vere,
1381 2240 1475 2314 teque
1502 2234 1659 2296 mundum
1688 2232 1918 2315 receptaculum
1949 2250 1992 2294 ex-

460 2341 528 2395 tum
549 2333 621 2411 hoc,
637 2333 766 2415 copiose
787 2332 958 2395 infundere
980 2340 1012 2395 et
1033 2332 1211 2395 liberaliter
1265 2330 1387 2411 hibere,
1414 2332 1532 2395 sentias
1564 2340 1596 2394 et
1628 2331 1803 2414 experieris
1834 2330 1990 2393 certissima

460 2430 552 2494 valde
574 2430 732 2510 conterre,
747 2439 903 2513 quantum
925 2432 958 2493 in
981 2432 1051 2512 ipso
1072 2439 1132 2509 est,
1149 2431 1209 2494 hoe
1265 2429 1434 2511 praeclaros
1462 2438 1495 2493 et
1517 2429 1673 2511 gloriosos
1701 2430 1887 2493 sacramenti
1908 2429 1990 2508 hujus

460 2538 520 2608 est,
531 2529 704 2592 dummodo
718 2530 991 2592 communicantes
1006 2530 1130 2593 obicem
1146 2548 1209 2593 non
1266 2525 1413 2589 allectus.
1429 2528 1562 2590 Intrabit
1582 2528 1621 2591 ad
1637 2536 1667 2591 te
1681 2536 1714 2591 et
1732 2527 1874 2591 introibit
1886 2526 1917 2588 in
1936 2524 1992 2587 ani

460 2635 591 2710 ponant,
612 2627 667 2689 sed
691 2646 764 2690 eum
786 2627 952 2709 diligentia
977 2634 1156 2710 praeparent
1177 2646 1210 2689 se
1266 2643 1351 2687 mam
1367 2634 1464 2707 tuam,
1477 2625 1510 2688 in
1525 2626 1723 2689 intellectum
1737 2635 1831 2707 atque
1845 2625 1988 2697 allectum,

461 2726 631 2807 condigna,
661 2725 824 2807 potissima
852 2743 951 2805 quum
984 2725 1138 2788 Dominus
1173 2744 1210 2787 ae
1266 2723 1299 2783 in
1325 2723 1448 2787 viscera
1473 2724 1605 2806 spiritus
1629 2724 1675 2786 tui
1693 2723 1836 2787 Christus
1858 2723 1949 2784 virtus
1967 2728 1992 2779 et

461 2823 606 2887 Salvator
639 2832 703 2886 tam
739 2823 858 2886 seriose
886 2842 924 2885 ac
959 2842 1116 2903 amorosa,
1146 2824 1210 2886 imo
1267 2822 1422 2903 sapientia
1436 2822 1491 2884 Dei
1506 2822 1697 2903 Patris,cum
1712 2821 1993 2885 allusioneatcom-

460 2922 556 2984 etiam
584 2941 658 2984 cum
686 2920 833 2985 horribili
862 2921 1123 3001 comminatione,
1153 2940 1212 2984 nos
1267 2920 1483 2983 manicatione
1497 2919 1667 3001 opulcntiae
1682 2939 1757 2982 suae.
1775 2919 1916 2983 Ostendet
1930 2934 1993 2979 ocu

462 3019 578 3082 invitet
590 3020 630 3083 ad
645 3022 728 3083 hanc
742 3019 990 3082 sacratissimam
1000 3022 1211 3095 ‚cornmunio
1227 3016 1248 3080 C
1267 3018 1298 3081 lo
1314 3027 1374 3081 tuae
1396 3019 1512 3081 mentis
1533 3018 1659 3081 divitias
1680 3017 1790 3100 gloriae
1811 3036 1882 3095 suae,
1897 3031 1992 3096 quem

330 3137 538 3193 vama.o,nem
555 3117 646 3193 :Nisi
664 3118 840 3199 (inquiens)
855 3118 1122 3181 manducaveritis
1144 3138 1212 3182 car·
1266 3117 1438 3180 admodum
1458 3116 1572 3179 animas
1594 3117 1625 3179 S.
1647 3116 1790 3198 Agnetis,
1813 3134 1879 3197 que
1897 3112 1988 3175 dixit:

315 3207 349 3247 ⁵⁴·
463 3235 538 3279 nem
561 3215 630 3277 Filii
654 3215 804 3293 hominis,
820 3224 852 3279 et
876 3215 1020 3279 biberitis
1044 3216 1115 3298 ejus
1140 3236 1212 3280 san·
1265 3215 1409 3279 Ostendit
1433 3215 1512 3279 mihi
1538 3217 1703 3278 thesauros
1733 3210 1987 3295 incomparabiles,

460 3314 604 3398 guinem,
619 3332 685 3377 non
700 3313 859 3376 hababitis
874 3313 972 3377 vitem
987 3314 1020 3375 in
1036 3314 1139 3377 vobis
1265 3333 1345 3398 quos
1360 3334 1393 3377 sa
1407 3314 1486 3376 mihi
1501 3312 1694 3391 daturum,si
1710 3312 1740 3375 ai
1756 3324 1987 3393 perseveravero,

502 3413 535 3475 Si
569 3412 666 3495 igitur
692 3412 742 3474 vis
769 3412 892 3494 gratiis,
922 3411 1080 3475 lructihus
1115 3422 1209 3495 atque
1266 3412 1458 3496 repromisit.
1480 3412 1591 3475 Veniat
1615 3420 1647 3475 at
1664 3413 1704 3475 ad
1727 3419 1758 3473 te
1777 3411 1829 3474 Sol
1848 3406 1988 3491 sapientia

462 3510 634 3575 aflectibus
648 3510 728 3573 tanti
748 3509 939 3573 sacramenti
961 3510 1089 3592 repleri,
1106 3511 1208 3591 refici,
1266 3532 1338 3575 cum
1355 3511 1545 3575 emicatione
1559 3509 1708 3593 largiflua
1727 3507 1935 3573 illustrationis
1947 3524 1989 3567 su-

460 3610 641 3693 Jucundari,
658 3608 830 3672 exuberare
851 3628 889 3671 ac
910 3608 1115 3691 impinguari,
1139 3610 1211 3671 dili·
1266 3629 1393 3693 pernae3
1410 3629 1483 3673 cum
1504 3610 1663 3672 luminoso
1677 3608 1803 3690 fulgore
1821 3602 1988 3669 illuminabit
1998 3610 2088 3659 raama

462 3708 647 3791 gantissime
662 3727 760 3790 pensa
774 3706 976 3770 altitudinem
996 3708 1075 3769 tanti
1095 3715 1211 3789 myste-
1266 3709 1375 3772 oculos
1391 3708 1507 3789 cordis,
1524 3716 1558 3770 ut
1579 3706 1763 3771 consideres
1785 3716 1876 3789 atqua
1892 3700 1988 3765 intelli·

463 3806 515 3885 rii,
530 3824 658 3869 omnem
673 3806 850 3882 caritatem,
863 3804 1124 3883 misericordiam,
1142 3825 1211 3867 mu·
1266 3827 1322 3889 gas
1346 3806 1503 3869 mirabilia
1526 3805 1606 3887 legis
1625 3824 1701 3883 suaa,
1723 3814 1754 3867 et
1778 3805 1889 3868 habeas
1906 3800 1988 3863 sidem

463 3904 663 3967 nilicentiam
684 3902 841 3985 unigeniti
860 3902 927 3964 lilii
943 3903 1011 3981 llei,
1028 3903 1092 3965 imo
1114 3904 1210 3966 totius
1266 3924 1340 3969 oum
1355 3904 1530 3968 rationibus
1552 3903 1784 3966 credendorum
1803 3920 1839 3963 ac
1854 3900 1988 3981 depurata

463 4001 754 4084 superdignissimaa
775 4000 937 4063 Trinitatis
958 4002 1064 4080 adte,
1082 4010 1207 4082 etqua,
1266 4002 1479 4085 intelligentia
1507 4000 1633 4063 mentis.
1665 4001 1717 4063 Sic
1745 3999 1932 4062 illuminatus
1958 4010 1987 4055 ac

462 4106 580 4182 quanta
593 4118 631 4162 ac
645 4098 751 4179 qualia
765 4098 863 4161 l'ilius
877 4098 977 4161 Patris
997 4098 1106 4161 aeterni
1122 4098 1208 4177 lecit,
1266 4100 1475 4185 spiritualiter
1502 4099 1701 4162 introductus
1736 4097 1769 4159 in
1799 4090 2084 4159 sanctonicam-1

462 4196 638 4279 assumpsit
659 4216 696 4259 ac
722 4196 852 4277 partulit
875 4215 933 4278 pro
957 4203 1012 4259 tua
1035 4197 1159 4276 salute3
1180 4196 1335 4278 atDllei,
1365 4198 1397 4261 in
1426 4198 1509 4260 lucis
1537 4195 1821 4278 incircumscriptae
1851 4194 1986 4274 abyssum,

463 4295 547 4378 quod
563 4295 595 4357 in
610 4295 670 4358 hoc
687 4303 885 4358 sacramento
903 4302 935 4357 te
953 4295 1083 4359 visitare
1102 4296 1213 4378 digna-
1267 4296 1483 4359 circumdatus
1503 4295 1636 4373 lumine,
1652 4294 1828 4357 intuebaris
1846 4288 1988 4357 connexio

464 4402 526 4456 tur.
547 4392 662 4473 Sicque
685 4412 724 4455 er
747 4393 861 4456 horum
885 4392 1141 4456 consideratione
1163 4413 1214 4457 ac·
1267 4415 1341 4459 nam
1364 4402 1396 4457 et
1416 4393 1575 4472 ordinem,
1592 4392 1846 4469 consonantiam,
1862 4388 1986 4457 rationes,

465 4493 619 4556 condatur
633 4510 688 4555 cor
708 4499 799 4554 tuum
821 4493 859 4554 ad
876 4492 981 4575 ipsum
996 4491 1213 4555 sincerissime
1269 4494 1476 4557 fundamenta
1490 4510 1527 4553 ac
1542 4490 1747 4553 firmamenta
1766 4488 1844 4553 lidci
1863 4496 1934 4563 tus3
1947 4498 1988 4563 tp

465 4590 705 4670 redamandum,
722 4590 761 4653 ad
778 4590 883 4672 ipsum
898 4598 1082 4653 reverenter
1100 4610 1137 4653 ac
1152 4590 1215 4654 ser·
1268 4592 1455 4676 parabitque
1467 4590 1538 4669 tihi,
1554 4597 1586 4651 et
1599 4608 1674 4651 vere
1689 4589 1736 4651 sic
1756 4596 1815 4665 est,
1832 4586 1909 4669 quod
1927 4576 1988 4645 nihil

465 4686 539 4752 vide
571 4687 823 4769 suscipiendum,
854 4688 892 4750 ad
921 4688 1157 4770 regratiandum
1186 4689 1214 4752 ei
1270 4690 1311 4752 sit
1335 4687 1566 4765 rationabilius,
1588 4686 1667 4748 nihil
1693 4686 1823 4764 certius,
1840 4683 1914 4746 nihil
1935 4694 1989 4761 pro

464 4784 540 4851 totis
553 4784 749 4868 precordiis,
766 4786 805 4848 ad
819 4785 1041 4849 honorandum
1055 4805 1130 4848 eum
1144 4786 1216 4849 viri·
1269 4788 1400 4851 lundius
1410 4785 1637 4849 assertionibus
1652 4783 1730 4847 fidei
1742 4778 1989 4857 christianismo

465 4885 525 4949 bus
541 4882 626 4964 totis,
643 4891 679 4945 ut
691 4884 889 4947 incessanter
909 4882 1043 4947 exsistas
1057 4884 1214 4948 sollicitus
1270 4885 1376 4951 omnia
1391 4870 1681 4967 comportantnrsll
1701 4900 1799 4964 quam
1820 4872 1990 4963 repentaab

464 5002 507 5047 ne
522 4981 788 5063 benignissimum
802 4981 874 5063 ejus
894 4982 1081 5063 adspectum
1101 4982 1135 5043 in
1149 4982 1215 5047 ullo
1270 4986 1408 5047 adventu
1423 4990 1455 5045 et
1469 4982 1688 5045 coruscatione
1710 4980 1898 5043 visitationis
1917 4994 1947 5038 ac
1965 4970 1992 5032 il·

465 5080 625 5160 offendas,
645 5098 686 5142 ne
710 5079 908 5161 majestatem
931 5080 1003 5162 ejus
1026 5082 1215 5144 immensam
1272 5080 1466 5145 lustrationis
1486 5087 1654 5162 praetactae,
1670 5078 1822 5141 recedent
1839 5096 1873 5140 ac
1894 5072 1992 5155 fugient

467 5178 503 5241 in
530 5178 637 5259 aliquo
664 5179 847 5258 inhonores,
877 5198 918 5242 na
945 5179 1117 5261 gratiosam
1145 5180 1217 5261 ejus
1272 5182 1312 5243 ab
1339 5178 1544 5242 interioribus
1573 5177 1636 5239 tuis
1665 5175 1790 5239 nebula
1823 5174 1990 5257 passionom,

467 5276 707 5359 prasentiama
731 5277 837 5340 cordis
858 5278 904 5340 tui
924 5278 1063 5360 hospitio
1082 5297 1216 5361 usquam
1272 5276 1426 5359 caligines
1449 5276 1701 5339 inordinatarum
1725 5274 1936 5345 affectionum,
1956 5265 1993 5325 in·
