4309 6259
463 450 524 515 208
752 466 792 513 ott
812 465 902 513 00le
924 465 1059 513 seramus
1080 462 1199 523 saecri,
1221 464 1396 513 retornus
1417 467 1462 512 lll.
1484 486 1525 496 -
1546 467 1615 513 ΛΒΤ.
1639 468 1672 525 11,
1695 469 1729 516 tn

462 645 569 701 autem
590 654 707 719 gnome
733 657 752 700 a
777 637 883 720 synesi
909 636 993 700 sicut
1015 636 1171 718 sapientia
1192 636 1479 717 aAprudentiam.
1511 638 1656 701 Secnrmo
1686 647 1818 703 vocatur
1845 639 2003 705 consilinm

463 736 609 799 scientia.
626 734 705 797 Nam
726 754 843 817 gnome
857 736 971 798 altiora
988 734 1149 817 principia
1167 741 1213 796 at·
1267 734 1336 816 ipsa
1356 735 1518 817 persuasio
1539 736 1736 799 consulentis
1750 738 1790 800 dc
1806 738 1896 801 rebus
1909 739 2004 802 excel·

463 833 566 895 tendit
589 852 685 915 quam
710 833 832 915 synesis
861 856 868 894 :
894 851 964 914 que
988 832 1073 895 enim
1098 840 1212 914 praeter
1267 833 1407 919 lentibus
1420 836 1459 897 ad
1475 854 1553 917 quas
1568 855 1631 900 non
1647 836 1828 918 obligamur
1844 846 1894 901 :ct
1907 838 1950 901 ita
1962 838 2004 899 di-

464 950 667 995 commnnem
701 931 805 1013 legem
839 951 876 994 ac
916 931 1044 994 solitum
1082 948 1211 992 cursum
1266 932 1349 993 citur
1359 932 1498 995 Christus
1513 934 1679 1016 preceptis
1693 935 1841 1017 Decalogi
1855 936 2002 999 addidisse

462 1028 559 1108 liunt,
575 1028 608 1091 in
623 1028 752 1092 altiores
772 1037 897 1111 oportet
915 1047 1027 1091 causas
1046 1029 1208 1091 reducere.
1267 1030 1412 1111 consilia,
1428 1051 1498 1113 que
1520 1042 1593 1095 sunt
1614 1034 1653 1095 de
1675 1033 1825 1116 operibus
1846 1034 2003 1117 perfectio

464 1128 550 1190 Unde
565 1134 596 1189 et
609 1144 725 1208 gnome
739 1136 787 1190 est
801 1127 929 1208 dignior
942 1126 1059 1208 synesi.
1266 1129 1317 1190 nis
1332 1137 1363 1191 et
1378 1131 1676 1213 supererogationis,
1693 1140 1728 1194 ut
1749 1132 1828 1194 illud
1846 1156 1853 1196 ι
1869 1133 1924 1207 Qui
1945 1152 2002 1197 non
2013 1158 2108 1205 rama

503 1223 598 1287 Nulla
624 1232 730 1287 autem
759 1224 911 1286 virtutum
940 1232 988 1286 est
1017 1224 1101 1286 idem
1126 1222 1210 1303 quod
1267 1226 1497 1290 renuntiaverit
1517 1228 1666 1292 omnibus
1687 1248 1758 1311 que
1779 1230 1928 1312 possidet,
1944 1250 2002 1293 nou

463 1323 582 1385 donum
598 1322 736 1403 consilii,
750 1342 806 1385 seu
821 1322 926 1404 ipsum
942 1321 1112 1383 consiliarii
1127 1320 1211 1401 quod
1265 1332 1369 1405 potest
1383 1344 1472 1388 meus
1487 1345 1556 1389 esse
1576 1326 1753 1409 discipulus
1766 1350 1774 1405 3
1790 1336 1833 1407 et,
1849 1327 1880 1390 Si
1895 1326 2002 1410 quista
2022 1354 2108 1405 uaria,

333 1436 398 1475 aaa.
428 1430 445 1481 Ι.
463 1421 582 1483 donum
597 1419 1092 1503 perhibetur.quuenterenim
1107 1426 1212 1481 osten·
1267 1422 1457 1503 percusserit
1481 1423 1514 1485 in
1540 1444 1635 1486 unam
1662 1424 1834 1503 maxillam,
1855 1425 1956 1507 prebe
1976 1420 2039 1487 οῖ’*-

315 1500 357 1538 ““
374 1508 441 1540 ’““”“
464 1542 534 1586 sum
549 1531 597 1587 est
610 1525 693 1587 dona
715 1542 783 1586 esse
805 1544 824 1586 a
846 1523 1015 1586 virtutibus
1038 1521 1212 1585 condistin·
1266 1528 1298 1582 et
1311 1520 1452 1584 alteram.
1469 1520 1575 1585 'lertio
1590 1530 1696 1585 autem
1711 1522 1829 1585 dicitur
1843 1522 2001 1586 consilium

315 1630 448 1675 ibid-utu·
464 1631 523 1685 cta.
541 1624 659 1685 Rursus
675 1622 841 1704 probatum
863 1630 922 1702 est,
938 1622 1023 1703 qnod
1043 1621 1128 1683 dona
1147 1620 1212 1682 sint
1267 1618 1466 1700 providentia
1481 1620 1686 1683 vehementer
1700 1620 1913 1700 exercitativa,
1928 1620 2004 1685 inter

462 1738 526 1785 non
551 1719 617 1801 jam
641 1720 805 1782 dumtaxat
828 1719 1000 1781 virtutibus
1024 1717 1209 1798 moralibus,
1266 1718 1513 1799 contemplativa
1527 1725 1622 1800 atque
1636 1719 1838 1782 activadona
1859 1720 2003 1782 exsistens

462 1820 517 1882 sed
546 1817 816 1881 intellectualibus
845 1836 971 1899 quoque
1006 1811 1247 1899 perlectiora.B
1267 1814 1381 1895 media,
1398 1824 1429 1879 et
1449 1816 1657 1879 deliberativa
1671 1817 1710 1879 de
1731 1817 1880 1899 operibus
1893 1816 2002 1896 arduis,

461 1919 563 1992 Quum
582 1936 658 1999 ergo
680 1916 851 1980 consilinm
873 1916 993 1979 donum
1015 1914 1055 1977 sit
1073 1914 1210 1996 Spiritus
1266 1913 1334 1975 sive
1349 1912 1414 1975 sint
1431 1914 1642 1977 determinata
1660 1914 1727 1977 sive
1743 1914 2002 1977 indeterminata:

462 2015 581 2095 Sancti,
597 2014 756 2097 predictis
778 2013 949 2076 virtutibus
971 2012 1144 2075 moralibus
1159 2031 1211 2074 cx·
1266 2010 1374 2091 sicque
1409 2012 1580 2074 consilium
1615 2012 1732 2075 dicitur
1766 2012 1896 2077 donum.
1924 2012 2004 2076 Unde

462 2122 523 2175 stat
541 2112 755 2195 praestantius,
771 2119 803 2173 et
821 2111 955 2173 diversis
977 2110 1017 2172 ab
1039 2110 1085 2172 eis
1107 2109 1211 2172 diver·
1266 2108 1435 2172 consilium
1471 2119 1615 2173 versatur
1642 2110 1727 2173 circa
1754 2111 1863 2187 ardua,
1893 2118 1924 2173 et
1955 2130 2006 2193 per

462 2210 785 2292 snm.lnsnper,doua
799 2209 935 2291 Spiritus
950 2208 1056 2271 Sancti
1071 2208 1211 2270 suntha-
1267 2208 1370 2289 ipsum
1399 2206 1542 2270 eflicitur
1570 2208 1666 2271 homo
1694 2207 1815 2291 optime
1843 2208 1968 2272 mobilis
1989 2228 2005 2270 a

462 2309 547 2372 bitus
569 2308 902 2390 supematurales,nec
923 2305 1056 2389 adipisci
1077 2314 1210 2388 possunt
1266 2304 1385 2387 Spiritu
1400 2304 1515 2369 Sancto
1538 2306 1623 2370 circa
1645 2304 1796 2369 diflicilia
1810 2325 1941 2389 queque
1955 2326 2005 2370 scu

461 2408 524 2470 nisi
544 2427 563 2469 a
582 2406 702 2489 Spiritu
721 2407 836 2469 Sancto
855 2424 892 2468 ea
911 2413 1038 2468 creante
1051 2428 1060 2483 3
1075 2404 1209 2467 virtutes
1265 2403 1373 2465 ardna.
1395 2402 1569 2466 Consilium
1595 2404 1693 2486 igitur
1716 2404 1820 2486 primo
1845 2406 1938 2469 modo
1961 2425 2006 2468 ac-

461 2525 537 2569 uero
552 2506 711 2588 predictae
725 2504 1010 2582 morales,sicutet
1024 2510 1210 2581 cetere,es-
1265 2508 1403 2581 ceptum,
1434 2509 1482 2563 est
1509 2510 1598 2564 actus
1626 2501 1752 2565 virtutis
1780 2502 1931 2581 moralis,
1957 2504 2005 2567 sed

461 2623 495 2666 se
510 2611 644 2686 possunt
658 2602 785 2665 habitus
801 2601 961 2665 naturales
975 2608 1007 2664 et
1027 2598 1175 2680 acquisiti
1199 2623 1206 2661 ε
1264 2598 1356 2661 tertio
1372 2599 1466 2661 modo
1487 2608 1660 2682 sumptum,
1677 2608 1726 2663 est
1743 2600 1864 2663 donum
1879 2600 2005 2684 Spiritus

460 2720 525 2765 non
546 2720 622 2785 ergo
645 2702 765 2765 donum
788 2700 939 2780 [consilii]
960 2707 1009 2762 ast
1029 2698 1113 2761 idem
1136 2716 1208 2759 cum
1265 2695 1381 2773 Sancti,
1398 2703 1430 2759 ot
1443 2696 1573 2760 habitus
1589 2716 1645 2760 seu
1665 2696 1838 2760 habitualis
1860 2697 2006 2780 perfectio

461 2802 567 2882 aliqua
586 2800 809 2883 predictarum
829 2799 983 2862 virtutum
1004 2796 1185 2861 moralium.
1267 2794 1409 2857 rationis.

500 2899 725 2961 Verumtamen
736 2917 853 2979 magna
866 2904 915 2959 cst
928 2894 1150 2978 propinquitas
1166 2893 1210 2956 iu·

458 3005 506 3060 ter
520 2998 720 3079 pmdentiam
731 3005 825 3077 atque
840 2994 966 3059 consilii
981 2992 1206 3065 donum.Nam,
1224 2990 1245 3053 G

460 3102 540 3158 teste
567 3094 769 3176 Philosopho,
799 3091 969 3175 pmdentia
1002 3089 1113 3153 haberi
1143 3107 1208 3152 non
1471 3059 1716 3125 ARTICULUS
1740 3062 1800 3125 ῙῙῙ·

459 3193 545 3257 valet
558 3191 627 3255 sine
642 3191 815 3254 virtutibus
836 3189 1009 3253 moralibus
1030 3189 1113 3251 aliis.
1129 3188 1207 3269 Ejus
1265 3208 1606 3275 Quomodocomgium
1617 3211 1933 3285 appelleturdonum
1941 3210 2008 3285 Sps.

459 3291 547 3354 onim
579 3298 629 3352 est
662 3288 825 3371 applicare
859 3297 965 3350 actum
1000 3286 1132 3349 rationis
1168 3285 1207 3349 ad
1304 3296 1391 3355 ritus
1405 3297 1541 3364 Sancti;
1551 3306 1581 3356 ct
1596 3299 1636 3357 de
1650 3299 1839 3358 necessitate
1850 3300 1932 3359 doni
1944 3318 2007 3359 coe

458 3406 550 3469 opus,
566 3404 631 3451 non
649 3386 935 3469 qualitercumque,
951 3385 1005 3447 sed
1026 3403 1100 3447 cnm
1115 3384 1208 3447 recti·
1304 3386 1385 3444 sitii.

459 3485 569 3549 tudine
597 3485 756 3569 appetitus
779 3508 786 3547 ε
806 3484 892 3565 quod
920 3502 990 3546 esse
1018 3500 1082 3547 uon
1104 3490 1208 3564 potest

458 3583 522 3646 nisi
542 3601 600 3664 per
619 3584 753 3646 virtutes
775 3582 911 3645 morales
933 3581 1118 3663 passionum
1141 3597 1208 3643 mo-
1332 3579 1483 3643 lONYSlO
1504 3581 1669 3661 edocente,
1692 3582 1916 3664 cognoscimus
1936 3604 2006 3667 quo
2030 3610 2101 3655 una

457 3681 641 3745 donatrices.
657 3682 728 3745 Haec
743 3699 869 3763 qnoque
883 3678 1038 3762 perlectio
1053 3678 1206 3741 virtutum
1347 3678 1432 3741 niam
1455 3678 1655 3760 providentia
1675 3680 1730 3742 Dei
1745 3698 1810 3743 non
1829 3681 1915 3745 tollit
1929 3702 1947 3746 a
1964 3702 2006 3745 re
2016 3684 2120 3725 ΜΗ*

453 3779 626 3843 'moralium
647 3778 687 3841 ad
711 3777 837 3841 consilii
857 3777 976 3839 donum
997 3775 1206 3838 obtinendum
1261 3775 1321 3838 bus
1336 3776 1495 3838 naturales
1510 3795 1619 3839 earum
1634 3777 1854 3860 pmprietates,
1866 3781 1923 3844 sed
1937 3800 2004 3844 cau·

458 3877 603 3959 exigitur.
617 3875 705 3939 Unde
725 3874 871 3938 nonnulli
886 3871 1005 3956 opinati
1027 3879 1101 3935 sunt
1116 3871 1210 3935 reali-.
1262 3882 1319 3952 sat,
1337 3882 1504 3937 conservat
1524 3894 1562 3938 ac
1583 3874 1712 3958 perlicit
1732 3878 1895 3941 anellans
1916 3878 2006 3962 igitur

458 3982 506 4037 ter
520 3975 604 4037 idem
619 3972 771 4037 exsistere
785 3973 904 4036 donum
920 3970 1046 4035 consilii
1061 3978 1093 4033 et
1108 3970 1206 4032 virtu·
1262 3970 1436 4052 unicuique
1451 3971 1561 4034 influit
1582 3979 1613 4034 et
1628 3972 1756 4054 singula
1776 3984 1884 4038 movet
1899 3995 2006 4040 secun·
2118 4042 2119 4047 ,

457 4080 523 4135 tem
537 4068 929 4153 prudentiae,dilierreque
944 4068 1047 4131 solum
1063 4068 1096 4129 in
1112 4068 1205 4130 modo
1261 4069 1336 4131 dum
1361 4068 1603 4151 dispositionem
1628 4070 1900 4154 capacitatemqne
1922 4084 2006 4137 nam·

457 4168 571 4252 agendi
586 4191 593 4230 :
609 4168 752 4231 diceutes
770 4168 855 4248 quod
877 4165 1046 4249 prudentia
1065 4164 1205 4228 nomina·
1221 4169 1246 4230 Ι)
1261 4185 1302 4228 rte
1331 4166 1483 4247 ipsorum.
1513 4166 1600 4229 Unde
1632 4166 1665 4228 iu
1692 4168 1865 4250 Evangelio
1893 4170 2006 4253 legitur

456 4275 509 4330 tur
525 4266 559 4329 in
581 4272 735 4348 quantum
755 4265 900 4347 procedit
919 4284 957 4327 ex
974 4262 1142 4347 principiis
1156 4262 1206 4344 ju·
1260 4264 1413 4327 Dominus
1434 4264 1607 4347 unicuique
1628 4265 1753 4329 dedisse
1776 4285 1942 4332 servorum
1963 4288 2006 4331 se
2028 4289 2088 4336 unu

457 4366 502 4430 ris
516 4364 681 4445 naturalis,
691 4364 860 4429 consilium
875 4382 951 4426 vero
965 4370 1060 4445 pmut
1074 4380 1112 4424 ex
1126 4360 1203 4424 fidei
1260 4363 1400 4425 cundum
1429 4362 1590 4445 propriam
1618 4362 1780 4427 virtutem.
1807 4364 1909 4440 Quum
1936 4384 2005 4449 ergo
2017 4354 2087 4402 ¹¹'·¹⁵·

456 4464 601 4549 procedit
614 4462 794 4546 principiis.
805 4462 906 4544 Hujus
921 4469 1027 4525 auum
1042 4458 1204 4541 opinionis
1261 4460 1302 4523 sit
1316 4461 1409 4524 bomo
1423 4460 1609 4524 naturaliter
1622 4461 1819 4525 discursivus
1834 4483 1890 4527 seu
1906 4465 2007 4547 inqui·

457 4581 546 4627 error
565 4561 683 4625 clarius
703 4562 738 4623 in
760 4559 966 4642 sequentibus
986 4558 1173 4621 innotescet.
1261 4560 1375 4621 sitivus
1389 4566 1422 4622 et
1435 4559 1762 4640 admirativus,quum
1779 4561 1820 4624 sit
1834 4562 2003 4639 rationalis,

1261 4658 1404 4721 naturale
1426 4664 1474 4721 est
1488 4658 1516 4721 ei
1540 4658 1661 4722 moveri
1677 4678 1713 4722 ac
1735 4658 1849 4723 instrui
1865 4680 1925 4744 per
1946 4680 2007 4725 mo

672 4761 919 4827 ARTIGULUS
943 4761 987 4824 Il.
1260 4757 1336 4819 dum
1365 4756 1492 4820 consilii
1527 4776 1546 4819 a
1574 4756 1729 4839 superiori
1759 4758 2005 4842 sapientioriqne

1260 4872 1366 4917 causa.
1391 4853 1513 4916 ldcirco
1541 4853 1677 4935 Spiritus
1706 4855 1851 4935 Sanctus,
1876 4858 1934 4938 qui
1963 4863 2007 4921 est

543 4892 591 4954 De
615 4890 745 4966 triplici
768 4890 951 4964 acceptione
973 4889 1115 4949 consilii.
1339 4952 1345 4965 ¹
1491 4952 1497 4965 ,
1938 4956 1944 4969 ,

1260 4971 1404 5016 omnium
1432 4959 1602 5015 veritatum
1630 4970 1762 5016 examen
1791 4963 1824 5017 et
1850 4966 2003 5037 cognitor,

517 5048 694 5115 0NSlLlUll
707 5045 844 5130 denique
858 5047 962 5129 primo
975 5046 1131 5130 accipitur
1146 5064 1204 5129 pro
1260 5058 1400 5111 mentem
1415 5048 1602 5113 rationalem
1624 5059 1731 5114 movet
1752 5070 1809 5114 sen
1823 5051 1946 5134 dirigit,
1963 5055 2006 5116 in·
2115 5074 2116 5111 i

531 5147 760 5212 deliberatione
781 5146 820 5208 ad
835 5144 936 5208 linem
958 5145 1116 5208 intentum
1131 5144 1202 5207 utili
1261 5147 1410 5229 spirando
1438 5166 1495 5229 per
1522 5148 1652 5210 modum
1681 5148 1806 5212 consilii
1835 5169 1906 5232 quae
1936 5170 2006 5215 vcra

455 5257 549 5335 atque
563 5244 815 5326 valentizsicque
830 5242 998 5307 consilinm
1012 5243 1150 5326 pertinet
1163 5243 1202 5306 ad
1261 5252 1336 5308 sunt
1349 5253 1442 5329 atque
1457 5247 1673 5311 accommoda.
1682 5246 1742 5309 Sed
1757 5248 1909 5330 quoniam
1924 5260 2006 5315 actus
