4309 6259
601 514 757 563 exeostrto
778 514 876 561 utum
900 514 906 559 :
929 512 1081 561 countrou
1103 514 1184 561 ΑΗΕ
1205 514 1337 563 slohun!
1702 496 1743 563 23

199 701 273 747 cum
297 682 441 748 omnium
462 684 643 749 divinorum
665 690 852 749 ornamento
871 684 945 747 cha·
958 683 984 745 A
999 684 1198 747 terrestrium
1219 693 1251 747 et
1271 685 1481 751 iufemorum.
1498 687 1585 763 Quod
1603 686 1644 750 de
1657 686 1744 750 Chri-

199 780 365 845 rismatum
389 783 607 847 excellentiam
636 802 725 847 suam
748 782 942 861 decentium,
1000 790 1047 846 sto
1067 784 1243 847 secundnm
1264 793 1431 867 utramque
1451 794 1597 849 naturam
1617 784 1745 867 exponi-

199 880 389 962 desponsata
412 880 473 945 sibi
499 890 610 945 natura
634 883 783 960 humana,
809 889 840 945 ot
868 880 943 943 item
999 888 1061 944 tur.
1073 882 1222 956 Quamvis
1237 882 1323 945 enim
1337 882 1460 947 Christo
1475 884 1651 947 secundum
1664 880 1747 945 divi-

199 976 353 1057 Ecclesia,
361 979 394 1042 iu
410 980 511 1063 ipsius
526 980 794 1063 praestantissimas
805 978 944 1061 Virginis
999 979 1109 1042 nitatis
1130 989 1275 1043 naturam
1300 981 1459 1063 precipue
1483 988 1641 1064 competat
1661 980 1745 1063 quod

200 1084 310 1139 ventre
338 1078 527 1144 castissimo.
557 1080 826 1155 Quemadmodum
858 1078 944 1141 enim
1000 1078 1108 1141 omnia
1126 1079 1155 1141 ei
1175 1098 1279 1160 genua
1296 1078 1440 1158 flectant,
1456 1088 1562 1142 tamen
1581 1079 1666 1161 quod
1684 1079 1746 1142 hoc

51 1188 186 1239 oraturi.
201 1190 334 1255 sponsus
363 1184 394 1238 et
418 1196 534 1259 sponsa
562 1178 704 1240 carnales
728 1185 802 1240 sunt
824 1178 887 1239 duo
911 1176 944 1238 in
1000 1176 1058 1239 fiat
1086 1176 1161 1257 quia
1189 1175 1372 1239 humiliavit
1394 1196 1440 1255 se,
1465 1178 1569 1241 factus
1593 1176 1746 1241 obediens

200 1290 264 1334 una
286 1291 392 1352 carne,
418 1274 450 1337 id
475 1283 523 1338 est
549 1276 613 1339 duo
637 1275 801 1358 supposita
824 1274 857 1336 in
881 1292 945 1337 uuo
1000 1294 1101 1357 usquo
1115 1275 1154 1338 ad
1168 1282 1315 1353 mortem,
1331 1283 1425 1357 atque
1446 1275 1488 1339 ob
1501 1276 1562 1339 hoc
1577 1274 1706 1337 exaltari
1728 1294 1747 1336 a

200 1370 320 1431 carnali
336 1372 544 1452 commerci03
561 1373 605 1435 ita
620 1371 653 1434 in
667 1372 791 1436 Christo
806 1372 944 1435 Verbum
1000 1371 1100 1449 Patre,
1117 1372 1268 1435 convenit
1289 1372 1318 1435 ei
1340 1374 1516 1435 secundum
1537 1379 1683 1435 naturam
1698 1390 1748 1434 as·

200 1478 353 1533 aternum
375 1478 406 1533 et
427 1478 539 1533 natura
562 1472 701 1534 bumana
725 1490 743 1535 a
767 1470 870 1534 Verbo
897 1490 946 1531 as-
1001 1478 1170 1553 sumptam.
1188 1470 1313 1533 Certum
1333 1479 1381 1534 est
1399 1478 1504 1533 autem
1520 1471 1604 1553 quod
1623 1469 1747 1532 intelle-

201 1578 338 1652 sumpta,
362 1577 435 1631 sunt
456 1588 555 1631 unum
577 1568 653 1652 quid
675 1570 708 1631 in
730 1587 864 1651 persona
886 1591 892 1629 :
914 1576 945 1629 et
1001 1568 1122 1631 ctuales
1136 1576 1288 1631 creaturae
1309 1588 1328 1631 a
1348 1588 1481 1651 corpore
1504 1576 1666 1650 separatae,
1682 1586 1747 1632 non

65 1682 144 1728 icor.
157 1696 186 1736 u.
202 1668 264 1731 illas
287 1669 417 1731 fuerunt
440 1667 560 1750 nuptiae
584 1668 776 1750 personales.
803 1666 945 1729 Christus
1001 1666 1063 1727 uisi
1084 1665 1262 1749 spiritualia
1284 1686 1388 1748 genua
1406 1666 1550 1744 flectant,
1570 1667 1610 1729 de
1631 1665 1747 1747 quibus

52 1750 88 1790 ¹⁶·
202 1784 277 1828 vero
299 1772 330 1826 ot
351 1763 493 1826 Ecclesia
514 1764 595 1825 uniti
619 1771 692 1825 sunt
713 1764 796 1825 sicut
810 1781 945 1845 sponsus
1002 1766 1142 1828 secundo
1169 1764 1430 1848 Paralipomenon
1457 1765 1492 1826 in
1520 1784 1578 1827 sua
1605 1764 1747 1829 oratione
1769 1779 1905 1836 cuttup.

201 1871 233 1925 et
256 1880 382 1944 sponsa,
408 1880 465 1943 per
487 1861 744 1925 communionem
769 1870 888 1923 naturae
913 1859 945 1921 in
964 1858 1046 1924 Bait
1059 1862 1361 1941 blanasses:Flecto,
1370 1862 1515 1940 Domine,
1525 1882 1629 1944 genua
1642 1862 1747 1925 cordis
1761 1843 1908 1895 ²⁰⁵⁰'·³⁷⁸¹“

202 1980 290 2043 spem
306 1968 400 2043 atque
421 1960 520 2022 fidem
543 1967 574 2023 et
596 1959 769 2023 caritatem.
786 1960 821 2021 ln
836 1960 945 2021 eadem
1003 1960 1065 2023 mei
1081 1961 1119 2022 ad
1135 1968 1177 2037 te,
1193 1967 1253 2022 etc.
1270 1960 1434 2039 Praeterea,
1451 1969 1545 2043 prout
1558 1960 1652 2023 tertio
1666 1959 1748 2023 libro

202 2060 296 2123 etiam
328 2058 557 2136 incarnatione,
588 2058 882 2141 praeamabilissima
909 2077 946 2119 ac
1002 2058 1153 2121 disseruit
1166 2059 1391 2136 Damascenus,
1408 2077 1446 2122 eo
1468 2058 1537 2140 ipso
1559 2077 1622 2141 quo
1636 2056 1748 2139 Unige

201 2156 431 2240 gratiosissima
460 2156 514 2219 illa
542 2156 632 2239 virgo
661 2156 754 2218 ldaria
782 2156 866 2218 facta
899 2164 947 2217 est
1002 2156 1088 2217 uitus
1104 2154 1201 2218 Patris
1221 2155 1395 2237 assumpsit
1413 2164 1557 2218 naturam
1576 2156 1748 2218 humanam

202 2274 318 2339 sponsa
346 2254 516 2337 singularis
540 2254 653 2337 Sponsi
683 2254 769 2316 illius
794 2254 944 2331 coelestis,
1002 2254 1112 2317 adsui
1136 2254 1237 2336 ipsius
1258 2255 1489 2336 hypostaticam
1504 2254 1549 2333 (id
1571 2262 1619 2317 est
1643 2271 1750 2336 perso

202 2354 268 2417 imo
286 2352 383 2417 totius
403 2353 665 2435 superadoraudae
684 2360 716 2415 et
735 2351 946 2434 superglorio-
1002 2353 1121 2432 nalem)
1146 2352 1309 2430 unionem,
1331 2352 1469 2434 praetulit
1492 2360 1637 2414 naturam
1660 2351 1749 2413 illam

202 2450 336 2513 sissimus
363 2450 524 2512 Trinitatis
553 2449 788 2512 nobilissimum
817 2467 946 2531 prorsus
1002 2458 1198 2533 assumptam
1222 2450 1310 2513 omni
1335 2458 1497 2527 creaturae,
1523 2458 1555 2512 et
1582 2450 1678 2531 digna
1702 2456 1751 2510 est

203 2547 560 2631 splendidissimumque
575 2546 853 2610 tricliniumlliuc
868 2565 947 2627 pree-
1003 2549 1152 2613 honorari
1176 2568 1195 2611 a
1223 2548 1347 2610 cunctis
1376 2548 1529 2610 creaturis
1553 2547 1750 2630 hyperduliaa

49 2665 185 2715 renutu.
203 2646 281 2711 dixit
295 2645 459 2709 Psalmista
477 2670 483 2707 :
499 2646 533 2707 ln
550 2646 615 2709 sole
637 2646 743 2727 posuit
763 2645 947 2707 tabernaeu-
1004 2648 1104 2725 cultu,
1128 2655 1222 2730 prout
1244 2666 1341 2729 super
1364 2647 1491 2708 tertium
1516 2646 1749 2708 Sententiarum
1776 2664 1912 2722 uramur,

202 2746 267 2807 lum
284 2764 375 2807 suum
386 2744 452 2824 (ubi
469 2743 621 2807 Hebraica
636 2744 753 2805 veritas
768 2742 947 2821 hahet,Soli
1003 2746 1166 2809 declarant
1184 2746 1340 2809 doctores.
1357 2748 1521 2806 tutentur
1539 2754 1625 2804 nutu
1639 2744 1750 2803 subdi·
1765 2744 1786 2786 Ρ·
1797 2730 1910 2775 mm·

202 2842 308 2925 posuit
330 2842 569 2905 tabernaculum
594 2844 712 2921 suum),
735 2850 766 2904 et
789 2842 856 2923 ipse
880 2848 948 2903 tan-
1006 2854 1052 2914 to,
1070 2844 1101 2905 id
1117 2851 1175 2919 est,
1193 2862 1251 2925 per
1264 2842 1355 2924 signa
1370 2848 1602 2922 recognoscunt
1616 2859 1650 2903 se
1664 2840 1751 2903 Chri-

202 2960 296 3023 quam
317 2960 452 3023 sponsus
476 2941 650 3022 procedens
665 2941 704 3003 de
720 2940 857 3002 thalamo
877 2957 945 3002 suo.
1005 2949 1053 3004 sto
1069 2940 1223 3021 subjecta.
1240 2939 1317 3001 Nam
1338 2947 1369 3001 et
1390 2940 1549 3001 daemones
1568 2938 1702 3000 credunt
1720 2945 1752 2999 et
1778 2951 1855 2996 ratu.
1872 2964 1895 3003 ιι,

201 3040 288 3115 Quod
303 3040 422 3102 factum
438 3045 497 3116 est,
514 3060 530 3097 u
548 3046 696 3119 vergente
712 3036 820 3100 mundi
837 3055 948 3119 vespe
968 3038 1265 3102 Ccontremiscunt.
1281 3038 1316 3099 ln
1331 3036 1461 3099 Actibus
1480 3054 1606 3118 quoque
1619 3036 1751 3117 Aposto-
1766 3018 1799 3059 ¹⁹·

204 3158 237 3201 re
257 3161 286 3216 a,
304 3138 335 3201 id
356 3146 414 3214 est,
432 3136 543 3198 ultima
565 3136 674 3197 mundi
697 3144 787 3197 aetate
809 3134 947 3197 instante
1005 3137 1108 3200 lorum
1134 3135 1285 3197 recitatur
1308 3134 1444 3217 qualiter
1467 3133 1500 3195 iu
1525 3133 1654 3198 nomine
1677 3134 1749 3195 lesu
1783 3147 1897 3199 Διιιη,

203 3244 233 3299 et
247 3236 423 3299 divertente
442 3235 481 3297 ad
502 3253 570 3311 uos,
587 3234 669 3295 siout
688 3233 732 3295 ait
751 3233 944 3316 Apostolus:
1004 3235 1118 3298 Christi
1135 3236 1294 3297 daemones
1313 3232 1449 3314 adjurati
1470 3232 1664 3314 cogebantur
1678 3250 1751 3295 mox
1766 3212 1799 3253 ¹⁸'

48 3350 187 3400 reamur.
202 3336 264 3399 Nos
279 3354 388 3396 sumus
404 3334 437 3395 iu
452 3352 531 3415 quos
546 3332 629 3395 fines
651 3332 838 3395 saeculorum
853 3333 947 3393 deve·
1004 3331 1123 3414 egredi.
1140 3332 1220 3394 lliuc
1237 3332 1270 3393 in
1284 3330 1472 3414 Apocalypsi
1489 3330 1587 3392 multa
1602 3330 1751 3412 leguntur

203 3442 328 3497 nerunt.
358 3432 422 3495 b'ec
450 3432 553 3495 obstat
581 3431 607 3492 si
636 3431 703 3494 hacc
732 3430 843 3492 ultima
871 3438 946 3491 aetas
1003 3430 1271 3511 quemadmodum
1288 3429 1318 3491 S.
1335 3428 1471 3492 loannes
1485 3427 1608 3489 audivit
1622 3446 1749 3491 omnem
1763 3443 1896 3500 amre.

202 3532 316 3595 ceteris
337 3532 430 3593 duret
449 3529 581 3607 diutius,
604 3548 701 3611 quum
723 3537 754 3591 et
775 3527 870 3590 unius
891 3528 947 3591 ho
1004 3537 1179 3592 creaturam
1204 3528 1236 3588 iu
1258 3527 1351 3605 coelo,
1368 3535 1451 3588 terra
1472 3534 1503 3588 et
1524 3526 1637 3588 inferis
1655 3525 1749 3588 fateri

202 3630 299 3693 minis
313 3637 387 3692 ratas
407 3628 519 3690 ultima
540 3628 696 3689 interdum
716 3626 835 3689 diutius
855 3627 947 3689 duret
1003 3626 1223 3690 excellentiam
1247 3625 1427 3687 salvatoris.

204 3748 298 3811 quam
320 3746 430 3791 omues
445 3727 669 3809 praecedentes.
1044 3730 1086 3788 Te
1113 3729 1335 3801 deprecamur,
1359 3726 1452 3799 Apte,
1479 3732 1615 3783 venture
1641 3726 1750 3784 ludeo
1815 3728 1834 3783 s

242 3830 344 3905 Orty'us
357 3828 440 3903 sorti
450 3828 615 3901 potentiue,
631 3824 662 3886 id
682 3831 730 3886 est
748 3824 947 3906 omnipoteu-
1002 3826 1125 3893 scecotr',
1142 3821 1173 3884 id
1199 3829 1258 3898 est,
1279 3840 1297 3885 o
1321 3821 1443 3884 Christe
1463 3842 1480 3878 u
1504 3820 1575 3901 agie
1594 3842 1624 3897 u,
1646 3820 1677 3881 id
1702 3828 1750 3882 est

202 3926 253 3989 tiae
269 3923 612 4003 tuae,oChriste,penu
627 3924 946 3992 curuanturomur'o,
1002 3930 1122 3998 sancte,
1148 3944 1165 3979 u
1190 3928 1322 3983 venture
1346 3919 1444 3981 Judex
1467 3918 1574 3982 saculi
1597 3940 1627 3997 n,
1646 3918 1678 3979 id
1701 3926 1750 3980 est

202 4025 233 4087 id
249 4031 307 4101 est,
324 4022 473 4085 universa
488 4028 603 4099 creata,
619 4021 658 4083 de
680 4020 795 4101 quibus
815 4019 947 4100 subjuu-
1003 4020 1114 4083 muudi
1139 4017 1306 4102 generisve
1329 4016 1473 4094 humani,
1500 4039 1516 4076 u
1541 4018 1751 4099 deprecamur

200 4123 295 4205 gitur,
321 4122 471 4191 caelestiu,
500 4121 684 4189 terrestria,
709 4119 773 4182 imo
797 4126 827 4181 ct
850 4118 947 4180 infer·
1003 4127 1033 4180 te
1050 4142 1079 4195 u,
1095 4138 1261 4187 conserva,
1278 4116 1309 4178 id
1324 4124 1382 4192 est,
1396 4133 1552 4196 praeserva
1566 4122 1598 4177 et
1612 4115 1748 4192 custodi,

202 4219 298 4298 nalia,
323 4217 532 4281 humiliantur
555 4240 572 4277 u
597 4236 680 4297 genu
706 4240 733 4294 u,
759 4218 791 4279 id
819 4225 865 4278 est
892 4236 947 4299 per
962 4216 986 4277 D
1003 4237 1060 4277 uos
1083 4220 1275 4291 intempore
1296 4212 1561 4295 peregrinationis
1582 4212 1749 4295 exsiliique

202 4316 459 4401 genuflexionem
485 4335 540 4377 seu
565 4334 668 4397 genua
693 4335 750 4378 sua
774 4316 945 4391 flectendo,
1004 4313 1168 4397 praesentis
1191 4312 1294 4393 (sicut,
1305 4312 1407 4376 oravit
1425 4311 1600 4387 Psalmista,
1622 4310 1748 4374 Custodi
1763 4333 1803 4376 1³2.
1814 4334 1885 4384 aua

203 4415 379 4499 prasertim
395 4432 504 4479 omnes
520 4412 688 4475 rationales
704 4413 948 4477 intellectuales·
1004 4433 1067 4491 me,
1079 4412 1223 4488 Domine,
1236 4418 1270 4472 ut
1286 4409 1439 4491 pupillam
1455 4409 1551 4486 oculi,
1564 4409 1623 4471 sub
1637 4408 1750 4471 umbra

201 4534 262 4596 que
283 4521 433 4576 creaturae
456 4535 462 4574 :
484 4520 514 4573 et
533 4512 605 4588 hoc,
627 4510 675 4573 vel
697 4520 820 4593 sponte,
840 4519 875 4573 ut
894 4532 948 4574 an·
1004 4513 1125 4576 alarum
1147 4519 1270 4572 tuarum
1290 4516 1419 4591 protege
1439 4510 1514 4585 me),
1531 4510 1631 4568 hostis
1648 4528 1668 4567 o
1688 4512 1749 4567 telo

203 4612 265 4694 geli
295 4610 370 4675 boui
398 4610 607 4691 hominesque
634 4610 761 4689 devoti3
788 4612 947 4673 dmuronrs
1000 4612 1137 4688 perfidi,
1163 4609 1194 4669 id
1219 4615 1267 4669 est
1289 4606 1328 4669 ab
1353 4606 1547 4687 impmvisis,
1573 4605 1748 4683 insidiosis,

202 4731 277 4774 vero
302 4718 421 4789 coacte,
449 4709 595 4770 infideles
619 4728 755 4789 quoque,
779 4710 889 4771 saltem
915 4710 947 4770 iu
1004 4708 1106 4771 acutis
1122 4715 1153 4769 et
1168 4705 1291 4767 callidis
1307 4703 1747 4780 laesionibus,tentatiouihus,

44 4826 83 4869 ιι.
94 4837 141 4875 rav.
153 4826 186 4868 u.
203 4810 254 4873 die
268 4808 393 4891 judicii,
410 4807 536 4889 quando
551 4810 600 4885 (ut
620 4806 715 4869 lsaias
738 4806 894 4888 praedixit)
910 4808 947 4869 ad
1005 4803 1217 4880 nocumentis,
1233 4827 1249 4863 u
1261 4802 1361 4866 hostis
1376 4801 1491 4884 perfidi
1505 4825 1534 4881 u,
1553 4802 1584 4863 id
1599 4810 1647 4864 est
1661 4801 1750 4864 falla-

203 4928 276 4970 eum
302 4906 431 4968 venient
454 4912 485 4966 et
508 4904 743 4967 confundentur
762 4924 872 4967 omnes
894 4907 947 4985 qui
1006 4906 1052 4969 cis
1073 4904 1206 4979 diaboli,
1227 4902 1281 4984 qui
1306 4908 1353 4963 est
1378 4903 1513 4964 mendax
1536 4909 1567 4963 et
1591 4902 1696 4977 fallax,
1719 4909 1749 4962 et
1769 4922 1896 4974 rotantur.

204 5012 382 5089 repugnant
396 5003 509 5067 ei.lloc
521 5012 568 5065 est
583 5004 666 5083 quod
681 5005 720 5065 ed
731 5003 949 5085 Philippenses
1006 5022 1178 5084 suggerens
1198 5000 1281 5062 mala
1300 4999 1359 5061 sub
1380 4998 1486 5080 specie
1506 4999 1591 5062 boni.
1609 4999 1695 5061 Unde
1711 4999 1750 5061 ad
1766 4988 1800 5029 ⁸⁸·

53 5120 188 5176 Philippu
205 5104 315 5166 scribit
341 5101 509 5183 Apostolus
535 5124 542 5163 ι
568 5100 754 5163 humiliavit
777 5122 822 5179 se,
848 5101 949 5164 factus
1006 5100 1160 5183 Ephesios
1189 5101 1332 5161 hortatur
1360 5096 1528 5179 Apostolus
1555 5120 1562 5157 :
1588 5097 1622 5158 ln
1650 5096 1753 5159 omui·
1773 5114 1897 5169 aptatu,

45 5188 71 5233 ⁸·
84 5186 115 5226 '⁰'
205 5201 357 5266 obediens
372 5218 472 5281 usque
487 5198 526 5261 ad
541 5207 687 5275 mortem,
703 5206 776 5277 etc,
795 5207 829 5261 ut
848 5200 881 5260 in
897 5219 952 5262 uo·
1007 5200 1066 5262 bus
1081 5206 1241 5260 sumentes
1257 5203 1380 5258 scutum
1396 5195 1486 5272 fidei,
1500 5195 1532 5257 in
1546 5214 1609 5276 quo
1623 5194 1752 5277 possitis
1768 5179 1801 5219 ¹⁶·

206 5299 292 5363 mine
307 5299 379 5363 lesu
390 5316 484 5361 omne
498 5315 582 5379 genu
593 5296 949 5376 flectatur,coelestium,
1008 5296 1116 5363 omnia
1138 5296 1200 5360 tela
1222 5294 1410 5376 nequissimi
1430 5294 1522 5376 ignea
1540 5293 1751 5374 exstinguere.
