4309 6259
425 479 463 548 ⁷0
891 497 1048 546 cruosrrm
1068 498 1169 545 arnus
1191 506 1199 544 ι
1222 497 1328 546 seems
1349 499 1507 547 somnum

462 670 605 753 Denique
620 690 657 735 ex
671 670 732 736 hoc
746 671 864 754 hymno
883 690 1054 754 pensemus
1073 690 1169 755 mam
1185 670 1370 735 Anitudine
1382 670 1621 753 fidei,adspersi
1632 671 1728 735 corda
1741 690 1760 734 a
1774 669 1970 736 conscientia

423 768 643 849 indicibiliter,
660 770 725 836 imo
739 778 772 832 et
790 769 1168 853 incomprehensibiliter,
1224 770 1320 832 mala.

422 868 575 931 Dominus
599 868 681 931 Deus
701 876 810 933 noster
828 869 1041 951 omnipotens,
1058 868 1171 949 Unige-
1263 867 1376 932 Nescio
1401 875 1507 931 utrum
1531 867 1634 951 magis
1660 868 1795 933 debeam
1820 866 1969 931 admimri

274 982 410 1033 merua.
423 964 509 1028 nitus
523 966 578 1029 Dei
593 965 931 1049 Patris‚magnificavit
944 968 1049 1031 facere
1064 966 1171 1030 nobis-
1224 965 1306 1028 hanc
1338 974 1403 1028 tam
1437 966 1708 1048 supernaturalem
1739 966 1839 1029 fidem
1867 984 1969 1029 sacra·

425 1082 509 1129 cnm.
529 1065 641 1128 Factus
656 1074 704 1128 est
718 1065 815 1129 frater
829 1074 935 1130 noster
949 1086 1007 1148 per
1026 1066 1171 1129 incarna-
1223 1065 1324 1127 menti
1348 1064 1451 1143 istius,
1467 1085 1508 1127 an
1532 1065 1629 1129 totius
1652 1064 1764 1128 mundi
1789 1064 1971 1129 conversio-

424 1162 555 1243 tionem,
572 1162 662 1226 cibus
677 1171 784 1227 noster
805 1183 862 1246 por
883 1164 1167 1244 consecrationem,
1223 1181 1298 1226 nem
1316 1164 1355 1225 ad
1375 1162 1486 1241 fidem,
1503 1171 1534 1226 et
1553 1164 1712 1246 quomodo
1736 1162 1840 1246 potuit
1862 1162 1969 1245 generi

424 1261 566 1325 Salvator
583 1270 691 1326 noster
715 1281 771 1344 per
794 1261 1025 1326 amarissimam
1049 1262 1171 1343 passio-
1223 1261 1363 1324 humano
1392 1261 1510 1343 ubique
1545 1270 1700 1324 terrarum
1728 1260 1911 1344 persuaderi
1939 1269 1971 1323 et

425 1378 510 1438 nem,
541 1358 702 1423 beatitudo
735 1369 843 1424 nostra
877 1379 935 1442 per
969 1360 1101 1423 finalem
1129 1360 1168 1423 ad
1224 1358 1364 1441 imprimi
1379 1359 1462 1423 fides
1477 1359 1548 1438 ista,
1564 1359 1629 1424 imo
1643 1368 1707 1422 tam
1722 1359 1859 1422 firmiter
1872 1360 1971 1422 susci-

424 1456 530 1539 ipsum
558 1457 809 1539 perventionem.
838 1458 923 1521 lnter
951 1476 1010 1521 nos
1039 1476 1170 1521 conver·
1224 1456 1256 1539 pi
1271 1457 1356 1539 quod
1376 1457 1464 1520 nulla
1484 1458 1616 1536 ratione,
1633 1458 1722 1521 nullo
1741 1458 1968 1539 experimento,

424 1563 510 1619 satus
540 1564 590 1619 est
616 1575 673 1638 per
695 1555 979 1619 familiarissimam
1007 1575 1169 1621 comman-
1223 1556 1312 1618 nulla
1326 1556 1544 1638 prosperitate,
1562 1556 1650 1619 nulla
1664 1555 1854 1619 adversitate
1867 1556 1971 1637 quivit

423 1654 545 1718 sionem
559 1678 567 1733 ;
583 1654 672 1717 misit
692 1654 784 1717 nobis
805 1655 1000 1718 Paracletum
1025 1674 1081 1736 per
1100 1674 1169 1737 pre
1223 1654 1328 1718 avelli.
1345 1654 1434 1717 Certe
1450 1655 1541 1737 juxta
1560 1654 1814 1718 inestimabilem
1833 1654 1972 1717 altitudi-

421 1752 666 1817 tiosissimorum
692 1771 821 1817 suorum
846 1753 1168 1817 communicationem
1223 1772 1297 1815 nem
1317 1752 1741 1835 incomprehensibilissimae
1761 1752 1838 1816 fidei
1860 1751 1968 1834 hujus,

421 1850 646 1914 charismatum
660 1875 668 1930 ;
684 1850 796 1914 ditavit
810 1870 868 1915 nos
883 1869 1038 1933 pauperes
1060 1870 1169 1932 super·
1186 1843 1209 1904 B
1224 1836 1437 1934 multiplicata
1450 1860 1483 1914 et
1495 1850 1702 1933 magnificata
1717 1859 1791 1913 sunt
1804 1869 1971 1933 argumen-

420 1948 618 2011 naturalibus
643 1948 746 2013 donis.
769 1948 919 2011 llirantur
938 1948 1043 2031 angeli
1066 1948 1167 2011 sancti
1223 1956 1255 2011 ta
1280 1948 1393 2031 ipsius,
1414 1949 1517 2030 signa,
1538 1949 1683 2032 prodigia
1706 1957 1739 2011 et
1762 1948 1907 2026 virtutes,
1924 1948 1970 2011 sic
2139 2017 2140 2044 ¹

421 2054 541 2109 mutam
568 2046 735 2111 hominum
764 2046 986 2109 exaltationem
1019 2053 1050 2109 et
1077 2047 1168 2128 quasi
1222 2047 1306 2128 quod
1321 2046 1487 2110 verissime
1503 2047 1668 2128 psallimus
1682 2048 1764 2111 Deo:
1778 2046 2029 2110 Testimonium.
2042 2067 2110 2113 mes.
2139 2059 2140 2078 ³

421 2143 740 2207 deificationemSed
755 2145 833 2208 heut
847 2144 1053 2208 miserhomo
1068 2163 1167 2226 quum
1223 2152 1277 2206 tua
1291 2143 1457 2207 credibilia
1472 2144 1556 2207 facta
1571 2153 1645 2207 sunt
1658 2144 1766 2207 nimis.
1782 2144 1871 2219 Quod
1892 2142 1973 2206 luci-

422 2242 456 2304 in
471 2242 591 2306 honore
605 2250 699 2320 esset,
712 2261 775 2308 non
790 2242 961 2320 intellexit3
975 2250 1022 2306 tot
1035 2250 1068 2305 et
1082 2250 1170 2305 tanta
1222 2241 1354 2304 dissime
1369 2249 1502 2319 constat,
1520 2242 1546 2304 si
1562 2242 1671 2305 omnia
1688 2250 1926 2323 comportentur
1939 2249 1973 2304 et

421 2340 577 2403 lineatoris
606 2340 654 2402 sui
683 2340 915 2422 gratiosissima
942 2360 1075 2403 munera
1104 2360 1168 2403 non
1223 2347 1448 2421 comparentur
1465 2341 1504 2403 ad
1525 2340 1663 2403 invicem
1687 2348 1720 2402 et
1743 2340 1803 2404 rite
1827 2340 1972 2404 conside-

421 2437 578 2516 advertit3
599 2455 751 2518 amorem,
771 2437 1038 2517 munificentiam,
1059 2438 1170 2519 digna·
1223 2445 1342 2516 rentur,
1359 2446 1395 2499 ut
1407 2437 1485 2501 alibi
1500 2438 1653 2500 diffusius
1668 2446 1716 2501 est
1729 2447 1903 2502 ostensum.

422 2536 552 2615 tionem,
588 2534 847 2615 beneficentiam,
884 2535 1085 2617 presentiam
1113 2536 1168 2598 Dei
1262 2536 1302 2598 Et
1323 2555 1410 2598 nunc
1435 2535 1543 2617 igitur,
1557 2536 1648 2618 juxta
1671 2543 1829 2620 praetacta,
1851 2544 1972 2617 sataga-

421 2633 471 2696 sui
486 2633 525 2696 ad
541 2653 575 2697 se
590 2652 654 2697 non
669 2634 982 2715 perpendit:idcirco
998 2653 1057 2697 nec
1072 2635 1169 2715 digne
1222 2653 1294 2696 mus
1314 2635 1354 2697 ab
1373 2634 1461 2697 omni
1487 2635 1738 2716 inquinamento,
1755 2634 1794 2697 ab
1814 2634 1902 2699 omni
1926 2635 1974 2697 lo-

421 2731 577 2795 sollicitus
591 2739 639 2793 est
657 2731 704 2793 illi
724 2732 860 2813 placere,
876 2739 984 2813 gratus
1005 2731 1166 2810 exsistere,
1223 2731 1383 2812 quacitate
1410 2750 1448 2795 ac
1484 2732 1619 2815 propriae
1650 2733 1824 2796 voluntatis
1855 2732 1974 2795 duritia

421 2837 453 2893 et
468 2846 574 2893 coram
590 2828 660 2911 ipso
674 2828 893 2892 indesinenter
906 2828 1055 2893 timorate
1069 2837 1101 2893 et
1115 2849 1170 2892 cu·
1223 2830 1353 2912 penitus
1376 2829 1549 2909 abstinere,
1573 2832 1613 2893 ad
1648 2849 1791 2894 mensam
1818 2830 1974 2893 Altissimi

421 2926 535 2991 stodite
551 2925 670 2989 versari
689 2944 726 2989 ac
747 2926 867 3004 vivere,
884 2934 916 2989 et
934 2945 1062 2990 omnem
1082 2927 1169 2989 illius
1224 2927 1367 3008 quotidie
1383 2946 1456 2990 cum
1471 2928 1558 2991 omni
1570 2927 1691 2991 affectu
1705 2928 1806 3010 magis
1821 2946 1857 2990 ac
1872 2927 1975 3009 magis

422 3024 697 3088 inhonorationem
712 3031 805 3105 atque
820 3022 978 3087 offensam
988 3024 1168 3088 vitare.Sed
1189 3026 1337 3088 (ldevote
1364 3026 1527 3104 accedere,
1554 3026 1588 3088 in
1615 3027 1679 3091 Deo
1708 3025 1907 3109 simplificari
1935 3044 1975 3089 ac

421 3122 488 3205 jam
509 3140 596 3185 nunc
616 3120 841 3203 resipiscamus
858 3140 877 3183 a
896 3122 1110 3203 negligentiis,
1126 3122 1174 3205 pi·
1230 3122 1376 3201 stabiliri,
1403 3142 1531 3187 omnem
1553 3122 1807 3187 infelicissimam
1830 3123 1978 3187 reflexio

380 3210 385 3221 ’
423 3218 543 3302 gritiis,
574 3218 780 3301 insipientiis,
809 3218 1093 3301 ingratitudinibus
1121 3238 1176 3283 no-
1231 3239 1305 3283 nem
1320 3221 1358 3282 ad
1372 3222 1537 3303 proprium
1552 3222 1755 3286 commodum
1773 3229 1805 3285 et
1821 3222 1977 3285 honorem

274 3336 407 3388 nausea
424 3317 509 3394 stris,
520 3326 552 3380 et
569 3317 757 3380 accedamus
772 3336 845 3379 cum
861 3317 955 3380 corde
970 3335 1045 3380 vero
1061 3316 1094 3379 in
1109 3318 1176 3400 ple
1231 3318 1464 3382 incessabiliter
1483 3319 1662 3383 abhorrere.

838 3680 924 3775 ab
967 3680 1229 3777 LAUDES
1277 3682 1551 3779 HYMNUS

529 4004 560 4065 1.
577 4001 725 4066 Verbum
745 4019 928 4083 supernum
947 4000 1115 4082 prodiens
1339 4004 1370 4065 4.
1392 4004 1434 4067 Se
1453 4020 1592 4067 nascens
1608 4004 1701 4067 dedit
1718 4002 1859 4084 socium,

512 4100 581 4164 Nec
595 4100 705 4163 Patris
722 4100 877 4181 linquens
889 4100 1071 4177 dexteram,
1316 4100 1534 4180 Convescem,
1554 4101 1589 4163 in
1609 4102 1776 4183 edulium3

513 4198 565 4261 Ad
584 4215 669 4279 opus
687 4216 785 4261 suum
806 4199 931 4276 exienS,
1315 4198 1358 4262 Se
1376 4199 1534 4278 moriens,
1555 4200 1590 4262 in
1608 4200 1765 4281 pretium,

513 4296 614 4361 Venit
632 4297 674 4360 ad
692 4296 770 4361 vitae
786 4312 970 4378 vesperam.
1316 4297 1358 4361 Se
1376 4315 1517 4379 regnans
1535 4298 1592 4361 dat
1610 4298 1644 4360 in
1663 4297 1851 4380 praemium.

534 4493 566 4558 2.
583 4493 623 4557 In
642 4494 784 4557 mortem
802 4509 822 4556 a
840 4489 1004 4572 discipulo
1337 4493 1368 4555 5.
1386 4492 1414 4556 0
1433 4492 1588 4556 salutaris
1602 4493 1732 4574 Hostia,

512 4592 589 4658 Suis
606 4591 785 4656 tradendus
804 4590 946 4669 aemuliS,
1314 4589 1395 4663 Quae
1414 4590 1488 4654 coeli
1507 4590 1625 4673 pandis
1644 4592 1788 4655 ostium!

511 4691 610 4755 Prius
628 4690 664 4753 in
682 4690 759 4753 vitae
779 4688 903 4753 ferculo
1312 4687 1406 4751 Bella
1424 4690 1579 4769 premunt
1596 4690 1756 4753 hostilia:

510 4789 553 4853 Se
572 4787 707 4851 tradidit
725 4786 910 4868 discipulis.
1313 4786 1364 4849 Da
1381 4786 1493 4865 robur,
1514 4786 1562 4850 fer
1580 4788 1756 4851 auxilium.

534 4984 565 5047 3.
583 4981 712 5056 Quibus
730 4980 793 5044 sub
810 4980 889 5044 bina
906 4980 1015 5062 specie
1336 4983 1367 5047 6.
1384 4982 1449 5046 Uni
1462 4982 1618 5063 trinoque
1631 4982 1775 5048 Domino

512 5080 652 5145 Carnem
670 5078 761 5142 dedit
780 5080 813 5143 et
830 5078 1037 5160 sanguinem,
1312 5081 1363 5144 Sit
1380 5081 1582 5162 sempiterna
1599 5080 1724 5161 gloria:

511 5180 557 5243 Ut
574 5176 717 5258 duplicis
735 5176 928 5241 substantie
1313 5178 1378 5251 Qui
1392 5178 1496 5241 vitam
1511 5178 1584 5241 sine
1601 5179 1744 5243 termino

509 5278 632 5343 Totum
650 5274 773 5339 cibaret
790 5274 972 5341 hominem.
1310 5276 1415 5342 Nobis
1432 5276 1534 5343 donet
1550 5277 1586 5340 in
1604 5277 1721 5361 patria.
1738 5278 1857 5344 Amen.
