4309 6259
400 510 440 557 aa
460 510 618 560 ruacouro
638 510 676 558 ιιι
695 510 860 559 cruuntur
880 510 997 573 arara,
1019 511 1108 559 uasa
1128 511 1161 557 rr.
1183 530 1225 542 -
1244 512 1316 559 aar.
1337 512 1392 571 ιιι,
1413 511 1468 559 rur
1647 492 1707 557 tlt

158 676 239 739 sime
253 680 463 762 conservavit,
475 681 783 765 prudentissimaque
798 690 904 745 mente
919 682 943 744 Α
961 681 1103 746 bonitate
1126 682 1259 764 ejusque
1281 683 1454 747 barmoniae
1475 680 1708 746 convenientis-

157 776 314 857 pensavit.
330 777 486 852 Quantum
501 781 534 842 iu
550 780 600 842 bis
622 788 718 861 atque
738 799 776 843 ex
798 780 848 841 his
870 779 903 841 iu
960 780 1042 843 sima
1055 780 1232 863 aequalitate
1246 790 1374 845 ostensa
1394 789 1479 858 suut,
1497 798 1708 843 rememoren-

158 874 335 954 sapientiali
349 876 531 941 divinorum
545 879 813 961 contemplatione
832 896 904 961 pro-
960 885 1012 940 tur
1031 879 1147 958 denuo,
1164 887 1307 959 patenter
1321 878 1461 962 (opinor)
1476 877 1643 956 constabit,
1660 896 1708 939 se

158 970 274 1035 iecisse
294 975 453 1037 censenda
473 978 543 1038 estl
959 977 1100 1038 cundum
1114 986 1258 1039 naturam
1278 976 1505 1040 docilissimam
1520 994 1591 1038 eam
1609 973 1708 1037 studi·

195 1069 308 1133 Adhuc
322 1078 440 1150 autem,
456 1092 495 1135 ex
508 1091 571 1155 qno
592 1074 674 1136 Deus
695 1074 780 1155 quod
800 1073 903 1138 ldariae
958 1072 1203 1155 osissimamque
1217 1073 1328 1137 luisse.
1344 1073 1510 1137 luductum
1529 1091 1645 1154 nempe
1659 1072 1706 1153 (ui

154 1176 223 1229 erat
246 1169 420 1251 assumpsit
443 1178 476 1233 et
499 1170 612 1249 induit,
633 1171 695 1253 ipsi
720 1171 767 1251 (ui
795 1171 902 1251 fallor)
958 1169 1065 1249 fallor)
1080 1178 1138 1248 est,
1155 1170 1238 1233 hauc
1260 1171 1369 1253 utique
1391 1171 1541 1250 Puellam,
1561 1189 1632 1253 quaa
1652 1190 1708 1233 ua·

153 1266 238 1346 quod
254 1285 347 1329 suum
362 1276 411 1331 est
424 1268 581 1351 rependit.
598 1269 778 1351 Assumpsit
795 1278 901 1333 autern
958 1275 1037 1330 turra
1050 1276 1225 1349 auctorem,
1241 1269 1407 1351 omnisque
1422 1267 1626 1351 perfectionis
1641 1267 1708 1332 lon·

153 1382 192 1425 ex
216 1383 254 1427 ca
279 1374 437 1446 naturam,
457 1368 655 1449 gratiamque
684 1366 810 1431 reludit.
834 1367 903 1431 Cle-
958 1374 1033 1446 tem,
1050 1374 1083 1429 et
1097 1366 1335 1431 confractorum
1349 1375 1561 1449 reparatorem
1576 1366 1708 1449 gignere

152 1460 372 1525 meritissimus
385 1464 491 1546 itaque
511 1464 650 1545 Creator,
667 1464 721 1547 qui
743 1484 762 1527 a
782 1464 903 1547 princi·
958 1465 1125 1546 praeelecta
1153 1466 1284 1544 exstitit,
1315 1474 1435 1529 nature
1463 1465 1555 1529 donis
1583 1474 1708 1529 natura-

153 1559 206 1640 pio
224 1559 368 1641 angelos,
383 1580 420 1623 ac
444 1561 575 1625 demum
598 1562 744 1626 homiues
769 1563 899 1643 electos,
958 1561 1105 1644 libusque
1121 1562 1371 1646 perfectionibus
1387 1582 1451 1627 nou
1473 1562 1625 1641 caruisse,
1642 1562 1706 1626 imo

154 1664 216 1719 tam
232 1658 371 1739 gratuito
386 1666 513 1741 tamque
527 1661 774 1724 misericorditer
791 1681 829 1725 ac
851 1680 903 1724 su·
956 1659 1125 1724 benedicto
1141 1680 1198 1725 suo
1213 1660 1292 1725 Filio
1313 1660 1344 1723 in
1364 1662 1473 1743 gratiae
1494 1661 1633 1742 itemque
1652 1680 1707 1723 na-

153 1755 385 1836 perellluenter
399 1757 570 1821 illustravit
584 1767 616 1821 et
630 1759 901 1840 docuit,aquibus
957 1766 1036 1821 turae
1055 1759 1249 1822 excellentiis
1272 1759 1464 1822 simillimam
1487 1754 1598 1822 luisse.
1619 1760 1705 1822 Unde

153 1854 262 1935 utique
278 1855 357 1918 nibil
373 1856 524 1940 suscepit,
541 1876 675 1939 quorum
690 1859 832 1921 noudum
847 1857 902 1923 bo-
919 1854 943 1916 B
958 1856 1124 1919 evidenter
1139 1857 1310 1921 innotescit
1324 1857 1435 1940 optimi
1458 1876 1527 1919 earn
1542 1856 1642 1919 luisse
1657 1858 1706 1919 in-

153 1953 203 2014 nis
217 1953 306 2035 eguit
323 1977 330 2015 :
346 1955 422 2035 quid
438 1955 680 2019 illuminationis
693 1964 725 2019 et
743 1957 851 2039 gratia
872 1956 902 2019 ei
957 1955 1055 2037 genii,
1078 1956 1290 2037 studiosaque
1315 1955 1441 2035 mentis,
1464 1964 1498 2018 ut
1522 1954 1583 2017 sibi
1608 1956 1705 2038 aptis-

153 2052 338 2132 prastitisse
361 2054 539 2117 credendus
558 2062 608 2117 est
626 2054 719 2136 cujus
743 2055 804 2119 sibi
830 2056 904 2118 sub·
958 2055 1038 2115 sime
1053 2052 1144 2117 lateri
1167 2054 1329 2117 incumbat
1346 2077 1352 2115 :
1369 2054 1476 2116 Puella
1497 2062 1603 2117 autern
1617 2074 1704 2117 eram
1719 2080 1858 2138 smnpa,

153 2150 303 2213 stantiam
318 2152 433 2230 induit,
445 2152 539 2234 cujus
554 2154 635 2217 lacte
649 2154 797 2233 nutritus,
810 2154 902 2235 cujus
956 2152 1131 2234 ingeniosa,
1148 2160 1180 2215 et
1198 2153 1308 2217 sortita
1326 2172 1396 2215 sum
1417 2150 1555 2215 animam
1576 2152 1703 2216 bonam.

153 2248 286 2331 insuper
309 2249 475 2332 diligentia
498 2252 651 2316 educatus
671 2252 827 2331 consistit,
850 2252 902 2315 cui
998 2250 1093 2313 Porro
1117 2251 1150 2312 iu
1176 2250 1270 2313 llaria
1294 2258 1438 2313 naturam
1459 2249 1560 2331 gratia
1580 2252 1706 2333 penitus

154 2366 188 2409 se
208 2356 276 2411 tam
297 2348 590 2432 incomparabiliter
612 2350 787 2433 obligavitl
807 2350 903 2413 Dece-
958 2347 1213 2431 superimplevit,
1235 2350 1429 2431 omninoque
1454 2348 1541 2429 vicit,
1565 2368 1601 2412 ac
1626 2348 1707 2412 inel-

154 2446 207 2508 bat
227 2464 370 2528 prorsus,
397 2447 424 2509 si
452 2466 516 2511 non
541 2448 638 2511 nimis
663 2449 815 2531 decipior,
842 2468 902 2511 uec
957 2445 1096 2509 labiliter
1111 2447 1405 2529 confortavitatque
1420 2446 1707 2529 perfecitldeoque

155 2543 265 2607 itatem
293 2564 397 2627 neque
425 2546 611 2628 Apostolum
639 2545 695 2609 Dei
724 2546 823 2629 ipsius
852 2565 904 2610 co-
958 2544 1054 2625 lucet,
1080 2552 1115 2607 ut
1139 2565 1220 2624 reor,
1247 2564 1304 2627 per
1330 2546 1462 2627 gratiam
1486 2545 1706 2609 vehementius

155 2642 273 2722 aquari
288 2641 450 2724 Genitrici,
462 2651 499 2707 ut
511 2652 598 2707 unta
611 2644 716 2707 cordis
736 2643 902 2727 sapientia,
959 2663 1089 2725 prorsus
1104 2644 1275 2707 docibilem
1289 2644 1524 2727 studiosamque
1539 2644 1639 2706 luisse
1649 2644 1708 2706 lla·

157 2739 386 2804 iucarnationis
405 2742 578 2805 maneriam
597 2750 691 2824 atque
706 2742 901 2825 mysterium,
958 2742 1049 2805 riam
1074 2742 1227 2824 Denique,
1258 2760 1315 2825 per
1342 2742 1475 2823 gratiam
1503 2742 1590 2805 inani
1619 2740 1707 2805 omni

155 2836 334 2919 Christique
349 2847 489 2917 naturas,
506 2840 765 2922 personalitatem
781 2841 902 2903 etitem
959 2840 1174 2903 sollieitudine
1199 2840 1312 2918 caruit,
1338 2839 1509 2921 tranquilla
1538 2840 1708 2921 quietaque

155 2936 365 3017 proprietates
378 2945 620 3019 cognoscerent,
635 2939 903 3019 quemadmodum
958 2938 1090 3017 exstitit,
1106 2946 1210 3001 motus
1226 2938 1423 3002 inordinatos
1437 2957 1502 3003 uon
1518 2936 1708 3013 sensitlluis

155 3032 220 3113 illa,
238 3034 292 3096 cui
312 3042 376 3096 tam
391 3033 550 3097 ineflabili
566 3035 785 3117 immensaque
803 3036 904 3117 gratia
920 3036 942 3099 C
959 3054 1035 3099 vero
1049 3045 1114 3099 tarn
1130 3037 1257 3119 ineptus
1278 3044 1327 3100 est
1340 3043 1469 3119 tamque
1484 3036 1636 3115 insulsus,
1653 3036 1707 3116 qui

155 3131 354 3213 impertitum
375 3140 479 3196 estut
502 3150 560 3215 per
583 3152 653 3197 eam
678 3133 902 3215 Prophetarum
958 3135 1181 3216 hujuscemodi
1211 3135 1349 3199 animam
1380 3136 1543 3217 sapientie
1567 3134 1709 3217 capacis-

156 3228 365 3312 implerentur
378 3230 669 3314 vaticinia,llegcm
684 3250 811 3314 quoque
825 3234 903 3315 Apo
958 3234 1072 3297 simam
1102 3253 1166 3297 nou
1192 3237 1322 3298 cernatl
1347 3234 1558 3316 Capacitatem
1581 3251 1707 3317 quoque

156 3330 310 3393 stolorum
322 3348 360 3392 ac
375 3328 483 3393 saeculi
497 3329 693 3393 Salvatorem
708 3329 900 3395 effunderet.
957 3332 1059 3415 ipsius
1072 3332 1236 3414 impletam
1253 3332 1351 3395 luisse
1366 3340 1558 3415 praeostensa
1577 3333 1709 3396 demou·
1721 3352 1854 3406 uariata.

193 3426 363 3507 Quantum,
387 3446 407 3491 o
436 3427 621 3491 dulcissima
648 3427 793 3508 Domina
818 3447 904 3491 ama·
958 3437 1068 3493 strant.
1098 3430 1209 3493 Adhuc
1238 3438 1355 3510 autem,
1385 3430 1474 3493 Pater
1505 3430 1706 3513 omnipoteus

156 3524 313 3588 bilissima
332 3525 438 3602 ldaria,
459 3544 551 3588 meus
578 3533 632 3589 tua
652 3525 825 3608 purissima
849 3527 904 3590 de-
957 3528 1038 3590 llilio
1060 3545 1118 3590 suo
1143 3527 1259 3591 dilecto
1282 3526 1429 3589 idoneam
1452 3537 1620 3609 aptamque
1642 3546 1708 3590 ma-

155 3621 341 3702 lectabatur,
366 3625 442 3687 dnm
470 3632 536 3686 tam
564 3624 688 3688 sincere
712 3632 806 3707 atque
832 3643 903 3707 pro-
957 3634 1038 3689 trem
1066 3623 1198 3707 paravit.
1229 3624 1326 3687 Filius
1354 3643 1429 3688 vero
1458 3626 1539 3706 ejus,
1566 3624 1706 3687 Verbum

155 3720 251 3784 iunde
272 3722 437 3804 proprium
456 3722 661 3804 Unigenitum
680 3721 738 3783 tibi
757 3722 790 3784 in
809 3725 903 3786 terris
957 3732 1006 3787 cst
1024 3731 1056 3787 et
1077 3722 1205 3800 veritas,
1227 3721 1384 3804 sapientia
1404 3730 1436 3784 et
1457 3722 1617 3804 splendor.
1634 3720 1707 3785 Orn-

156 3820 377 3883 couviventem
391 3819 591 3898 intendebas,
607 3821 683 3883 dum
703 3819 902 3902 majestatem
957 3822 1033 3886 nino
1051 3828 1158 3885 autern
1181 3820 1252 3882 talis
1277 3819 1338 3881 lilii
1365 3820 1546 3904 susceptiva
1569 3838 1634 3883 uou
1657 3828 1707 3883 est

156 3918 386 4001 contemplans,
415 3918 631 4001 dignationem
660 3926 804 4001 stupens,
833 3938 903 4000 gra·
956 3920 1020 3983 nisi
1041 3920 1130 4002 virgo
1155 3918 1351 4000 sapientialis
1371 3926 1403 3981 et
1422 3917 1568 4000 simplex,
1588 3937 1630 3981 ue
1651 3918 1707 3980 be-

155 4014 230 4077 tiam
257 4015 299 4078 ad
326 4016 458 4098 pleuurn
487 4015 594 4079 mirari
619 4034 684 4079 nou
710 4016 833 4096 valens,
857 4016 903 4079 le
956 4018 1074 4081 betudo
1107 4016 1308 4099 sapientiam,
1338 4016 1569 4097 carnalitasque
1601 4016 1706 4080 exclu-

156 4111 307 4177 licissima
334 4114 421 4177 illius
454 4114 580 4178 visione
615 4114 772 4196 corporali
808 4122 902 4197 atque
957 4117 1011 4180 dat
1038 4115 1252 4200 splendorem.
1282 4114 1356 4178 Erat
1387 4114 1494 4196 itaque
1523 4114 1618 4196 Virgo
1650 4114 1707 4177 illa

156 4212 284 4275 mentali
312 4211 554 4276 ardentissimus
587 4221 661 4276 tuus
689 4212 821 4296 spiritus
854 4233 903 4279 re·
917 4210 942 4275 b
958 4214 1082 4278 subtilis
1098 4221 1129 4277 et
1144 4232 1253 4297 capax,
1270 4212 1411 4277 studiosa
1426 4221 1458 4277 et
1471 4214 1623 4297 prudens.

158 4311 333 4393 creabatur,
348 4311 583 4375 accendebatur
603 4318 635 4376 et
655 4310 859 4375 elevabatur!

1131 4483 1396 4550 ARTIGULUS
1430 4482 1530 4549 VIII.

354 4583 601 4651 ARTIGULUS
623 4583 698 4651 Ἧι
958 4638 1050 4707 Quod
1072 4658 1111 4697 ea
1131 4656 1204 4717 quac
1224 4638 1268 4695 ad
1288 4636 1445 4713 mysteria
1463 4632 1585 4712 gratiae
1601 4632 1705 4711 perti·

160 4731 323 4810 occuper
337 4736 485 4812 gratiam
498 4744 595 4815 atque
613 4744 771 4795 naturam
784 4734 903 4795 docibi·
997 4737 1088 4797 uerat,
1108 4735 1181 4803 post
1205 4726 1332 4788 Filium
1361 4744 1457 4784 suum
1491 4723 1587 4802 Virgo
1616 4742 1706 4783 uene-

197 4826 239 4883 lia
266 4825 475 4903 studiosaque
504 4826 633 4885 exstitit
662 4825 903 4901 sapientissima
998 4819 1106 4877 randa
1127 4816 1247 4875 animia
1266 4814 1424 4891 cognovit.

206 4915 313 4991 Vir-pc.

1030 4997 1290 5067 UllllADldOllUll
1318 4996 1515 5084 sapientialis
1543 4995 1706 5081 theologo-

51 5123 84 5160 ιω
85 5132 147 5173 11111
163 5095 256 5265 OS
269 5120 364 5162 suum
379 5104 512 5179 aperuit
527 5103 708 5179 sapientiae,
723 5111 753 5162 et
773 5105 827 5162 tec
845 5104 904 5162 cle·
1046 5120 1118 5163 rum
1147 5100 1264 5163 latetur
1286 5098 1413 5178 veritas,
1439 5096 1557 5178 duplex
1583 5096 1706 5160 Christo

51 5181 147 5293 ‘qm
243 5200 374 5260 mentioe
384 5201 421 5259 tn
436 5202 552 5277 linqua
561 5202 642 5278 ejus.
651 5199 684 5261 Si
699 5218 817 5282 eaqura
832 5218 905 5282 pau·
961 5199 1113 5291 competit
1141 5197 1308 5279 sapientia,
1338 5203 1443 5259 creata
1470 5202 1502 5258 et
1530 5194 1669 5257 increata
1696 5216 1703 5257 :

51 5316 106 5353 um
163 5295 194 5359 lo
216 5305 289 5359 ante
316 5296 357 5359 de
381 5297 609 5379 complexionis
635 5298 739 5361 llariae
766 5298 902 5361 naturali
961 5298 1042 5362 sicut
1055 5297 1173 5379 duplex
1186 5313 1311 5377 quoque
1327 5302 1448 5372 natura,
1462 5294 1641 5376 duplexque
1655 5310 1707 5376 po
