4309 6259
459 480 520 547 eet

738 504 778 551 btt
798 506 956 553 PRAEGONIO
977 505 1015 551 ΕΤ
1035 506 1199 553 ΒΙῦΝῑΤΑΤΕ
1219 507 1336 565 HARlAE,
1359 508 1447 555 alnum
1469 509 1512 555 lll.
1536 528 1576 539 ·-
1596 510 1665 556 altr.
1688 511 1729 555 XX

460 670 654 737 dulcissimae
675 674 826 757 virgineae
845 674 995 738 Genitrici
1020 674 1139 757 profari
1161 695 1208 738 rc-
1222 673 1248 737 Α
1262 684 1293 738 et
1307 676 1415 759 judice
1429 676 1503 741 forti
1524 678 1591 741 Aod
1609 677 1721 741 fortior
1739 677 1836 757 facta,
1853 696 1990 759 nusquam
2007 695 2072 742 teta

460 772 1117 855 sponderequemaluit.Verumtameu‚etsi
1131 794 1210 836 nun·
1263 774 1372 855 utique
1395 776 1445 838 vel
1468 777 1506 837 ad
1531 777 1671 839 dextram
1695 786 1748 838 aut
1771 776 1930 838 sinistram
1948 762 2077 865 dessm

460 868 552 931 tianti
568 878 700 932 matrem
716 890 805 933 suam
820 871 899 935 foris
914 891 984 935 esse
999 881 1030 934 et
1044 872 1103 954 ipsi
1120 873 1207 953 loqui
1263 873 1401 950 elimasat,
1417 874 1537 958 quippe
1552 874 1644 955 cnjus
1665 874 1697 936 in
1718 875 1787 957 lege
1802 874 1924 937 Domini
1938 882 2056 937 aratam

462 965 555 1042 velle,
589 966 684 1030 sicuti
718 968 949 1049 praeinduetum
984 970 1049 1050 jam
1084 978 1132 1031 est
1161 990 1208 1033 re-

461 1066 828 1147 sponderit3certissime
839 1077 945 1131 omen
957 1070 1123 1131 sciendum
1135 1088 1208 1151 quo

461 1164 549 1225 niam
584 1183 658 1227 mox
691 1165 812 1246 utique,
849 1168 1117 1247 quemadmodum
1153 1168 1207 1230 illa

460 1262 593 1344 optavit,
614 1264 661 1326 sio
681 1284 715 1327 se
733 1264 763 1325 ei
784 1265 956 1328 videndum
978 1264 1206 1347 affandumque

460 1360 649 1424 exhibuerit.
671 1361 812 1443 Denique
837 1363 959 1444 etipsa
980 1364 1207 1427 secretissimo-

461 1477 532 1519 rum
561 1458 719 1540 Unigeniti
747 1460 797 1522 sui
825 1460 1032 1525 consiliorum
1065 1461 1205 1541 conseia,

461 1554 622 1635 loquentis
642 1566 782 1620 mentem
805 1558 906 1640 magis
926 1577 1022 1639 quam
1044 1558 1141 1621 verba
1156 1578 1208 1621 co

461 1654 582 1733 gnevit.
602 1656 704 1736 Atque
722 1655 763 1718 ob
782 1656 814 1717 id
833 1656 1017 1739 nuptiarum
1038 1656 1205 1735 ministris,

312 1771 447 1825 amma
461 1751 617 1835 Quidquid
646 1753 778 1835 (inquit)
806 1754 919 1817 dixerit
951 1754 1043 1818 vobis
1070 1754 1167 1818 facite
1198 1779 1204 1817 :

459 1850 579 1933 optime
594 1851 698 1914 sciens
713 1852 924 1932 sanctissima,
932 1853 1007 1934 quia
1017 1872 1110 1916 omne
1123 1854 1206 1935 quod
1226 1847 1421 1917 Bcolummae
1442 1854 1713 1917 contremiscuntt
1739 1854 1762 1915 0
1788 1872 1862 1917 vere
1887 1852 1992 1915 excelsa

462 1948 532 2031 ipsa
551 1950 722 2028 monuerit,
739 1949 792 2013 ille
814 1959 943 2032 repente
963 1952 1120 2033 impleret.

504 2048 614 2129 Igitur,
637 2049 790 2129 quoniam
815 2058 930 2111 cuncta
954 2051 1086 2131 quaeda
1114 2050 1209 2113 llaria

461 2145 647 2226 evangelica
674 2147 785 2227 pandit
812 2147 962 2225 narratio,
993 2166 1208 2210 rememorans

460 2250 554 2323 atque
582 2243 760 2323 revolvens,
790 2244 877 2305 aliud
906 2263 1035 2324 prorsus
1064 2264 1128 2307 non
1161 2246 1209 2307 in-

460 2342 551 2403 venis
576 2360 671 2422 quam
696 2343 781 2421 quod
807 2343 839 2403 in
864 2343 1013 2404 omnibus
1035 2343 1142 2405 verbis
1163 2343 1209 2406 fa-

461 2439 585 2519 ctisque
600 2440 769 2501 mitissima
791 2439 897 2516 fuerit,
915 2440 1135 2522 universeque
1156 2442 1210 2503 de-

462 2556 549 2599 mum
573 2537 768 2599 crudelitatis
787 2557 824 2600 ac
844 2538 1065 2600 amaritudinis
1084 2558 1207 2620 expers,

461 2634 689 2697 misericordiae
713 2644 807 2716 atque
830 2636 1009 2698 dulcedinis
1031 2635 1208 2699 visceribus

461 2732 731 2815 supereffluenter
747 2734 939 2814 redundans,
956 2734 1090 2816 singulis
1105 2753 1209 2797 exora-

462 2831 547 2910 bilis,
573 2831 698 2893 cunctis
723 2833 879 2894 exsistens
904 2832 1068 2913 placabilis
1091 2856 1098 2894 :
1120 2832 1207 2910 hinc,

462 2929 603 3009 inquam,
634 2930 674 2991 de
707 2938 812 2993 cetero
843 2950 885 2992 ne
918 2930 1071 2993 formides
1106 2950 1209 3011 neque

1263 972 1420 1049 voluntas,
1438 981 1470 1035 et
1494 974 1525 1034 in
1550 972 1620 1053 lege
1642 973 1712 1054 ejus
1732 973 1885 1035 meditata
1902 991 1933 1035 es
1950 972 1991 1034 die

1263 1075 1432 1149 noctuque.

1302 1165 1397 1229 Porro
1417 1166 1490 1229 talis
1513 1174 1592 1245 erat,
1609 1184 1627 1229 o
1647 1166 1917 1248 prestantissima,
1936 1185 1992 1227 san

1263 1264 1306 1326 eti
1327 1264 1373 1325 tui
1395 1264 1499 1327 cordis
1520 1264 1711 1343 obedientia,
1733 1272 1768 1326 ut
1788 1264 1991 1326 universorum

1263 1363 1527 1444 superexaltatum
1542 1362 1889 1444 principem‚opifioem
1901 1363 1990 1437 Deum,

1264 1479 1328 1523 non
1348 1459 1415 1541 jam
1436 1468 1470 1521 ut
1493 1460 1702 1542 imperantem
1725 1468 1780 1523 aut
1802 1470 1889 1523 certe
1908 1478 1992 1540 equa

1263 1560 1337 1639 lem,
1364 1560 1418 1621 sed
1448 1567 1484 1621 ut
1510 1559 1713 1623 obedientem
1736 1578 1865 1640 quoque
1893 1558 1991 1620 babere

1263 1658 1428 1720 merueris.
1445 1658 1519 1720 Erat
1532 1676 1670 1739 namque
1685 1657 1832 1720 subditus
1847 1657 1903 1719 tibi
1916 1680 1922 1717 :
1934 1655 1991 1737 quis
2001 1672 2078 1715 aare.

1262 1756 1383 1837 utique,
1399 1755 1461 1818 nisi
1477 1757 1516 1818 ad
1538 1756 1631 1837 cujus
1653 1764 1765 1818 nutum
1788 1755 1863 1818 coeli
1885 1768 2101 1835 quoquetamm,

1262 1960 1294 2014 et
1309 1950 1529 2033 superexcelso
1539 1950 1684 2029 Domina,
1691 1958 1756 2013 tota
1770 1949 1903 2032 pulchra
1915 1956 1993 2029 atque

1263 2068 1399 2127 amoena,
1425 2049 1635 2125 delectabilis,
1662 2048 1814 2130 gaudiosa
1839 2068 1876 2111 ae
1903 2065 1994 2128 super-

1264 2166 1376 2210 serena
1400 2147 1506 2227 llario,
1531 2146 1645 2210 merito
1670 2165 1801 2228 prorsus
1826 2145 1927 2209 omnis
1949 2144 1994 2205 tibi

1263 2246 1329 2327 jam
1358 2264 1443 2307 nunc
1473 2254 1562 2327 paret
1594 2244 1828 2325 subjiciturque
1856 2251 1993 2319 creatura,

1264 2342 1403 2405 coelestis
1427 2350 1522 2423 atque
1546 2350 1671 2404 terrena
1697 2364 1703 2403 :
1730 2360 1789 2403 nec
1819 2340 1906 2403 enim
1928 2340 1995 2400 indi·

1263 2460 1362 2522 gmum
1385 2441 1414 2503 ei
1436 2448 1485 2503 est
1506 2440 1553 2502 illi
1576 2439 1705 2521 subjici,
1722 2440 1774 2501 cui
1790 2458 1869 2501 suus
1887 2456 1995 2519 quoque

1263 2540 1390 2603 Creator
1417 2538 1509 2601 subdi
1538 2546 1570 2601 et
1598 2538 1673 2601 item
1702 2537 1832 2600 obedire
1866 2537 1996 2618 dignatus

1264 2646 1321 2700 est.

1303 2736 1466 2813 Praeterea,
1491 2736 1530 2798 de
1555 2734 1618 2798 alio
1644 2736 1774 2816 insuper
1798 2733 1914 2795 illustri
1939 2733 1997 2793 rim

1265 2834 1297 2895 in
1313 2834 1476 2915 Scriptura
1498 2832 1640 2895 veritatis
1662 2832 1778 2913 legisse
1794 2850 1845 2893 me
1869 2828 1995 2903 memini,

1264 2932 1348 3012 quod
1363 2930 1517 2993 obedierit
1532 2930 1603 2993 voci
1623 2930 1693 3011 ejus
1711 2930 1793 2991 Deus
1814 2928 1995 2992 benedictus.

461 3029 631 3109 desperes3
659 3029 773 3090 accede
797 3028 936 3107 blariam,
963 3048 1033 3091 eam
1057 3038 1093 3091 ut
1116 3029 1210 3092 mise·
1227 3026 1249 3088 C
1264 3030 1395 3111 Nempe,
1412 3029 1487 3090 dum
1503 3027 1610 3091 hostes
1625 3027 1749 3089 israelis
1769 3032 1998 3108 persequeretur

461 3125 710 3187 ricerdissimam
731 3127 916 3188 advocatam
940 3128 1094 3209 implora;
1116 3127 1148 3189 in
1173 3147 1210 3191 ea

462 3232 612 3303 tanquam
639 3223 671 3284 in
700 3224 891 3286 fidelissima
918 3226 1106 3306 protectrice
1135 3245 1211 3289 con-

462 3320 549 3404 fide3
566 3340 622 3402 per
642 3340 724 3398 eam,
741 3321 828 3383 velut
849 3342 906 3402 per
927 3322 1129 3384 mitissimam
1146 3343 1210 3386 rne-
1264 3322 1368 3404 piena,
1386 3322 1507 3383 viriste
1522 3340 1650 3383 exorsus
1665 3328 1713 3383 est
1729 3344 1737 3382 :
1755 3320 1807 3383 Sol
1822 3320 1997 3401 (inquiens),
2010 3338 2075 3441 pqr

1264 3128 1370 3205 Josue,
1393 3126 1599 3207 tenderetque
1624 3124 1671 3188 sol
1696 3125 1735 3187 ad
1760 3143 1921 3200 occasum,
1944 3140 1997 3184 non

1265 3234 1328 3287 tam
1353 3225 1527 3304 deprecans
1550 3243 1647 3304 quam
1668 3226 1718 3303 (ut
1742 3222 1882 3301 ridetur)
1905 3220 1999 3303 preri-

316 3418 639 3499 cm.u.a.diatrioem‚
670 3419 784 3481 salvari
819 3438 976 3501 exposce3
1007 3420 1066 3481 sub
1099 3422 1210 3484 umbra
1263 3440 1305 3482 ne
1320 3418 1478 3481 movearis
1494 3426 1602 3481 contra
1617 3418 1799 3497 Gabaon,et
1813 3417 1890 3479 luna
1905 3422 2000 3479 eontra

367 3548 371 3555 -
462 3517 533 3598 ejus
556 3516 697 3597 quiesce,
723 3517 789 3579 illio
818 3537 996 3600 persevera,
1027 3537 1087 3579 neo
1116 3520 1209 3581 abeas

315 4222 388 4274 tttep.
411 4236 446 4273 xv,

316 4287 349 4333 22,
360 4288 392 4327 2³.

467 3614 552 3677 inde.

664 3870 909 3935 ARTICULUS
931 3872 1008 3934 XX.

555 4022 602 4081 De
627 4021 810 4079 obedientia
835 4020 981 4095 Vir-pinis
1004 4040 1114 4081 sacrae.

1265 3517 1381 3580 vallem
1409 3516 1533 3580 Aialon.
1564 3517 1725 3578 Steterunt
1752 3533 1882 3597 quoque
1909 3514 1952 3576 sol
1975 3520 2000 3572 et

1265 3618 1351 3693 luna,
1372 3617 1474 3678 donec
1493 3614 1702 3677 ulcisceretur
1723 3632 1757 3675 se
1778 3613 1875 3675 lsrael
1897 3614 1934 3675 de
1951 3610 2002 3672 ini-

1264 3713 1357 3777 micis
1372 3712 1449 3775 suis.
1466 3712 1559 3775 Stetit
1573 3712 1679 3793 itaque
1693 3712 1740 3773 sol
1757 3712 1790 3772 in
1806 3711 1913 3774 medio
1927 3708 2000 3784 coeli,

1266 3822 1297 3875 et
1319 3830 1382 3875 non
1403 3810 1566 3875 festinavit
1585 3809 1775 3873 occumbere
1795 3809 1900 3890 spatio
1920 3808 2002 3870 unius

1266 3910 1339 3972 diei.
1358 3909 1426 3972 Non
1441 3908 1503 3971 fuit
1517 3916 1609 3971 antea
1629 3928 1688 3971 nec
1711 3916 1822 3989 postea
1841 3916 1906 3969 tarn
1920 3905 2003 3985 longa

1266 4008 1346 4087 dies,
1373 4006 1541 4071 obediente
1570 4006 1633 4069 Deo
1659 4006 1730 4070 voci
1758 4006 1912 4067 bominis.
1934 4002 2002 4077 Quid

1265 4123 1340 4186 ergo
1365 4104 1502 4186 amplius
1527 4104 1560 4165 in
1588 4104 1694 4181 llario,
1721 4112 1776 4165 aut
1800 4102 1834 4164 in
1859 4120 1923 4183 quo
1949 4110 2003 4161 tam

465 4251 485 4367 q
541 4208 731 4268 ELIORest
746 4208 928 4266 obedientia
943 4228 1039 4285 qaam
1060 4208 1209 4277 victimat,
1226 4203 1252 4265 D
1267 4201 1525 4284 incomparabilis
1551 4201 1694 4264 exsistitl
1708 4201 1774 4263 Into
1800 4200 1958 4263 videbitur
1976 4198 2002 4258 in

555 4314 585 4363 et
613 4308 802 4363 auscultare
830 4308 934 4381 maala
962 4325 1060 4384 quam
1094 4310 1211 4384 offerre

460 4404 590 4478 adipem
619 4404 762 4461 arietum
782 4422 793 4461 .·
809 4404 964 4481 quoniam
988 4405 1085 4481 quasi
1104 4422 1211 4479 pccca-

462 4510 531 4560 tum
556 4501 726 4559 ariolandi
748 4510 806 4569 eat,
833 4520 1042 4577 repupamm
1060 4511 1091 4559 et
1116 4504 1212 4581 quasi

460 4603 562 4657 aretas
584 4600 793 4667 idololatriae,
814 4603 899 4658 crolle
919 4601 1131 4677 acquiescere.
1153 4598 1211 4660 l'e-

461 4697 627 4758 hementer
641 4696 750 4772 nimis,
768 4695 794 4757 si
811 4696 869 4758 rite
889 4697 1048 4777 discerno,
1066 4697 1133 4759 solo
1149 4697 1210 4759 hoc

461 4804 571 4857 sancto
600 4794 782 4857 testimonio
806 4795 994 4857 obedientias
1022 4796 1209 4875 dignitatem

461 4902 555 4972 atque
583 4892 778 4974 praeconium
808 4891 915 4954 fidelis
943 4893 1069 4954 Samuel
1104 4901 1211 4954 conte-

461 4998 561 5052 status
586 4998 645 5051 est.
667 4989 718 5051 Sic
744 4998 788 5069 tu,
810 5008 828 5051 ο
853 4989 949 5070 Virgo
972 4990 1210 5069 admiranda‚o

461 5087 603 5170 perfecta
622 5088 727 5167 bieria,
748 5087 857 5149 divino
879 5088 926 5150 ori
949 5087 982 5148 in
1005 5089 1130 5150 cunctis
1153 5088 1211 5149 bu-

461 5186 596 5248 millima
625 5194 731 5248 mente
760 5184 903 5267 paruisti,
928 5204 987 5248 neo
1012 5204 1165 5265 unquam,
1191 5206 1209 5249 o

462 5293 570 5348 sancta
592 5291 624 5348 et
644 5303 770 5367 magna,
787 5302 992 5367 supergressa
1006 5303 1051 5347 es.
1068 5283 1210 5366 Denique

1266 4301 1325 4362 bac
1355 4308 1443 4381 parte
1471 4300 1574 4380 major
1602 4318 1639 4362 ea
1667 4318 1736 4362 esse
1764 4299 1871 4375 Josue,
1896 4296 2004 4377 quippe

1266 4398 1318 4461 cui
1350 4399 1432 4460 Deus
1465 4398 1641 4459 secundnm
1666 4396 1846 4460 divinitatis
1871 4404 2004 4457 naturam

1265 4496 1411 4560 obedisse
1436 4495 1572 4557 refertur
1597 4518 1603 4557 :
1630 4496 1772 4557 nondum
1798 4495 1884 4556 enim
1915 4494 2006 4555 incar-

1266 4603 1358 4657 natus
1373 4602 1449 4656 erat.
1467 4594 1560 4656 Porro
1575 4594 1678 4655 lilariae
1697 4594 1875 4655 secundum
1895 4608 2006 4653 assum·

1265 4701 1351 4775 ptam
1367 4692 1529 4754 dumtaxat
1543 4690 1773 4753 humanitatem
1786 4689 1931 4773 paruisse
1945 4706 2007 4751 cen·

1266 4790 1382 4853 sendus
1411 4798 1469 4853 est.
1499 4789 1560 4851 Sed
1593 4789 1710 4867 dicam,
1740 4789 1804 4852 Deo
1839 4788 2007 4850 secundum

1265 4888 1442 4951 divinitatis
1461 4888 1633 4951 essentiam
1652 4906 1717 4950 non
1737 4887 1847 4969 utique
1867 4886 2009 4949 obedien-

1265 4988 1342 5049 tiam
1358 4995 1412 5049 aut
1427 4994 1511 5049 certe
1527 4986 1738 5048 bumilitatem
1751 4992 1935 5068 competere
1949 5002 2009 5065 pos

1267 5106 1300 5147 se
1317 5109 1324 5147 :
1341 5084 1461 5168 quippe
1475 5085 1530 5166 qui
1552 5104 1611 5147 nec
1634 5083 1830 5167 superiorem
1846 5083 1942 5145 babet
1958 5100 2009 5142 nee

1266 5201 1460 5263 comparem,
1477 5191 1508 5245 et
1522 5184 1554 5246 in
1575 5201 1668 5265 quem
1686 5190 1881 5263 preceptum
1906 5182 2010 5241 cadere

1266 5282 1388 5363 nequit.
1405 5282 1490 5357 Quod
1507 5289 1611 5344 autem
1627 5280 1697 5345 voci
1712 5280 1854 5342 hominis
1874 5276 2011 5362 paruisse
