4309 6259
463 458 523 524 426
610 480 651 526 blt
671 480 873 530 SACRAHBNTD
894 484 1022 531 atratus
1043 486 1081 531 BT
1100 486 1197 532 lllSSAE
1218 486 1446 535 catcbmrrotte
1468 489 1627 537 otatoccs.
1649 509 1691 520 -
1710 490 1780 537 ΔΜ.
1801 492 1875 539 ΗΠ

465 651 498 715 Si
513 659 601 714 tanta
615 652 664 716 vis
685 663 733 717 est
754 654 788 717 in
809 674 955 719 sermone
969 656 1095 721 Domini
1109 666 1144 720 ut
1165 658 1252 721 ira-A
1306 658 1391 722 Istud
1425 659 1521 723 etiam
1556 669 1604 723 est
1630 662 1670 724 dc
1698 670 1803 725 mento
1829 661 1990 743 Alexandri,

464 749 610 833 ciperent
623 770 692 815 esse
706 772 777 835 quae
791 772 855 817 non
870 762 1097 837 erant,quant0
1113 758 1213 838 magis
1267 757 1387 820 Alberti
1415 758 1529 840 Magni,
1558 768 1591 822 et
1617 759 1764 824 aliorum.
1793 760 1993 824 Beneventum

464 850 660 931 operatorius
681 859 784 913 estut
805 852 838 914 in
860 852 947 916 aliud
965 857 1211 917 convertanturl
1267 864 1373 919 tamen
1393 864 1525 939 utraque
1539 858 1692 940 opinione
1712 859 1841 922 recitata
1855 866 1995 940 pertrans-

318 965 449 1017 roseam.
464 948 529 1011 lloc
544 957 576 1011 et
594 949 628 1011 in
644 950 773 1013 Summa
795 960 905 1015 contra
925 953 1061 1035 gentiles
1076 954 1210 1016 Thomas
1267 954 1315 1017 it:
1333 954 1425 1017 istam
1441 963 1546 1018 temen
1571 956 1688 1019 latetur
1711 956 1805 1019 dictis
1825 957 1992 1021 Sanctomn

465 1054 581 1111 tuetur.
608 1048 783 1112 Concordat
809 1050 1000 1115 Guillelmus
1026 1052 1212 1114 Parisiensis
1268 1071 1337 1115 esse
1357 1053 1430 1134 plus
1451 1071 1637 1117 consonam.

465 1146 499 1209 in
514 1166 571 1211 suo
586 1148 824 1228 Sacramentali,
841 1159 872 1212 et
891 1150 944 1212 alii
960 1150 1051 1212 multi
1066 1151 1212 1214 doctores
1308 1151 1453 1214 Vunrrss.
1468 1187 1510 1198 -
1523 1150 1707 1215 llllicaciter
1728 1152 1904 1234 disputasti.

465 1246 619 1329 praecipui
645 1246 705 1310 hoc
733 1246 908 1310 affirmant.
934 1248 1021 1323 Quod
1051 1248 1146 1311 etiam
1175 1268 1213 1311 ex
1307 1247 1476 1312 Sacaanos.
1492 1285 1533 1296 -
1553 1250 1622 1312 Alia
1643 1251 1787 1332 quedam
1809 1249 1842 1312 in
1863 1258 1991 1332 pratucto

465 1344 572 1406 verbis
595 1344 697 1407 divini
723 1354 754 1408 et
776 1346 883 1427 magni
908 1346 1048 1428 Dionysii
1077 1346 1212 1429 suscipit
1268 1345 1471 1409 continentur
1492 1355 1635 1425 tractatu,
1657 1348 1696 1410 de
1720 1346 1837 1428 quibus
1861 1367 1989 1430 cuperem

467 1441 574 1522 robur,
601 1442 656 1523 qui
684 1443 717 1504 in
745 1442 813 1506 line
841 1444 1071 1508 Ecclesiastico
1100 1446 1212 1507 asserit
1267 1443 1443 1508 informari.

466 1540 652 1603 hierarchia
678 1564 685 1603 :
707 1542 742 1603 ln
770 1541 849 1623 ipsis
876 1544 1139 1607 consummativis
1165 1544 1212 1605 in·
1308 1544 1451 1607 Vanrrss.
1468 1544 1663 1607 —Breviter
1683 1564 1722 1607 aa
1742 1552 1846 1625 tange.

466 1638 699 1717 vocationibus,
721 1639 752 1702 id
777 1649 825 1702 est
849 1650 1119 1705 sacramentorum
1143 1661 1212 1704 ver-

466 1735 527 1816 bis,
548 1736 680 1799 virtutes
699 1746 773 1799 sunt
791 1739 960 1820 operativae
979 1760 1017 1802 ex
1035 1741 1110 1803 Deo.
1131 1741 1210 1803 Hinc

464 1834 650 1898 Ambrosius
668 1836 886 1917 Eusebiusque
905 1846 1085 1901 testantur:
1103 1840 1211 1903 Sermo
1230 1844 1253 1906 B
1440 1805 1685 1871 ARTICULUS
1713 1808 1839 1871 XXIX·

464 1932 577 1996 Christi
602 1942 704 1997 mutat
724 1943 895 2013 creaturas,
919 1945 951 1998 et
974 1938 1212 2001 consecratione
1289 1954 1468 2031 Inquisitio
1490 1954 1579 2013 circa
1604 1957 1755 2032 quaedam
1780 1963 1923 2015 contenta
1944 1956 1972 2013 in

464 2032 593 2112 quidem
621 2033 709 2096 verbi
738 2033 887 2111 coelestis,
914 2034 1004 2115 panis
1034 2035 1068 2096 in
1098 2055 1213 2118 corpus
1407 2043 1739 2120 tractetuccjusdam
1756 2047 1872 2105 deuoti.

465 2139 497 2194 et
532 2130 643 2193 vinum
678 2130 711 2192 in
747 2131 985 2194 sanctissimum
1024 2134 1213 2215 sanguinem

465 2229 580 2292 Christi
603 2229 810 2292 convertitur.
1306 2231 1475 2293 Saeannos.
1500 2265 1540 2275 -
1568 2229 1657 2293 Circa
1685 2229 1822 2295 lormam
1850 2248 1992 2292 consecra-

509 2328 672 2407 Praeterea,
709 2329 857 2391 sacerdos
890 2346 955 2391 non
990 2338 1140 2411 operatur
1174 2334 1213 2395 ad
1266 2328 1363 2391 tionis
1378 2327 1458 2390 sacri
1475 2328 1639 2409 sanguinis
1655 2328 1767 2391 scribit
1782 2328 1836 2391 ille
1854 2328 1989 2391 devotus:

465 2425 849 2488 transsubstantiationem
866 2426 927 2488 nisi
942 2426 1133 2507 proterendo
1148 2449 1215 2492 ver·
1267 2428 1310 2490 De
1330 2427 1432 2490 lorma
1451 2427 1510 2489 hac
1532 2435 1607 2488 sunt
1621 2435 1685 2489 tres
1704 2427 1880 2510 opiniones,
1895 2425 1988 2501 Prima,

465 2525 516 2587 ba.
538 2525 570 2587 Si
595 2542 670 2605 ergo
696 2524 801 2586 verbis
822 2542 887 2586 non
912 2524 1030 2587 inesset
1051 2526 1152 2589 virtus
1174 2528 1212 2589 ad
1266 2527 1350 2607 quod
1367 2525 1433 2587 baec
1449 2524 1490 2586 sit
1503 2524 1682 2587 essentialis
1701 2532 1732 2587 et
1752 2524 1925 2588 necessaria
1941 2522 1990 2584 for-

466 2621 842 2702 transsubstantiandum,
859 2623 1006 2685 sacerdos
1030 2642 1094 2686 non
1118 2625 1215 2687 babe-
1267 2643 1319 2686 ma
1333 2622 1580 2686 consecrationis
1599 2623 1776 2704 sanguinis,
1792 2622 1847 2685 llic
1865 2631 1910 2686 est
1926 2620 1990 2683 calix

464 2730 512 2785 ret
536 2722 676 2802 aliquam
704 2728 892 2801 potestatem
917 2721 1114 2803 spiritualem
1139 2742 1214 2786 con·
1267 2721 1431 2803 sanguinis
1460 2720 1522 2783 mei
1554 2743 1561 2781 ι
1593 2720 1637 2782 ita
1664 2720 1749 2801 quod
1778 2720 1842 2782 illis
1868 2718 1989 2802 pmlatis,
2090 2766 2091 2775 ,

465 2819 609 2896 liciendi,
626 2818 717 2881 etita
735 2838 794 2881 nec
814 2818 971 2897 ordinem,
987 2820 1043 2901 qui
1063 2828 1112 2882 est
1129 2840 1214 2901 quae
1267 2820 1377 2883 vinum
1404 2820 1436 2881 in
1462 2818 1649 2900 sanguinem
1675 2818 1717 2881 sit
1737 2836 1930 2881 conversum.
1950 2816 1991 2877 Se

463 2919 536 2980 dam
562 2925 701 2999 potestas
725 2918 765 2979 ad
788 2917 859 2980 hoc.
881 2917 1037 2999 Amplius,
1059 2918 1085 2979 si
1112 2939 1214 2981 sacer·
1268 2919 1373 2981 cunda
1393 2916 1502 2998 opinio
1523 2925 1581 2995 est,
1603 2917 1687 2997 quod
1709 2918 1748 2979 ad
1771 2916 1902 2980 lormam
1921 2915 1990 2976 illan

464 3018 521 3079 dos
542 3035 606 3078 non
628 3024 851 3097 cooperaretur
870 3015 1152 3080 instrumentaliter
1174 3020 1212 3081 ad
1231 3017 1445 3098 Cpertineant
1473 3016 1570 3078 verba
1598 3016 1665 3077 haec
1696 3039 1703 3077 ι
1734 3015 1814 3079 Novi
1843 3023 1874 3079 et
1902 3011 1991 3077 aetemi

464 3113 861 3191 transsubstantiationem,
879 3133 941 3178 non
957 3116 1140 3178 viderentur
1160 3137 1213 3179 ve·
1267 3113 1663 3194 Testamenti,mysterium
1678 3112 1769 3176 fidei.
1780 3114 1882 3177 Tertia
1894 3111 1991 3193 opinio,

464 3231 499 3273 ra
521 3231 590 3274 esse
614 3212 712 3274 verba
733 3211 920 3274 Sanctorum
945 3213 999 3293 qni
1025 3222 1212 3296 potestatem
1266 3213 1351 3294 quod
1366 3232 1430 3275 non
1454 3210 1511 3273 liat
1533 3211 1729 3274 consecratio
1749 3211 1811 3273 nisi
1832 3210 1932 3273 addito
1949 3206 1992 3269 illo

465 3310 693 3373 sacerdotalem
727 3318 791 3371 tam
826 3310 1018 3374 excellenter
1045 3313 1210 3375 extollunt.
1267 3312 1393 3374 residuo
1424 3334 1431 3371 ε
1461 3310 1519 3384 Qui
1548 3328 1606 3391 pro
1635 3308 1725 3372 vobis
1754 3317 1787 3372 et
1815 3328 1872 3391 pro
1903 3304 1992 3369 multis

464 3408 551 3470 Unde
575 3408 660 3470 etin
682 3426 826 3471 sermone
850 3408 1212 3491 qniB,Bernardoad-
1266 3408 1450 3473 effundetur
1480 3407 1763 3471 inremissionem
1799 3414 1990 3490 peccatorum.
2091 3404 2092 3407 ’

464 3506 624 3584 scribitur,
651 3506 735 3568 inter
762 3515 867 3569 cetera
893 3507 1012 3569 dicitur
1038 3531 1045 3569 ι
1070 3508 1094 3570 Ο
1118 3529 1212 3571 vene·
1266 3508 1337 3571 llaec
1359 3516 1465 3570 autem
1488 3506 1596 3587 opinio
1618 3506 1723 3585 tertia,
1739 3514 1789 3569 est
1807 3506 1908 3567 minus
1924 3519 1991 3564 eom·

464 3606 563 3668 randa
587 3614 619 3669 et
642 3605 793 3687 preclara
815 3613 954 3687 potestas
976 3614 1101 3669 vcstrat
1123 3606 1210 3670 Certe
1267 3606 1372 3669 munis
1392 3614 1423 3668 et
1442 3604 1572 3669 omnino
1591 3622 1655 3667 non
1674 3604 1870 3667 verisimilis,
1886 3602 1991 3681 Propter

464 3712 744 3787 nonestpotestas
766 3712 837 3785 post
856 3704 955 3766 Deum
976 3706 1211 3787 sientpotestas
1266 3705 1326 3767 hoc
1355 3704 1385 3767 S.
1417 3704 1563 3780 Thomas,
1594 3702 1749 3765 henricus
1785 3703 1824 3764 de
1851 3698 1988 3769 Gaudere,

462 3811 578 3865 vestra.
595 3802 739 3865 Forsitan
755 3803 837 3865 scire
857 3804 954 3865 vultis
974 3823 1044 3884 quae
1064 3803 1106 3866 sit
1126 3813 1211 3867 tanta
1267 3811 1297 3866 et
1321 3802 1376 3865 alii
1400 3802 1517 3885 plures,
1539 3820 1609 3863 eam
1630 3801 1759 3883 penitus
1781 3818 1845 3864 non
1867 3797 1986 3861 recitant.

462 3910 612 3984 potestas.
629 3901 675 3963 Ad
689 3902 750 3963 boc
766 3920 845 3982 ego:
862 3920 1049 3965 consecrare
1064 3902 1212 3965 videlicet
1265 3902 1336 3963 llaec
1352 3900 1417 3963 ille.
1433 3901 1506 3975 Quae
1525 3918 1589 3963 non
1608 3899 1758 3961 videntur
1776 3916 1867 3981 posse
1881 3892 1986 3959 salvari.

463 4018 579 4083 eorpus
599 3999 715 4061 Christi
736 4008 769 4060 et
789 3999 975 4081 sanguinem
997 4001 1133 4063 Domini.
1155 4001 1212 4063 Sn—
1267 3999 1401 4061 Thomas
1436 3998 1521 4060 enim
1557 3997 1590 4059 in
1625 4006 1738 4077 quarto
1765 3994 1986 4065 Sententiarum,

463 4117 521 4180 per
535 4098 594 4160 hac
610 4105 764 4179 potestate
779 4106 999 4180 vestra,super
1013 4107 1075 4161 tam
1092 4099 1210 4180 insigni
1267 4095 1470 4161 distinctione
1498 4104 1620 4173 octava,
1652 4095 1696 4157 sic
1725 4095 1838 4175 quaerit
1869 4090 2070 4156 :uonna-oa·

465 4195 635 4277 privilegio
663 4201 768 4276 stupet
799 4195 926 4276 coelum,
956 4197 1089 4259 miratur
1115 4206 1209 4276 terra,
1228 4197 1369 4261 Dlorma
1393 4194 1641 4258 consecrationis
1669 4192 1834 4275 sanguinis
1862 4189 1989 4255 consistat

465 4301 629 4355 reveretur
643 4293 815 4375 plurimum
835 4294 979 4374 angelica
996 4295 1163 4359 celsitudo.
1268 4294 1301 4356 in
1322 4294 1372 4355 his
1393 4292 1498 4356 verbis
1521 4300 1641 4356 tantum
1663 4315 1670 4353 :
1691 4291 1748 4353 llic
1768 4300 1817 4353 est
1839 4289 1915 4353 calix
1933 4302 1989 4347 san

506 4390 569 4453 Nec
593 4391 642 4453 his
666 4391 779 4469 obstat,
800 4392 886 4472 quod
907 4400 986 4455 teste
1006 4392 1211 4473 Damasceno‚
1266 4392 1373 4474 guinis
1393 4391 1467 4453 mei.
1484 4390 1522 4453 Et
1540 4390 1677 4452 inductis
1696 4408 1755 4471 pro
1774 4390 1988 4469 nusquamne

466 4489 533 4553 sola
557 4489 667 4552 divina
695 4490 810 4552 virtute
836 4489 875 4552 lit
902 4492 1213 4555 transsubstantiatio
1267 4489 1473 4571 argumentis,
1495 4490 1528 4550 in
1548 4487 1649 4551 tribus
1669 4486 1894 4569 questionibus
1911 4492 1988 4545 etur

466 4588 527 4651 ista
548 4612 555 4650 :
576 4588 728 4669 quoniam
751 4589 853 4651 virtus
877 4589 1066 4670 principalis
1090 4590 1213 4671 agentis
1266 4595 1488 4669 gumentnrum
1521 4585 1731 4650 solutionibus
1765 4585 1921 4647 evidenter
1948 4578 1989 4638 dc

465 4703 530 4747 uon
555 4684 695 4748 excludit
723 4684 787 4747 vim
816 4704 919 4748 cansae
948 4685 1211 4749 instrumentalis.
1267 4686 1416 4748 terminat
1436 4686 1519 4766 quod
1546 4702 1631 4762 n0n3
1652 4692 1683 4746 et
1707 4690 1903 4765 protestatur,
1922 4672 1988 4759 quod

465 4782 581 4845 Divina
607 4801 733 4864 quoque
768 4791 799 4844 et
827 4783 1059 4865 supernaturali
1096 4784 1213 4846 virtute
1267 4791 1367 4845 totum
1383 4782 1461 4844 illud
1483 4782 1658 4861 residuum,
1673 4780 1752 4843 h'ovi
1775 4788 1808 4843 et
1828 4776 1927 4843 aeterni
1946 4772 1989 4833 te

465 4887 570 4961 potest
596 4879 691 4942 homo
720 4880 752 4942 in
781 4880 970 4944 miraculoso
994 4879 1114 4943 ellectu
1144 4900 1212 4943 esse
1268 4880 1427 4961 stramenti,
1451 4879 1636 4962 mysterium
1657 4878 1747 4958 lidei,
1767 4879 1823 4958 qui
1845 4895 1898 4959 pm
1917 4868 1989 4935 vobis

378 4967 381 4972 ⁴
466 4997 635 5059 concausa,
661 4996 726 5041 non
751 4998 789 5040 ex
816 4978 1048 5061 Omnipotcntis
1074 4978 1215 5061 indigen·
1268 4987 1299 5041 et
1322 4998 1379 5060 pro
1403 4978 1513 5041 multis
1533 4978 1718 5041 cllundetur
1738 4976 1772 5038 in
1796 4973 1989 5039 remissionem

465 5076 519 5155 tia,
540 5077 595 5139 sed
616 5076 768 5158 quoniam
789 5096 826 5139 ex
848 5078 1069 5140 benevolentia
1091 5096 1147 5139 sua
1168 5077 1215 5140 di·
1268 5084 1482 5159 peccatorum,
1504 5077 1660 5159 pertineat
1682 5076 1721 5138 ad
1746 5075 1879 5139 formam
1901 5084 1991 5134 conse

465 5183 601 5255 gnantcr
627 5174 706 5237 lacit
739 5183 915 5237 creaturam
950 5194 1015 5237 suaa
1049 5176 1214 5256 potestatis
1268 5174 1418 5237 orationis
1443 5174 1545 5254 istius,
1568 5182 1599 5237 et
1624 5172 1854 5237 rationabiliter
1874 5171 1929 5233 hoc
1948 5165 1990 5226 dt·

464 5272 653 5356 participem
672 5280 703 5336 et
724 5290 789 5336 suae
809 5272 1000 5355 operationis
1020 5281 1211 5338 consortem.
1270 5274 1378 5337 clarat.
