4309 6259
457 462 517 527 370
950 476 1113 525 exrosrrro
1128 476 1236 522 ursss.
1260 494 1298 505 -
1319 474 1388 521 aar.
1412 478 1511 525 xrxm

459 650 636 729 maculans,
653 650 707 713 sed
722 667 796 712 vere
811 647 1028 728 sanctificans,
1040 648 1124 728 quod
1140 667 1204 710 non
1220 646 1245 707 Α
1261 646 1409 721 Quamvis
1429 648 1514 709 enim
1535 664 1609 711 caro
1633 664 1697 711 non
1721 645 1764 708 sit
1788 644 1993 709 immediatum

312 770 445 821 aetam.
460 750 613 833 competit
627 747 794 811 sacrificiis
810 748 926 810 veteris
941 746 1033 827 legiS,
1050 764 1121 825 quae
1141 764 1205 809 uon
1261 746 1368 827 gratias
1391 746 1582 827 subjectum,
1606 746 1659 807 sed
1685 744 1803 822 anima,
1829 752 1876 805 est
1898 751 1993 807 tamen

460 855 632 930 potuerunt
641 847 846 909 accedentem
861 844 1029 927 perficere,
1038 852 1117 905 teste
1129 845 1206 923 dpo·
1262 862 1334 906 caro
1360 843 1540 924 subjectum
1564 843 1672 924 gratias
1696 842 1881 917 mediatum,
1905 861 1993 922 quum

313 946 647 1017 nev.1vr.ae,stolo:imo
669 945 815 1008 sacerdos
839 942 980 1007 offerens
1005 962 1053 1020 ca,
1070 932 1207 1004 immun·
1262 941 1303 1003 sit
1321 941 1500 1022 subjectum
1521 941 1644 1019 anima,
1661 959 1732 1021 quae
1757 948 1806 1002 est
1830 940 1993 1021 proximum

313 1032 357 1082 ²⁸³
377 1030 446 1073 Nm·
461 1045 520 1105 dus
545 1051 613 1106 erat
637 1062 736 1124 usque
761 1042 800 1104 ad
824 1061 1001 1123 vesperam,
1018 1040 1206 1121 lavabatque
1261 1038 1369 1119 gratiae
1384 1058 1421 1101 ac
1437 1038 1611 1101 sanctitatis
1628 1037 1820 1118 subjectum.
1832 1037 1995 1100 Conformi-

312 1095 446 1209 ppetuu&
460 1162 494 1204 se
516 1161 661 1224 semper;
674 1141 990 1220 pcnemfsanctum
1017 1141 1092 1199 vitre
1114 1148 1206 1199 ceter-
1262 1144 1320 1213 ter,
1350 1136 1453 1198 hostia
1479 1144 1552 1199 ante
1585 1135 1858 1199 consecrationem
1889 1135 1995 1197 dicitur

1263 1233 1353 1315 panis
1369 1241 1498 1315 propter
1511 1249 1620 1295 veram
1635 1232 1727 1315 panis
1747 1240 1910 1305 naturam,
1932 1240 1994 1313 post

312 1218 445 1273 '’mi''
459 1261 523 1311 eeu,
545 1250 574 1301 et
598 1241 731 1300 calicem
754 1240 774 1317 †
797 1240 915 1298 salutis
935 1247 1113 1313 perpetum.
1136 1236 1206 1298 llaec

459 1337 556 1400 verba
580 1343 743 1420 exponunt
761 1335 921 1417 praedicta.
939 1333 1017 1395 Nam
1040 1352 1156 1415 corpus
1176 1342 1207 1395 et

459 1436 588 1518 sanguis
616 1433 731 1497 Christi
761 1441 834 1495 ante
863 1450 1012 1514 expressa
1041 1439 1115 1493 sunt
1143 1449 1206 1494 nno

458 1533 683 1614 communique
704 1531 845 1609 nomine,
862 1538 973 1611 utputa
996 1530 1127 1593 nomine
1152 1531 1206 1593 ho

458 1632 536 1695 stim.
564 1632 623 1693 Sed
647 1630 723 1711 quia
746 1630 813 1691 haec
837 1628 941 1691 hostia
965 1627 1107 1690 continet
1130 1628 1204 1707 duo,

458 1729 607 1793 videlicet
625 1747 740 1810 corpus
760 1735 792 1789 et
811 1726 997 1808 sanguinem
1022 1725 1204 1806 Salvatoris,

1262 1332 1534 1394 consecrationem
1547 1350 1622 1394 vero
1637 1332 1727 1413 panis
1739 1338 1869 1393 vocatur
1878 1340 1995 1412 propter

1262 1429 1503 1492 similitudinem
1519 1448 1575 1492 seu
1590 1428 1755 1509 effectum,
1773 1429 1847 1509 quia
1861 1428 1994 1511 spiritua·

1262 1526 1333 1589 liter
1351 1528 1417 1608 alit,
1438 1536 1544 1609 auget,
1563 1526 1732 1606 confortat,
1761 1527 1904 1590 delectat.
1924 1528 1992 1589 ltem

1262 1626 1327 1688 vita
1345 1634 1462 1687 aeterna
1482 1633 1513 1687 et
1532 1626 1617 1688 salus
1637 1634 1791 1707 perpetua
1816 1625 1897 1689 idem
1917 1633 1992 1686 sunt.

1301 1723 1594 1787 commemorantur
1622 1731 1728 1786 autem
1753 1723 1806 1786 hic
1831 1723 1888 1785 tria
1909 1742 1995 1803 opera

457 1828 578 1891 idcirco
592 1828 659 1890 haec
674 1827 737 1889 dno
751 1826 899 1887 distincte
915 1824 1121 1907 explicantur,
1128 1825 1204 1886 dnm
1220 1824 1243 1885 B
1262 1821 1387 1901 Christi,
1404 1821 1554 1885 videlicet
1576 1846 1583 1883 :
1607 1822 1722 1904 passio,
1739 1822 1833 1903 cujus
1857 1821 1996 1884 memoria

457 1925 603 1989 subditur
629 1949 636 1987 z
662 1947 679 1983 c
706 1943 821 2005 panem
851 1931 995 1986 sanctum
1022 1923 1094 1987 vitae
1117 1932 1206 1986 aeter-

457 2043 506 2086 nae
521 2047 551 2102 a,
568 2023 599 2084 id
614 2031 673 2102 est,
690 2041 806 2104 corpus
820 2022 937 2084 Christi
952 2021 1009 2083 tibi
1024 2020 1203 2098 offerimus,

456 2121 542 2203 quod
556 2129 604 2183 est
617 2121 709 2203 panis
728 2130 822 2202 atque
838 2121 988 2183 viaticum
1003 2122 1129 2201 animae,
1142 2116 1205 2202 qilo

456 2220 625 2303 pervenire
656 2239 817 2283 meremur
844 2220 883 2281 ad
914 2219 1012 2281 vitam
1041 2229 1203 2299 aeternam,

456 2342 473 2379 u
500 2326 531 2380 et
555 2318 688 2381 calicem
717 2318 826 2380 salutis
854 2326 1016 2400 perpetuas
1040 2341 1068 2396 »,
1096 2318 1128 2379 id
1157 2326 1205 2380 θεῖ

456 2416 645 2497 sanguinem
671 2415 796 2495 Christi,
814 2434 870 2496 per
895 2416 987 2496 cujus
1012 2416 1203 2478 effusionem

455 2522 608 2597 perpetua
623 2513 708 2575 salus
723 2533 779 2576 seu
795 2512 933 2576 coelestis
953 2513 1090 2576 felicitas
1113 2513 1204 2577 nohis

456 2619 599 2693 reparata
620 2619 678 2689 est,
697 2619 807 2692 parata
827 2619 922 2692 atque
943 2612 1026 2674 data.

494 2711 646 2773 Praeterea
659 2709 901 2787 advertendum,
917 2710 1002 2790 qnod
1022 2710 1124 2772 hostia
1146 2709 1203 2771 ali-

455 2817 503 2871 ter
516 2807 635 2871 dicitur
647 2826 735 2870 nunc
754 2827 835 2889 pura
853 2816 885 2870 et
906 2816 1015 2869 sancta
1034 2826 1071 2869 ac
1091 2807 1204 2869 imma-

455 2906 570 2985 culata,
587 2914 619 2968 et
632 2905 725 2988 panis
745 2914 884 2984 sanctus
901 2925 996 2986 quam
1020 2906 1053 2967 in
1075 2904 1202 2967 exordio

1263 1920 1424 1982 canutam
1438 1918 1641 1999 inflammat;
1658 1920 1859 1999 resurrectio,
1876 1938 1942 2000 qua
1961 1918 1995 1980 fi-

1261 2018 1333 2080 dem
1357 2017 1536 2095 confortat;
1563 2018 1718 2095 ascensio,
1744 2037 1814 2101 quas
1841 2037 1926 2101 spem
1946 2036 1995 2081 no

1261 2126 1358 2180 stram
1383 2118 1574 2181 corroborat.
1601 2118 1689 2192 Quod
1713 2118 1801 2181 enim
1827 2118 1860 2180 in
1884 2117 1994 2180 Christo

1262 2215 1364 2296 capite
1389 2223 1499 2278 nostro
1522 2214 1641 2278 factum
1668 2215 1840 2293 credimus,
1857 2215 1889 2277 in
1912 2215 1994 2278 nobis

1261 2311 1494 2393 perficiendum
1515 2331 1689 2395 speramus.
1707 2314 1788 2375 Dum
1808 2332 1882 2377 vero
1902 2332 1994 2377 sacer-

1260 2413 1317 2475 dos
1337 2412 1404 2475 haec
1424 2412 1521 2475 verba
1546 2412 1634 2491 dicit,
1650 2411 1745 2474 debet
1769 2412 1897 2494 quidem
1923 2412 1995 2474 cele·

1261 2510 1347 2589 riter,
1363 2528 1428 2572 non
1452 2518 1557 2572 tamen
1578 2508 1836 2591 superficialiter,
1852 2512 1913 2573 imo
1936 2528 1994 2573 cor-

1259 2608 1384 2671 dialiter
1413 2608 1570 2671 recordari
1599 2608 1757 2690 passionis
1785 2608 1908 2687 Christi,
1938 2626 1993 2670 non

1260 2706 1329 2769 sine
1350 2706 1582 2788 compassionis
1604 2705 1746 2786 aflectu;
1763 2707 1993 2770 resurrectionis

1259 2823 1384 2886 quoque
1412 2811 1443 2865 et
1470 2803 1666 2866 ascensionis
1694 2824 1768 2866 cum
1797 2803 1993 2867 exsultatione

1259 2902 1400 2983 mentali,
1418 2902 1662 2984 contemplando
1675 2902 1857 2965 mentaliter
1875 2920 1993 2984 quomo

455 3003 599 3081 canonis,
611 3001 667 3065 ubi
682 3002 802 3065 dictum
818 3011 867 3065 est
878 3027 885 3064 ι
898 3002 969 3064 llaec
986 3011 1095 3065 sancta
1110 3002 1203 3064 sacri·
1219 3004 1241 3067 C
1257 3002 1298 3063 do
1318 3020 1356 3063 ex
1381 3001 1489 3063 clauso
1514 3000 1660 3082 sepulcro
1679 3001 1827 3079 surrexit,
1843 3000 1944 3064 anima
1960 3019 1992 3061 ex

453 3102 530 3164 ficia
551 3101 682 3163 illibata.
700 3100 754 3161 Est
777 3100 862 3162 enim
888 3100 1009 3180 aliquid
1033 3100 1202 3182 tripliciter

454 3206 611 3274 sanctum,
620 3197 769 3260 videlicet
782 3222 789 3258 :
802 3217 861 3280 per
873 3198 1057 3275 essentiam,
1070 3205 1105 3259 ut
1119 3199 1201 3260 Deus

454 3295 624 3373 sublimis,
638 3314 697 3377 per
721 3294 995 3375 participationem
1020 3294 1199 3372 formalem,

422 3463 426 3469 ,
453 3403 489 3456 ut
519 3392 745 3455 intellectualis
774 3400 930 3470 creatura,
958 3411 1028 3473 quae
1058 3393 1125 3456 sola
1154 3400 1203 3454 est

454 3491 635 3572 subjectum
651 3490 828 3552 sanctitatis
849 3499 882 3552 et
901 3490 1030 3571 gratiae3
1046 3509 1104 3571 per
1118 3491 1202 3553 ordi-

454 3590 614 3653 nationem
640 3608 695 3652 seu
722 3589 941 3651 habitudinem
963 3590 1002 3650 ad
1022 3589 1142 3666 divina,
1167 3598 1203 3650 ut

453 3687 551 3751 altare
583 3708 639 3750 seu
674 3695 789 3765 vostea,
819 3706 889 3768 quse
917 3696 1026 3749 sancta
1054 3687 1203 3749 dicuntur

453 3787 528 3867 quia
543 3788 582 3848 ad
597 3786 745 3849 divinum
767 3787 887 3849 cultum
909 3788 1113 3868 deputantur.
1131 3785 1203 3848 Pos-

453 3894 501 3948 set
515 3894 620 3948 antem
635 3885 708 3947 addi
723 3893 855 3965 quartus
876 3885 999 3963 modus,
1016 3903 1080 3965 quo
1100 3878 1204 3947 sacra-

452 3992 561 4047 menta
581 3984 732 4046 dicuntur
750 3991 860 4044 sancta
882 3981 958 4063 quia
982 3982 1150 4060 sacrantia,
1168 3992 1203 4044 ut

453 4081 578 4143 scilicet
602 4080 720 4160 aliquid
747 4088 878 4142 vocetur
905 4087 1049 4141 sanctum
1079 4080 1201 4144 ratione

454 4177 503 4240 sui
515 4176 662 4256 effectus,
679 4185 711 4239 et
729 4176 879 4257 quoniam
898 4177 1032 4257 gratiam
1058 4178 1242 4241 sanctifi-ll

454 4282 579 4337 cantem
609 4273 840 4355 aliquomodo
869 4274 1022 4354 continet,
1052 4276 1200 4356 quamvis

453 4392 518 4436 non
546 4374 721 4436 secundnm
750 4390 820 4434 esse
848 4372 1052 4456 completum.
1079 4374 1200 4436 Dicitur

453 4489 581 4552 qnoque
596 4470 716 4551 aliquid
732 4478 877 4532 sanctum
893 4471 1012 4533 ratione
1029 4490 1201 4552 repreasen-

452 4569 592 4647 tatIonis,
610 4568 730 4631 etitem
746 4569 868 4632 ratione
883 4577 982 4630 status
997 4569 1064 4631 sive
1084 4569 1196 4633 officii.

452 4668 490 4730 Et
504 4668 596 4730 tertio
611 4667 705 4730 modo
718 4667 822 4731 hostia
836 4667 954 4729 dicitur
967 4676 1075 4730 sancta
1091 4678 1122 4731 et
1137 4669 1199 4731 illi-

453 4767 526 4828 bata
545 4774 617 4827 ante
638 4765 922 4846 consecrationem,
940 4766 1090 4846 qnoniam
1115 4769 1199 4830 ordi-

452 4872 547 4927 natur
561 4864 599 4926 ad
615 4882 731 4945 corpus
745 4871 777 4927 et
792 4863 978 4944 sanguinem
993 4863 1120 4928 Christi.
1139 4867 1197 4929 Sed

453 4969 525 5043 post
544 4960 817 5025 consecrationem
832 4968 880 5022 est
895 4969 1003 5023 sancta
1017 4970 1049 5024 et
1063 4982 1142 5044 pura
1162 4983 1199 5026 ac

452 5060 575 5123 illibata
593 5060 734 5122 secundo
753 5061 847 5123 modo
865 5083 871 5120 :
889 5079 962 5121 nam
982 5079 1055 5123 caro
1075 5068 1108 5123 et
1129 5080 1200 5123 san-

451 5158 523 5241 gnis
550 5157 665 5221 Christi
693 5165 767 5219 sunt
798 5176 873 5219 vere
908 5166 1016 5220 sancta
1048 5178 1085 5221 ac
1120 5178 1199 5241 pura

450 5264 580 5339 propter
607 5256 744 5318 animam
773 5254 1036 5337 divinitatemque
1061 5256 1194 5323 unitam.

1258 3099 1355 3161 limbo
1375 3097 1492 3160 inferni
1507 3099 1546 3160 ad
1562 3117 1678 3179 corpus
1697 3098 1860 3179 redeunte,
1877 3107 1908 3161 et
1925 3116 1993 3179 qua-

1258 3197 1331 3259 liter
1346 3196 1446 3259 nnbes
1462 3196 1494 3257 in
1510 3196 1697 3260 ascensione
1711 3197 1852 3279 suscepit
1870 3216 1939 3259 enm
1958 3196 1992 3259 ab
2005 3216 2077 3260 ram.

1258 3295 1359 3358 oculis
1381 3294 1621 3377 discipulorum.

1297 3393 1441 3475 Insuper,
1476 3412 1571 3473 super
1606 3393 1702 3455 verba
1736 3394 1887 3474 predicta
1919 3393 1993 3455 liunt

1257 3491 1399 3572 quinque
1421 3510 1532 3553 cruces
1556 3498 1685 3573 proptor
1708 3490 1849 3573 quinque
1873 3492 1993 3553 vulnera

1258 3588 1384 3670 Christi,
1392 3589 1441 3651 vel
1457 3590 1532 3670 quia
1545 3588 1578 3651 in
1593 3590 1734 3670 quinque
1750 3589 1896 3655 sensibus
1911 3589 1994 3651 veho

1258 3687 1453 3751 mantissimc
1475 3706 1587 3769 passus
1610 3695 1671 3749 est.-

1411 3897 1657 3961 ARTICULUS
1687 3896 1849 3961 XXXIII.

1257 4039 1303 4097 De
1317 4038 1548 4111 emplanattone
1562 4028 1656 4097 nonae
1666 4038 1775 4113 partis
1789 4038 1932 4105 canonis,
1946 4036 1994 4093 sci·

1297 4127 1508 4201 licet:Supre
1523 4146 1595 4205 quw
1606 4126 1751 4201 propitio
1764 4146 1802 4185 ac
1816 4146 1926 4185 sereno
1938 4126 1994 4184 aul·

1298 4223 1345 4283 tu,
1362 4220 1420 4275 etc.

1321 4376 1401 4435 RIT
1408 4379 1651 4451 firmamentum
1667 4376 1703 4434 in
1719 4383 1810 4435 terra
1820 4377 1856 4433 iu
1867 4374 2091 4437 summiserunt

1336 4474 1785 4547 montiumsupereatottetur
1798 4490 1898 4549 super
1909 4472 1992 4533 Lide-

1256 4590 1335 4631 mtm
1356 4572 1488 4646 fructus
1506 4571 1586 4645 ejus,
1603 4568 1717 4631 Praetcr
1740 4569 1803 4631 alia
1827 4570 1860 4631 in
1885 4568 1990 4652 quibus

1255 4666 1383 4729 divinus
1397 4667 1496 4729 David
1510 4668 1550 4729 de
1565 4665 1725 4730 sacrificio
1741 4685 1831 4730 novae
1846 4668 1925 4749 legis
1937 4666 1992 4729 eri-

1256 4765 1368 4827 denter
1390 4764 1515 4826 locutus
1546 4772 1604 4840 est,
1626 4764 1658 4825 in
1688 4764 1812 4847 psalmo
1836 4772 1991 4847 septuage

1255 4862 1336 4925 slmo
1359 4862 1471 4943 primo,
1503 4862 1542 4925 de
1570 4862 1773 4925 Sacramento
1797 4863 1937 4944 corporis
1964 4868 1990 4922 et

1255 4960 1418 5042 sanguinis
1438 4960 1551 5022 Christi
1576 4960 1789 5042 pulcherrime
1811 4960 1990 5024 vaticinatus

1253 5058 1454 5123 ostenditur:
1471 5057 1538 5119 Erit
1558 5058 1734 5138 (inquiens)
1761 5058 1989 5123 firmamentum

1254 5158 1396 5220 interra
1420 5157 1453 5218 in
1478 5156 1611 5219 summis
1635 5156 1803 5219 montium.
1827 5158 1892 5221 lloc
1913 5157 1990 5221 enim

1253 5256 1297 5318 ait
1312 5257 1351 5318 de
1367 5273 1440 5335 rege
1454 5254 1565 5317 Messia
1580 5272 1636 5317 seu
1651 5254 1786 5336 Christo,
1801 5255 1841 5317 dc
1862 5273 1925 5337 quo
1944 5254 1989 5315 hic
