4309 6259
664 494 822 545 mosmo
842 495 941 545 ΗΥΙΝΙ
964 504 971 543 :
995 496 1102 546 Sdffllss
1122 496 1280 547 somnus

541 836 625 929 nl)
673 834 1084 933 NOCTURNUM
1132 838 1407 935 HYMNUS

216 1162 250 1223 l.
272 1160 381 1225 Sacris
399 1160 560 1225 solenniis
575 1160 691 1241 Juncta
705 1160 772 1224 sint
790 1161 921 1241 gaudia,
1000 1160 1123 1225 Dicens
1143 1162 1316 1245 :Accipite
1338 1165 1428 1245 quod
1449 1166 1543 1229 trado
1562 1166 1746 1248 vasculum,

190 1258 240 1322 Et
253 1276 295 1321 ex
314 1258 505 1339 praecordiis
520 1260 637 1322 sonent
656 1259 842 1339 preconia3
1088 1261 1214 1325 Omnes
1232 1278 1272 1325 ex
1292 1279 1332 1326 eo
1350 1262 1465 1329 bibite.

190 1354 365 1421 Recedant
383 1356 506 1435 vetera,
527 1372 613 1419 nova
632 1356 699 1419 sint
717 1356 841 1436 omnia,

287 1454 405 1533 Corda,
426 1471 535 1534 voces,
558 1455 589 1517 et
609 1472 719 1537 opera.
1020 1458 1052 1519 5.
1073 1456 1128 1521 Sic
1146 1458 1346 1523 sacrificium
1365 1459 1456 1523 istud
1475 1459 1632 1542 instituit,

998 1554 1104 1636 Cujus
1122 1555 1265 1619 officium
1282 1558 1447 1621 committi
1465 1559 1574 1622 voluit

215 1650 252 1714 2.
270 1650 383 1715 Noctis
401 1652 559 1715 recolitur
575 1668 667 1715 coena
685 1652 880 1732 novissima,
997 1653 1086 1717 Solis
1104 1654 1318 1735 presbyteris,
1338 1656 1461 1737 quibus
1478 1657 1527 1719 sic
1545 1659 1699 1741 congmit
1791 1712 1796 1717 .

189 1750 269 1824 Qua
282 1748 434 1814 Christus
450 1750 595 1813 creditur
608 1768 731 1833 agnum
747 1752 779 1814 et
794 1767 910 1833 azyma
1087 1752 1132 1815 ut
1149 1754 1284 1816 sumant
1302 1755 1336 1817 et
1353 1754 1432 1818 dent
1449 1756 1578 1820 ceteris

188 1848 334 1913 Dedisse
355 1848 522 1927 iratribus
539 1848 636 1929 juxta
655 1849 803 1929 legitima

284 1946 408 2011 Priscis
427 1947 555 2011 indulta
574 1946 734 2029 patribus.
1020 1948 1051 2011 6.
1067 1948 1169 2013 Panis
1183 1949 1353 2031 angelicus
1367 1950 1405 2013 ln
1418 1952 1515 2032 panis
1529 1952 1716 2033 hominum,

997 2047 1063 2110 Dat
1080 2047 1176 2127 panis
1195 2047 1330 2111 colicus
1348 2048 1464 2128 figuris
1481 2050 1672 2113 terminum.

214 2140 250 2205 3.
262 2141 343 2205 Post
356 2158 479 2223 agnum
493 2142 655 2223 typicum,
667 2142 808 2223 expletis
823 2143 941 2225 epulis,
998 2142 1026 2207 Ο
1046 2160 1099 2207 res
1116 2143 1300 2207 mirabilis!
1318 2146 1494 2209 manducat
1512 2148 1695 2212 Dominum

190 2240 323 2321 Corpus
341 2239 546 2304 dominicum
565 2240 678 2305 datum
699 2240 884 2323 discipulis,
1087 2242 1229 2324 Pauper,
1249 2260 1367 2308 servus
1385 2247 1419 2307 et
1436 2245 1586 2309 humilis.

191 2338 251 2403 Sic
265 2339 372 2401 totum
387 2338 542 2401 omnibus
560 2339 650 2421 quod
664 2340 771 2403 toturn
790 2338 943 2420 singulis,
1364 2356 1373 2373 ·

285 2436 367 2517 Ejus
388 2434 530 2499 latemur
548 2436 711 2501 manibus.
1022 2438 1053 2502 7.
1070 2438 1128 2518 Te,
1149 2439 1236 2502 trina
1249 2440 1365 2504 Deitas
1383 2458 1527 2523 unaque,
1543 2442 1713 2524 poscimus

1000 2537 1054 2601 Sic
1073 2541 1112 2601 ut
1128 2554 1190 2601 nos
1208 2538 1324 2601 visites
1342 2539 1429 2602 sicut
1447 2540 1479 2603 te
1498 2540 1661 2622 colimus,

216 2634 250 2697 4.
267 2633 366 2697 Dedit
385 2632 558 2714 fragilibus
576 2632 723 2716 corporis
743 2632 916 2715 ferculum,
999 2635 1064 2698 Per
1080 2637 1155 2699 tuas
1172 2636 1309 2699 semitas
1327 2636 1391 2699 duc
1408 2654 1471 2700 nos
1484 2654 1550 2719 quo
1569 2639 1748 2718 tendimus,

192 2731 296 2795 Dedit
315 2734 349 2797 et
366 2730 517 2796 tristibus
535 2731 706 2813 sauguinis
725 2731 895 2813 poculum,
1087 2733 1139 2796 Ad
1158 2733 1267 2797 lucem
1285 2750 1384 2815 quam
1405 2734 1581 2799 inhabitas.
1603 2736 1722 2799 Amen.

693 3053 1005 3141 EXPOSITIO
1052 3052 1241 3141 HYMNI

234 3316 490 3385 Cofflonnrun
513 3318 546 3383 in
570 3338 609 3385 oo
634 3318 792 3385 institutio
811 3319 985 3383 sanctis-A
1039 3322 1155 3381 Sacris
1168 3321 1336 3390 solenniis,
1351 3318 1383 3382 id
1398 3321 1643 3385 estsauotisbis
1658 3321 1749 3386 iestis
1817 3339 1831 3396 1

193 3416 267 3477 simi
284 3418 474 3481 sacramenti
489 3418 712 3497 Eucharistiae3
728 3418 842 3481 deiude
857 3417 945 3481 altis-
1000 3416 1181 3499 praaoipuis‚
1203 3416 1236 3478 in
1265 3416 1448 3481 celebritate
1476 3418 1686 3500 dignissimis,
1713 3420 1747 3482 iu

193 3513 267 3576 simi
288 3514 375 3579 illius
394 3516 536 3599 mysterii
557 3517 653 3598 (quod
672 3516 760 3580 omni
780 3515 873 3579 laude
893 3536 944 3581 su·
999 3514 1116 3595 quibus
1137 3523 1169 3577 et
1187 3514 1251 3577 alia
1268 3514 1384 3578 Christi
1403 3516 1549 3579 solennia
1567 3524 1661 3599 atquo
1680 3536 1748 3600 my-

194 3612 302 3693 parius
313 3614 619 3694 est)oommuniouis
630 3621 745 3677 sauctae
757 3614 943 3677 excellentia
999 3612 1095 3675 steria
1119 3613 1297 3675 virtualiter
1324 3612 1541 3692 includuntur,
1567 3622 1623 3677 aut
1649 3616 1746 3679 ctiam

194 3710 290 3773 claris
311 3712 474 3777 extollitur
494 3712 673 3794 preconiis.
997 3729 1114 3792 magna
1127 3728 1166 3773 ox
1180 3717 1268 3793 parte
1284 3710 1448 3773 actualiter
1462 3710 1656 3791 recoluntur,
1665 3716 1746 3791 jun·

234 3810 352 3875 Auctor
375 3811 512 3875 'l'bomas
533 3810 684 3894 Aquinas.
708 3810 839 3874 (lanneu
866 3810 943 3873 iarn-
996 3818 1048 3868 cta
1063 3810 1131 3867 sint
1143 3809 1270 3885 gaudia
1285 3807 1463 3889 spiritualia
1475 3816 1508 3872 et
1521 3809 1657 3887 iuterna,
1675 3826 1746 3891 quae

199 3906 304 3969 hicum
342 3907 532 3985 trimetrum,
566 3908 673 3971 minus
705 3908 838 3987 cultum,
871 3908 943 3991 rby-
997 3924 1035 3968 ex
1055 3904 1275 3987 maguitudino
1295 3924 1352 3968 sua
1370 3906 1548 3971 redundent
1566 3907 1600 3969 iu
1615 3925 1742 3990 corpus,

198 4004 348 4068 tbmioam
372 4004 613 4070 consonantiam
633 4008 802 4087 quamdam
822 4026 886 4091 prae
908 4026 942 4070 se
996 4002 1040 4066 ita
1054 4003 1138 4085 quod
1154 4003 1287 4067 internae
1301 4002 1471 4067 hilaritatis
1487 4004 1606 4069 indicia
1619 4013 1651 4068 et
1665 4005 1745 4069 elle·

197 4100 313 4167 ierous.
996 4109 1065 4165 ctus
1091 4100 1125 4164 in
1149 4109 1303 4183 apparatu
1325 4108 1357 4163 et
1380 4101 1532 4182 gestibus,
1549 4102 1583 4165 iu
1608 4121 1687 4167 voco
1712 4109 1745 4167 et

996 4200 1087 4263 vultu
1121 4200 1296 4277 reluceant,
1325 4199 1413 4263 omui
1438 4200 1579 4282 levitate,
1607 4201 1744 4266 dissolu·

269 4298 344 4365 UNG
358 4300 512 4383 hymnum
529 4302 560 4365 in
576 4302 755 4367 matutinali
777 4310 941 4367 cantamus
996 4298 1094 4379 tione,
1107 4297 1282 4381 petulantia
1295 4315 1425 4379 prorsus
1439 4299 1587 4363 exclusis.
1601 4298 1743 4382 lienium

282 4398 524 4483 Olliciozquem
539 4419 598 4464 uos
612 4402 780 4464 decantare
795 4401 942 4484 congruit
994 4396 1146 4479 gaudium
1166 4404 1215 4459 est
1232 4394 1365 4459 dilinsio
1384 4396 1483 4460 animi
1508 4397 1542 4459 in
1566 4398 1744 4480 apprchen-

195 4517 266 4563 oum
292 4498 547 4563 conformatione
572 4500 715 4564 cordium
744 4500 783 4563 ad
812 4502 977 4565 seusumB
995 4495 1086 4559 sione
1107 4494 1195 4577 boni,
1211 4503 1305 4576 atque
1319 4513 1357 4557 cx
1372 4493 1490 4560 unione
1504 4497 1654 4577 potentia
1668 4516 1742 4560 cum

194 4598 375 4678 verbomm,
391 4606 426 4661 ut
440 4596 569 4681 ipsimet
583 4598 772 4681 impleamus
786 4600 870 4682 quod
889 4618 940 4663 cc·
995 4594 1206 4657 conveniente
1220 4593 1346 4675 objecto
1357 4601 1484 4657 emanat
1495 4613 1531 4657 ac
1542 4593 1743 4659 oritur.llum

195 4696 301 4759 nimus
315 4704 348 4759 at
366 4696 406 4759 ad
423 4696 507 4778 quod
527 4698 742 4779 peragendum
762 4697 841 4761 alios
860 4697 942 4761 invi·
996 4693 1093 4775 igitur
1116 4692 1274 4774 unigeniti
1298 4692 1370 4754 Filii
1395 4691 1451 4756 Dei
1470 4702 1599 4775 propter
1617 4712 1676 4757 nos
1695 4696 1744 4757 in·

194 4801 308 4857 tamus.
326 4794 433 4877 ltaque
457 4812 530 4857 cum
551 4796 673 4877 ingenti
694 4796 810 4859 mentis
827 4796 942 4879 jucun·
995 4791 1116 4855 carneti
1131 4800 1164 4855 ot
1177 4792 1210 4853 iu
1225 4790 1344 4853 mundo
1358 4790 1420 4854 hoc
1434 4792 1612 4855 conversati
1627 4800 1744 4874 myste-

195 4892 292 4955 ditate
318 4892 350 4955 iu
380 4892 454 4971 Deo,
481 4912 555 4955 cum
584 4893 742 4975 protunda
770 4894 942 4959 attentione
996 4891 1053 4971 ria,
1081 4910 1118 4953 ao
1145 4908 1242 4972 opera
1269 4888 1340 4970 ojus
1368 4889 1554 4968 novissima,
1581 4891 1742 4973 totiusque

196 4991 417 5075 mysteriorum
433 4988 727 5074 heueiioiommque
741 4991 867 5071 Christi,
879 5012 942 5057 suae
996 4987 1225 5053 ardentissime
1249 4987 1431 5051 dilectionis
1455 4988 1495 5051 ad
1514 5004 1573 5051 uos
1592 5006 1629 5051 ac
1648 4988 1744 5051 nillu-

194 5087 344 5151 videlicet
363 5086 592 5151 incamatiouis
616 5096 647 5151 ot
670 5088 864 5170 operationis
887 5108 944 5154 uo-
996 5088 1169 5151 entissime
1187 5085 1342 5168 largitatis
1361 5095 1393 5149 et
1412 5085 1626 5150 intimissimae
1644 5086 1744 5168 pieta-

196 5196 268 5249 stro
282 5184 467 5250 salvationis
481 5204 518 5249 ao
533 5185 741 5251 iustitutionis
760 5186 943 5252 Sacramen·
996 5186 1037 5249 tis
1065 5186 1099 5248 iu
1127 5185 1221 5249 uohis
1254 5184 1457 5248 excellentias
1489 5184 1744 5266 contemplamur

196 5284 221 5351 ti
237 5284 429 5369 evangelica
443 5284 535 5367 legis,
551 5284 695 5348 dicamus
709 5304 747 5349 ex
761 5284 892 5351 auimo:
997 5306 1034 5350 ao
1055 5285 1264 5364 celebramus,
1285 5284 1438 5347 dehemus
1458 5284 1490 5344 iu
1511 5288 1670 5345 tautomm
1688 5302 1744 5369 ap·
