4309 6259
558 470 714 517 sxrosrrro
736 468 834 515 uvam
858 470 864 514 :
889 468 978 515 vnmr
999 468 1178 515 nnuuxrrou
1198 467 1331 515 orarunt
1683 451 1721 515 at

177 637 242 699 rius
262 646 421 721 operatur,
437 658 474 701 ac
496 638 626 717 clarius,
643 648 752 723 utpote
776 637 858 702 lacie
882 640 921 701 ad
937 640 962 701 A
977 639 1146 721 Apostolus
1163 662 1170 701 :
1186 638 1245 713 Qui
1263 658 1362 721 quum
1383 638 1416 700 in
1435 637 1538 701 lorma
1552 636 1606 699 Dei
1626 646 1720 717 esset,
1736 656 1869 715 rarum.

176 735 292 799 laciem
313 757 347 799 se
365 738 573 816 ostendendo,
590 738 725 802 videtur.
742 738 822 801 Hinc
843 737 922 800 dixit
978 756 1041 801 uon
1062 737 1204 818 rapinam
1227 737 1396 800 arbitratus
1415 744 1463 798 est
1482 755 1551 799 esso
1573 756 1606 798 se
1620 755 1723 817 eaqua-
1737 723 1758 763 ⁶·

24 834 439 918 P·.xv1u⁷.Psalmographus
461 860 468 897 :
485 838 510 897 A
532 855 656 900 summo
679 838 760 901 coelo
781 836 921 919 egressio
978 836 1039 897 lem
1054 836 1128 899 Deo.
1146 835 1275 916 Propter
1287 836 1371 917 quod
1386 835 1470 917 apud
1485 836 1637 898 loannem
1652 833 1720 897 ait:

176 933 258 1014 ejus,
274 942 306 996 et
326 952 477 998 occursus
499 934 569 1015 ejus
585 954 685 1017 usque
707 935 746 997 ad
761 953 921 997 summum
977 932 1067 995 Pater
1084 952 1175 995 meus
1193 934 1278 1016 quod
1292 933 1380 996 dedit
1393 934 1486 1012 mihi,
1501 932 1606 1013 majus
1620 932 1724 995 omui·
1751 954 1834 1002 runa.
1847 972 1868 1011 ι,

176 1031 257 1111 ejus
275 1032 361 1094 Unde
384 1042 415 1095 et
439 1034 580 1096 Christus
601 1042 671 1116 post
690 1034 831 1110 Coenam,
853 1050 923 1113 pas·
977 1029 1036 1091 bus
1065 1039 1134 1109 est;
1163 1038 1275 1111 utputa
1301 1030 1403 1092 deitas
1432 1030 1512 1112 ipsa,
1542 1048 1637 1112 quam
1665 1020 1771 1111 perw·

28 1144 162 1195 romam,
176 1129 258 1192 sioni
279 1130 345 1210 jam
368 1130 530 1212 proximus
553 1156 559 1193 :
581 1131 669 1195 lixivi
690 1132 760 1210 (ait)
780 1151 798 1193 a
820 1130 919 1207 Patre,
977 1127 1213 1207 generationem
1242 1135 1392 1190 aeternam
1420 1148 1438 1189 a
1466 1128 1555 1190 Patre
1585 1127 1720 1208 accepit.

23 1210 59 1251 ²⁸·
176 1235 208 1289 et
222 1226 294 1289 veni
311 1227 344 1289 in
359 1229 654 1307 mundum3iterum
672 1228 816 1309 relinquo
832 1247 922 1289 muu—
976 1224 1144 1305 Propterea
1171 1226 1325 1287 addidit:
1355 1226 1421 1307 Ego
1448 1234 1480 1287 et
1506 1226 1597 1288 Pater
1623 1244 1844 1294 uuumruan.

175 1326 262 1402 dum,
279 1333 311 1387 et
325 1327 405 1389 vado
420 1326 458 1389 ad
474 1327 606 1389 Patrem.
977 1341 1098 1384 sumus.
1128 1326 1248 1385 Carnis
1281 1326 1423 1401 cropdreo
1450 1326 1629 1401 accingere.
1658 1322 1723 1386 Hoc

215 1426 387 1484 decursus
409 1428 574 1505 usquead
595 1427 729 1502 inferos.
747 1424 813 1487 llox
834 1442 923 1486 uam·
977 1420 1204 1501 complacendo
1214 1428 1247 1483 θῖ
1256 1421 1506 1504 congratulando
1516 1420 1617 1502 magis
1627 1439 1723 1501 quam

175 1540 236 1603 que
269 1529 304 1583 ut
336 1521 369 1583 in
403 1541 497 1585 cruce
529 1523 702 1605 exspiravit
729 1532 761 1585 et
792 1521 921 1584 tradidit
976 1518 1176 1600 deprecando
1200 1521 1357 1601 prolatum
1381 1528 1441 1598 est,
1461 1527 1497 1581 ut
1520 1520 1561 1581 sit
1580 1538 1721 1582 sensus:

32 1636 160 1685 naemu.
177 1619 335 1701 spiritum,
365 1619 487 1697 diesne,
517 1620 618 1699 Pater,
649 1620 681 1683 in
711 1640 822 1683 manus
853 1628 921 1682 tuas
977 1640 993 1675 «
1021 1617 1196 1699 Accingere
1222 1641 1251 1697 n,
1280 1619 1311 1680 id
1340 1625 1399 1697 est,
1426 1626 1457 1681 te
1485 1618 1590 1701 ipsum
1618 1618 1724 1681 accin-

19 1702 55 1743 *θ’
177 1718 365 1781 commendo
386 1718 532 1800 spiritum
555 1737 661 1781 meum
675 1743 683 1797 ;
699 1718 864 1782 descendit
881 1719 921 1781 ad
976 1733 1026 1795 ge,
1043 1715 1094 1779 vol
1121 1736 1140 1778 a
1166 1716 1255 1779 Patre
1273 1716 1453 1797 accingere,
1469 1716 1529 1779 hoc
1549 1724 1597 1779 ost
1618 1715 1724 1779 acciu-

176 1813 312 1893 inlerna,
330 1824 363 1877 ut
379 1816 411 1876 in
431 1816 574 1897 symbolo
595 1816 777 1879 continetur
789 1818 921 1898 Aposto
938 1812 1072 1894 Bgaris,
1099 1815 1242 1898 strophio
1266 1838 1283 1875 a
1308 1815 1414 1878 carnis
1440 1838 1470 1892 n,
1491 1814 1523 1876 id
1547 1823 1606 1895 est,
1627 1834 1723 1878 carue

174 1914 288 1992 lorum,
314 1914 374 1977 hoc
403 1922 448 1976 est
478 1916 517 1977 ad
543 1914 676 1977 limbum
702 1923 839 1997 patrum,
865 1913 919 1994 qui
975 1931 1070 1992 quam
1085 1913 1284 1995 assumpsisti
1306 1920 1340 1975 ut
1354 1914 1530 1996 cingulum,
1544 1912 1648 1992 idest,
1660 1931 1724 1995 qua

173 2012 234 2073 luit
257 2012 402 2094 superior
425 2032 498 2095 pars
523 2012 639 2075 inferni
663 2036 670 2075 ε
693 2013 786 2094 cujus
807 2012 920 2075 inlima
974 2012 1208 2092 quodammodo
1231 2020 1263 2075 te
1287 2012 1410 2074 vestisti
1430 2020 1461 2074 et
1477 2011 1629 2094 operuisti
1653 2012 1721 2074 ani-

172 2129 243 2191 pars
272 2109 333 2171 luit
362 2111 450 2173 locus
476 2130 512 2174 ac
538 2110 662 2175 mansio
685 2113 917 2189 damnatorum,
974 2128 1058 2171 nram
1075 2116 1172 2187 tuam,
1189 2119 1243 2172 aut
1263 2110 1360 2173 etiam
1382 2110 1544 2189 deitatem,
1561 2111 1653 2192 cujus
1667 2110 1723 2173 ha-

170 2225 240 2289 qute
268 2208 480 2271 communiter
503 2208 681 2291 appellatur
705 2208 859 2287 iulernus,
887 2208 919 2270 in
974 2206 1058 2269 bitus
1081 2207 1142 2269 luit
1162 2218 1274 2271 natura
1292 2217 1466 2291 assumpta,
1482 2218 1517 2271 ut
1531 2228 1627 2290 super
1641 2208 1721 2271 illud

170 2325 234 2387 quo
268 2306 356 2369 nulla
391 2307 576 2389 perhibetur
608 2327 678 2369 esse
712 2308 917 2389 redempti03
973 2306 1128 2387 Apostoli,
1144 2308 1258 2371 liabitu
1274 2308 1423 2371 inventus
1444 2309 1600 2387 uthomo,
1616 2310 1867 2390 Augu-mum,

171 2406 310 2467 secunda
339 2425 410 2487 pars
439 2415 487 2467 est
514 2406 744 2488 purgatorium,
774 2407 857 2487 quod
887 2414 919 2467 et
973 2404 1075 2467 stinus
1091 2406 1256 2488 expressit.
1269 2406 1362 2469 Juxta
1374 2408 1460 2469 hunc
1475 2408 1603 2471 modum
1619 2407 1721 2469 lemur
1735 2398 1756 2440 ⁷·

173 2504 331 2567 interdum
356 2504 500 2568 inlernus
523 2514 664 2585 vocatur,
681 2514 716 2568 ut
737 2525 834 2588 quum
849 2524 918 2569 ora-
974 2502 1006 2563 in
1031 2503 1156 2567 Psalmo
1182 2528 1189 2565 :
1214 2503 1390 2587 Accingere
1412 2505 1519 2587 gladio
1542 2512 1596 2569 tuo
1624 2526 1721 2589 super
1735 2532 1867 2585 raama.

172 2622 254 2681 mus,
267 2603 380 2667 Libera
394 2604 517 2666 animas
532 2604 677 2668 lidelium
692 2603 917 2667 defunctorum
972 2600 1078 2663 lemur
1100 2610 1202 2682 tuum,
1223 2603 1453 2684 potentissime.
1474 2603 1571 2667 lsaias
1594 2623 1719 2686 quoque

173 2702 212 2765 de
232 2704 336 2784 poenis
358 2702 496 2781 inlemi3
512 2703 604 2765 tertia
624 2712 779 2786 parserat
800 2702 918 2765 limbus
972 2698 1012 2759 de
1033 2698 1163 2780 cingulo
1184 2700 1342 2782 spirituali
1360 2724 1367 2762 ε
1384 2700 1476 2763 Fides
1498 2702 1628 2783 (inquit)
1651 2702 1718 2764 cin·
1734 2720 1766 2767 n.
1779 2725 1840 2771 xus.

173 2801 375 2883 parvulorum
405 2802 438 2863 in
472 2802 539 2865 solo
572 2802 719 2884 originali
754 2801 919 2865 defuncto
974 2797 1110 2860 otorium
1127 2818 1238 2861 renum
1253 2797 1335 2879 ejus.

174 2920 264 2978 rum3
285 2908 408 2981 quarta,
429 2900 546 2964 limbus
569 2909 706 2983 patrum,
725 2902 764 2963 de
785 2918 848 2982 quo
870 2900 918 2964 Ja·
1013 2898 1157 2973 Infirma
1176 2900 1283 2958 nostri
1299 2900 1457 2974 corporis,
1478 2897 1509 2960 id
1528 2906 1577 2960 cst
1594 2907 1721 2963 natura-

11 2998 232 3069 een.1mu.coh
250 3022 257 3061 ε
274 2998 467 3061 Descendam
483 2998 613 3080 (iuquit)
628 2998 666 3061 ad
689 2998 794 3061 lilium
811 3018 916 3061 meunt
933 3002 955 3065 C
975 2994 1036 3057 lem
1052 2993 1718 3076 passibilitatem,fatigabilitatem,lumem,

11 3088 36 3127 ⁵·
173 3097 284 3177 lugens
308 3095 341 3158 in
365 3096 536 3159 internum.
558 3099 722 3159 Recursus
745 3100 789 3157 ed
811 3100 917 3157 sedem
974 3092 1072 3169 sitim,
1103 3111 1267 3175 pavorem,
1293 3092 1454 3155 tristitiam
1484 3117 1500 3153 u
1529 3094 1672 3177 corporis
1701 3119 1718 3155 n

171 3198 244 3265 Dei,
271 3195 301 3257 id
330 3203 389 3273 est,
415 3194 617 3259 velocissima
646 3195 759 3259 reditio
787 3195 915 3272 Christi,
974 3192 1032 3269 tui,
1055 3192 1140 3273 quod
1161 3191 1201 3254 de
1225 3200 1334 3255 nostro
1355 3210 1393 3254 ex
1415 3191 1545 3275 Virgine
1566 3194 1719 3276 accepisti

171 3295 346 3357 secuudum
368 3294 453 3376 quod
473 3293 580 3371 bomo,
598 3287 659 3355 luit
679 3312 779 3375 usque
800 3294 839 3356 ad
855 3312 918 3357 coe·
973 3288 1228 3369 (indetrahibiles
1256 3290 1376 3372 quippe
1406 3290 1550 3354 delectus
1577 3291 1719 3357 Christus

172 3392 238 3455 lum
263 3410 460 3475 empyreum,
483 3392 522 3455 de
546 3410 608 3473 quo
632 3392 772 3473 loquitur
794 3392 884 3454 Pater
907 3414 914 3453 ε
972 3388 1157 3470 assumpsit,
1173 3388 1349 3451 seeundum
1365 3390 1607 3469 Damascenum,
1624 3390 1720 3453 idest

11 3490 291 3563 11.uv..x;Coelum
313 3490 392 3552 mihi
415 3490 505 3553 sedes
527 3498 584 3552 est.
607 3490 693 3553 Unde
715 3491 748 3552 iu
769 3492 917 3553 Deutero
973 3486 1133 3548 naturales
1161 3485 1431 3565 defectuositates‚
1455 3487 1572 3569 quibus
1595 3488 1718 3551 detrahi

11 3578 157 3687 ᾖξ’-’ἐξὲξ
171 3588 280 3653 nomio
294 3588 338 3652 ait
353 3588 515 3671 Scriptura
526 3612 532 3649 :
543 3587 611 3651 Non
626 3596 674 3651 est
689 3588 771 3651 alius
786 3589 867 3651 Deus
882 3596 917 3651 ut
972 3586 1083 3666 nequit
1104 3609 1111 3646 ι
1132 3585 1337 3667 quamobrem
1359 3586 1470 3648 debuit
1491 3585 1641 3649 iratribus
1662 3606 1720 3669 per
1754 3610 1825 3657 aaa.
1841 3626 1864 3665 u.

11 3674 84 3756 asi.
171 3688 252 3750 Deus
267 3686 689 3765 rectissimi3hahitaculum
704 3688 774 3768 ejus
790 3706 914 3749 sursum
972 3683 1079 3746 omnia
1101 3683 1284 3761 assimilari,
1307 3684 1397 3765 juxta
1416 3685 1627 3765 Apostolum),
1651 3675 1766 3748 uir-¹⁷·

171 3794 202 3849 et
216 3785 325 3849 subter
338 3784 468 3847 brachia
483 3784 773 3868 sempitema.Hinc
790 3784 822 3847 in
834 3786 916 3867 Apo-
973 3791 1041 3843 tete
1061 3786 1203 3861 firmans
1217 3785 1360 3858 perpeti,
1376 3780 1407 3843 id
1429 3790 1487 3861 est,
1502 3782 1572 3864 jugi
1593 3781 1719 3847 lortitu-

11 3899 155 3958 poemm.
171 3884 289 3967 calypsi
319 3884 458 3965 loquitur
485 3883 626 3946 Christus
657 3906 663 3943 ε
691 3882 760 3945 Vici
789 3891 820 3945 et
847 3884 913 3947 sedi
972 3880 1046 3943 dine
1069 3881 1233 3957 roborans,
1250 3880 1294 3941 ita
1314 3879 1397 3960 quod
1417 3899 1455 3942 ex
1475 3880 1718 3945 inlinnitatibue

170 4002 243 4046 cum
258 3983 346 4046 Patre
368 4000 439 4044 meo
463 3980 496 4042 in
518 3981 631 4045 throno
653 3980 722 4061 ejus
736 4004 744 4059 3
760 3990 854 4064 atque
875 3984 913 4045 ad
972 3978 1036 4041 illis
1065 3996 1229 4060 nunquam
1258 3978 1291 4039 in
1321 3978 1460 4060 aliquam
1488 3980 1655 4062 pmlapsus
1683 4000 1717 4043 es

11 4108 153 4157 narsum
169 4083 315 4146 llebraeos
336 4079 504 4162 Apostolus
522 4102 529 4141 :
546 4079 722 4142 Pracursor
743 4098 800 4161 pro
822 4081 914 4144 nobis
971 4077 1109 4158 culpem,
1131 4086 1162 4137 et
1184 4075 1340 4159 quidquid
1360 4076 1393 4137 in
1418 4095 1513 4140 carne
1534 4097 1568 4140 es
1592 4097 1715 4160 passus,

169 4178 313 4243 introivit
333 4178 422 4239 lesus
444 4176 571 4240 coelum.
930 4176 954 4237 D
970 4194 1008 4238 ex
1022 4176 1168 4238 libertate
1186 4174 1248 4236 luit
1267 4181 1328 4237 tuat
1347 4174 1587 4239 virtuosissimae
1606 4177 1718 4240 volun-

208 4278 370 4353 Praeterea,
391 4274 433 4338 ob
455 4273 540 4336 hunc
565 4272 774 4356 multiplicem
799 4277 912 4339 Christi
970 4273 1042 4335 tatis
1057 4292 1094 4335 ac
1110 4271 1329 4335 invictissime
1349 4272 1499 4350 caritatis,
1517 4292 1581 4337 non
1602 4294 1641 4337 ex
1661 4295 1717 4338 nc·

169 4375 359 4459 proiectum,
375 4372 529 4449 volatum,
545 4390 711 4435 ascensum
733 4381 765 4436 et
784 4375 915 4438 descen·
969 4372 1116 4433 cessitate
1131 4370 1371 4453 passibilitatis3
1388 4390 1425 4433 cx
1439 4371 1634 4454 dignatione,
1650 4392 1715 4437 non

169 4494 251 4552 sum,
277 4472 394 4535 exitum
419 4490 456 4533 ac
482 4470 629 4547 reditum,
653 4470 774 4553 Sponsa
798 4471 915 4537 latetur
969 4489 1006 4533 ex
1030 4469 1204 4533 coactione.
1227 4468 1343 4549 Sicquc
1364 4487 1480 4552 corpus
1505 4470 1620 4534 Christi
1645 4491 1717 4554 per·

11 4572 202 4643 canr.u.a.in
225 4570 363 4635 Canticis
390 4592 397 4631 ε
422 4570 505 4631 Ecce
529 4568 617 4631 venit
645 4568 705 4631 iste
733 4571 850 4633 saliens
881 4572 913 4635 in
968 4568 1143 4631 lectissime
1158 4566 1220 4628 luit
1240 4566 1355 4631 animae
1375 4568 1445 4648 ejus
1466 4568 1716 4650 subjectum3et

169 4669 342 4746 montibus,
359 4666 541 4729 transiliens
563 4667 670 4730 colles.
968 4666 1133 4749 passiones
1148 4685 1204 4728 seu
1214 4666 1320 4747 potius
1330 4665 1554 4749 propassiones
1564 4687 1629 4731 suae
1644 4689 1717 4733 sen·

76 4784 97 4839 0
207 4768 361 4846 AEquulis
391 4774 513 4827 aeterno
540 4768 653 4836 Patri,
681 4766 742 4830 hoc
778 4775 836 4845 cst,
866 4775 911 4846 tu,
968 4766 1069 4829 sitive
1094 4764 1204 4846 partis,
1225 4784 1283 4847 per
1305 4764 1439 4827 virtutes
1458 4767 1594 4830 morales
1613 4771 1716 4833 excel-

168 4865 301 4942 Christe,
328 4862 382 4945 qui
412 4864 586 4925 secundum
615 4864 741 4926 deitatis
770 4872 831 4928 tuae
860 4887 913 4929 na·
969 4863 1162 4927 lentissimas
1191 4863 1427 4926 indeviabiliter
1455 4866 1679 4945 regulabantur
1705 4892 1714 4933 ι

168 4971 270 5026 turam
294 4982 366 5025 vere
387 4984 403 5021 «
419 4961 549 5042 aquatis
565 4984 581 5020 u
604 4982 638 5023 cs
661 4963 722 5026 lieo
738 4984 754 5021 ι(
771 4963 851 5025 Patri
869 4988 909 5027 u:
968 4964 1052 5045 quod
1077 4969 1178 5026 totum
1203 4962 1321 5024 lactum
1344 4969 1391 5024 est
1412 4962 1634 5045 principaliter
1652 4966 1715 5028 vir-

167 5062 316 5145 quooiam
332 5060 459 5123 deitatis
481 5059 644 5142 plenitudo
664 5080 700 5124 ac
716 5062 832 5124 veritas
846 5082 913 5125 om-
967 5069 1033 5124 tute
1048 5060 1158 5123 divina
1178 5059 1330 5121 aeternali.

167 5181 241 5224 nem
266 5179 395 5243 prorsus
420 5158 706 5240 imperfectionem,
729 5158 914 5225 minoratio
1007 5160 1242 5235 Proesepejam
1259 5161 1366 5236 fatiget
1387 5169 1492 5230 tuum,
1508 5160 1539 5222 id
1560 5168 1619 5240 θεῖ,
1636 5178 1714 5243 praa-
1779 5176 1798 5233 7

168 5278 254 5339 nem,
279 5256 524 5340 inequalitatem
548 5257 696 5321 excludit.
723 5257 810 5320 Unde
833 5258 913 5323 dixit
969 5257 1092 5341 sepium
1121 5256 1155 5317 iu
1182 5274 1245 5337 quo
1272 5263 1318 5339 tu,
1339 5274 1358 5319 o
1382 5256 1515 5336 Christe,
1540 5277 1559 5320 a
1582 5258 1712 5341 Virgine
