4309 6259
451 466 509 531 tea
756 485 796 532 nu
816 484 906 534 norus
927 484 1061 533 srmrrus
1083 482 1200 543 seuam,
1223 483 1397 531 rnncrnrus
1419 485 1451 531 n.
1474 504 1514 515 -
1534 486 1604 532 aar.
1627 487 1689 533 xxv

449 653 630 737 probabiles
658 675 715 719 seu
743 656 946 720 rationabiles
976 654 1196 739 persuasiones
1213 656 1237 718 Α
1252 656 1361 718 dorem
1381 674 1487 718 aerem
1506 654 1645 739 simplici
1668 655 1811 721 claritate
1833 658 1986 742 adimplet,

449 752 567 815 multas
595 754 735 833 sortitur,
766 774 844 837 quas
873 774 930 837 per
956 756 1076 818 donum
1106 753 1197 816 intel·
1252 772 1425 835 omnesque
1451 755 1654 836 apparentiae
1684 774 1789 819 rerum
1822 775 1860 819 ac
1888 759 1988 821 modos

451 851 934 934 lectusanimacontemplatur.
1253 851 1419 930 clarificat,
1450 861 1481 915 et
1514 851 1714 915 differentias
1749 853 1931 917 manifestat
1961 857 1989 918 in

491 949 708 1031 Porro'opera
730 952 838 1031 gratia
862 968 928 1013 non
952 958 1025 1011 sunt
1047 949 1197 1030 operibus
1253 950 1376 1011 cunetis
1405 949 1585 1028 coloribus3
1612 950 1710 1012 simili
1739 952 1833 1015 modo
1860 952 1991 1035 insplen-

452 1055 572 1109 naturae
601 1047 846 1129 imperfectiora.
872 1049 972 1123 Quum
1001 1065 1077 1129 ergo
1106 1047 1198 1108 intel·
1252 1046 1359 1110 dantia
1374 1066 1430 1109 seu
1445 1048 1621 1111 coruscatio
1637 1049 1711 1111 doni
1724 1049 1904 1113 intellectus
1916 1070 1989 1113 men·

453 1145 554 1208 lectus
569 1146 730 1226 possibilis
751 1147 830 1209 duos
851 1155 940 1209 actus
961 1147 1000 1208 ad
1023 1164 1112 1207 suam
1128 1164 1198 1227 per·
1252 1152 1316 1206 tem
1344 1144 1491 1222 illustrat,
1522 1146 1728 1227 omniumque
1758 1146 1790 1208 in
1822 1147 1892 1230 ipsa
1919 1150 1990 1211 ersi-

453 1241 624 1306 fectionem
646 1244 796 1325 requirat,
816 1243 966 1307 videlicet
987 1243 1128 1306 veritatis
1151 1244 1199 1303 in·
1253 1242 1403 1305 stantium
1419 1242 1567 1304 veritates
1589 1243 1694 1306 eidem
1716 1246 1866 1324 ostendit,
1884 1266 1920 1309 ac
1941 1267 1990 1329 per

452 1340 634 1404 ventionem
650 1361 706 1404 seu
720 1342 1018 1423 apprehensionem,
1030 1349 1062 1403 et
1076 1348 1196 1403 rectum
1252 1338 1312 1402 hoe
1337 1358 1427 1401 mens
1450 1339 1519 1421 ipsa
1542 1340 1690 1403 ‘veritates
1714 1360 1793 1423 quas
1819 1362 1876 1424 per
1899 1342 1989 1407 fidem

453 1440 523 1521 ejus
536 1439 714 1521 judicium3
732 1440 827 1502 simili
851 1440 944 1503 modo
959 1439 1053 1519 fides,
1069 1458 1139 1521 quae
1158 1441 1196 1501 ad
1253 1438 1363 1515 credit,
1385 1436 1513 1515 intueri,
1535 1438 1600 1501 imo
1622 1447 1788 1520 penetrare
1813 1448 1907 1521 atque
1928 1461 1990 1524 pcr-

453 1556 548 1619 0pera
571 1537 681 1619 gratia
701 1545 834 1619 spectat,
857 1536 999 1620 perfecta
1023 1537 1198 1599 consistere
1252 1534 1375 1615 spicere
1403 1534 1528 1617 incipit,
1559 1555 1816 1618 unamquamque
1851 1539 1991 1603 distincte

452 1634 573 1716 nequit,
594 1634 656 1696 nisi
678 1636 764 1698 circa
785 1636 910 1717 objecta
932 1642 1026 1715 atque
1047 1634 1197 1697 articulos
1253 1650 1459 1713 cognoscens,
1490 1634 1696 1716 omniumque
1725 1635 1933 1718 proprietates
1959 1657 1992 1701 ac

451 1732 528 1795 fidei
543 1732 724 1795 intellectus
745 1733 905 1815 duplicem
927 1741 1034 1795 actum
1055 1732 1197 1796 obtineat
1253 1730 1389 1793 rationes
1404 1731 1437 1792 in
1461 1731 1582 1793 lumine
1604 1732 1700 1813 hujus
1722 1734 1797 1796 doni
1821 1734 1907 1797 clare
1926 1717 1993 1799 con-

451 1849 508 1912 per
529 1829 730 1892 influentiam
746 1830 881 1912 Spiritus
897 1830 1017 1908 Sancti,
1033 1829 1193 1909 videlicet,
1213 1826 1419 1909 Btemplans
1443 1827 1524 1890 Dum
1546 1829 1633 1891 enim
1652 1849 1707 1892 aer
1730 1830 1939 1912 perlustratur
1960 1850 1992 1894 ac

451 1936 569 1991 rectam
598 1936 629 1991 et
657 1948 765 1991 veram
794 1927 997 1991 intuitionem
1026 1928 1195 1992 veritatum
1252 1933 1433 2006 penetratur
1447 1925 1589 1989 claritate
1605 1925 1780 2005 sclis,tunc
1795 1928 1993 2010 pulchritudo

449 2024 540 2106 fidei,
556 2046 732 2108 verumque
754 2046 790 2089 ac
806 2044 990 2108 saporosum
1012 2027 1195 2089 earumdem
1251 2032 1345 2103 atquo
1368 2022 1488 2085 divitiae
1511 2024 1738 2104 hujusmundi
1763 2045 1796 2087 se
1814 2028 1992 2105 ostendunt,

448 2124 616 2206 judicium,
637 2133 672 2187 ut
695 2125 776 2187 sciat
799 2144 874 2186 vera
897 2143 933 2186 ac
957 2124 1040 2187 bona
1063 2144 1082 2185 a
1106 2123 1196 2187 falsis
1252 2121 1335 2184 oculi
1355 2139 1481 2202 qnoque
1501 2122 1641 2184 hominis
1664 2123 1897 2204 clarificantur,
1918 2126 1993 2207 ipse

450 2231 481 2285 et
496 2223 588 2286 malis
610 2222 806 2305 distinguere
827 2230 921 2303 atque
943 2242 1119 2286 secernere.
1136 2223 1196 2286 llo·
1251 2238 1313 2300 que
1341 2219 1436 2282 homo
1464 2239 1502 2282 ex
1529 2220 1717 2303 multiplicis
1740 2222 1855 2286 coloris
1882 2224 1994 2287 discre-

450 2338 521 2381 mm
543 2318 649 2399 itaque
672 2319 810 2401 primum
832 2319 1048 2383 communicat
1062 2319 1195 2401 Spiritus
1252 2317 1337 2380 tione
1373 2317 1505 2379 laetatur.
1544 2318 1769 2400 Pariformiter,
1805 2322 1884 2384 dum
1920 2322 1993 2385 ratio

337 2451 342 2463 ·
449 2417 583 2480 Sanctus
597 2418 711 2480 animae
732 2417 876 2480 rationali
892 2436 950 2499 per
970 2418 1089 2480 donum
1105 2418 1196 2481 intel·
1252 2424 1359 2479 nostra
1373 2416 1456 2479 dono
1471 2416 1650 2479 intellectus
1672 2418 1887 2500 perfunditur,
1904 2440 1995 2502 pene

300 2536 433 2589 reuma.
449 2518 561 2596 lectus,
579 2518 845 2598 quemadmodum
868 2516 1004 2598 ipsemet
1017 2516 1061 2579 ait
1078 2540 1086 2578 ε
1102 2517 1196 2579 lntel-
1252 2522 1351 2576 tratur
1372 2522 1402 2576 ct
1415 2513 1621 2594 clarificatur,
1639 2524 1715 2578 tnnc
1731 2516 1913 2599 intelligere
1928 2538 1994 2601 pos-

448 2616 566 2678 lectum
580 2615 638 2677 tibi
654 2616 786 2695 dabo,et
796 2615 951 2677 instruam
966 2616 1194 2679 teSeeundum
1251 2631 1360 2674 sumus
1375 2612 1460 2694 ipsas
1475 2632 1545 2694 quae
1559 2612 1593 2674 in
1609 2614 1672 2677 Deo
1687 2624 1762 2677 sunt
1775 2616 1992 2698 proprietates,

447 2732 573 2795 quoque
596 2721 723 2796 prestat
746 2714 850 2777 dando
874 2714 1038 2796 sapientiae
1061 2714 1192 2793 donum,
1249 2728 1319 2791 quaa
1339 2718 1412 2771 sunt
1435 2710 1568 2773 initialis
1589 2730 1686 2774 cansa
1703 2720 1797 2794 atque
1816 2714 1908 2795 origo
1929 2716 1995 2778 nni-

298 2834 431 2876 usees.
447 2820 483 2873 ut
497 2813 559 2875 late
573 2819 736 2876 ostensum
751 2820 809 2875 est.
1249 2827 1412 2871 versorum
1448 2818 1534 2871 extra
1568 2808 1738 2874 fluentium
1773 2829 1908 2893 operum
1943 2832 1994 2877 seu

487 2910 533 2972 Ad
554 2910 636 2972 hanc
658 2910 734 2972 doni
756 2910 937 2973 intellectus
962 2908 1192 2991 perfectionem
1248 2907 1569 2969 entiumcreatorum.
1588 2908 1645 2970 Per
1658 2910 1719 2971 hoc
1739 2910 1858 2973 etenim
1877 2910 1993 2976 donum

446 3008 612 3071 aDomino
634 3008 869 3088 requirendam,
886 3008 1029 3072 hortatur
1041 3025 1101 3070 nos
1121 3005 1230 3070 bea-G
1249 3023 1339 3067 mens
1354 3013 1459 3067 creata
1481 3005 1659 3069 considerat
1673 3007 1728 3071 llei
1744 3008 1793 3070 sui
1813 3008 1925 3072 dilecti
1943 3028 1996 3075 nc

448 3106 588 3167 tissimus
611 3105 833 3187 Apostolorum
858 3107 1008 3188 princeps
1032 3106 1065 3167 in
1089 3106 1194 3188 prima
1248 3102 1412 3184 bilitatem,
1421 3104 1773 3187 incomprehensibilem
1783 3107 1994 3188 altitudinem,

309 3217 388 3262 rrae.
402 3231 432 3268 m.
447 3223 504 3266 sua
518 3203 687 3281 (laconica,
702 3203 812 3265 dicens
830 3203 1019 3267 :Dominum
1034 3204 1192 3267 Christum
1248 3201 1424 3281 abyssalem
1447 3201 1708 3284 profunditatem,
1724 3212 1876 3269 aeternam
1898 3207 1997 3288 longi·

299 3283 331 3324 ¹⁵·
447 3299 646 3364 sanctificate
682 3300 715 3361 in
751 3302 900 3363 cordibus
935 3301 1060 3381 vestriS,
1092 3302 1192 3383 parati
1248 3299 1402 3379 tudinem,
1425 3300 1614 3363 immensam
1638 3302 1850 3383 latitudinem,
1873 3306 1996 3387 sapien-

446 3418 572 3480 semper
594 3400 635 3461 ad
659 3398 908 3463 satisfactionem
933 3400 1019 3463 omni
1049 3401 1193 3481 poscenti
1248 3397 1336 3475 tiam,
1366 3398 1543 3479 veritatem,
1573 3399 1758 3479 bonitatem,
1795 3401 1995 3467 ineffabilem

445 3518 501 3562 vos
520 3496 676 3561 rationem
695 3498 734 3560 de
753 3516 791 3560 ea
810 3517 879 3580 quae
899 3498 932 3559 in
951 3499 1042 3561 vobis
1056 3506 1105 3561 est
1127 3499 1192 3562 fide
1247 3496 1436 3577 largitatem,
1462 3504 1493 3559 et
1518 3504 1638 3559 ceteras
1661 3498 1887 3580 hujuscemodi
1912 3521 1995 3565 ama-

444 3606 476 3661 et
495 3616 561 3678 spe.
578 3594 698 3676 Nempe
720 3615 778 3677 per
797 3596 859 3659 hcc
880 3598 999 3660 donum
1020 3597 1113 3660 dccet
1133 3616 1191 3661 nos
1247 3593 1327 3656 biles
1342 3594 1559 3676 proprietates,
1576 3614 1646 3677 quaa
1667 3596 1786 3678 absque
1805 3618 1943 3665 numero
1963 3601 1994 3662 in

445 3695 581 3779 Spiritus
603 3694 737 3756 Sanctus
757 3695 797 3757 de
818 3695 967 3758 omnibus
988 3695 1052 3773 his,
1071 3696 1191 3759 Ioanne
1246 3692 1310 3755 Deo
1325 3701 1408 3770 sunt,
1423 3692 1586 3756 immensa
1600 3701 1632 3755 et
1646 3694 1715 3757 sine
1729 3694 1829 3760 fundo
1844 3697 1880 3759 in
1896 3698 1995 3780 ipsius

297 3802 591 3869 from-ntestante,
620 3792 675 3873 qui
703 3791 748 3854 ait
775 3814 782 3854 :
808 3792 877 3856 Non
908 3812 1038 3856 necesse
1066 3793 1190 3856 habetis
1247 3808 1372 3852 summa
1390 3798 1513 3869 natura,
1529 3791 1681 3872 quoniam
1703 3794 1838 3875 ipsemet
1856 3796 1996 3879 estipsae

296 3873 331 3915 ²⁷·
444 3901 479 3955 ut
493 3890 608 3973 aliquis
622 3891 734 3953 doceat
748 3909 817 3970 vos,
833 3892 888 3953 sed
902 3891 1012 3955 unctio
1026 3892 1119 3955 docet
1133 3910 1190 3955 vos
1245 3889 1462 3971 proprietates,
1482 3889 1634 3953 Praeterea
1657 3891 1753 3954 homo
1777 3910 1835 3973 per
1857 3894 1921 3957 hoc
1943 3896 1995 3958 do

444 3993 483 4053 de
505 3988 664 4052 omnibus.
691 3988 779 4050 Unde
803 3997 835 4051 et
856 3989 998 4051 Christus
1022 3990 1190 4071 discipulis
1245 4005 1321 4049 num
1337 3986 1516 4049 intellectus
1531 4006 1641 4051 omnes
1663 3997 1823 4052 creaturas
1844 3991 1992 4071 intendit,

294 4099 429 4153 coeam,
444 4086 625 4170 repromisit
650 4108 657 4146 ι
681 4085 858 4148 Paracletus
882 4088 1017 4169 Spiritus
1043 4089 1188 4167 Sanctus,
1245 4085 1448 4148 considerans
1482 4086 1640 4165 quomodo
1672 4087 1754 4149 Deus
1789 4089 1993 4173 omnipotens

297 4156 331 4198 '⁰’
443 4205 538 4268 quem
553 4183 656 4245 mittet
670 4181 760 4245 Pater
774 4183 807 4245 in
823 4186 952 4247 nomine
967 4204 1049 4265 mec,
1063 4186 1117 4248 ille
1132 4204 1188 4249 vos
1204 4182 1297 4246 beas
1318 4202 1357 4245 ex
1375 4201 1431 4244 sua
1451 4181 1550 4244 libera
1575 4182 1718 4265 largitate
1738 4188 1908 4269 creaverit,
1931 4190 1994 4252 sin-

442 4280 699 4347 dccebitomnia.
1243 4282 1396 4363 gulasque
1420 4280 1453 4342 in
1478 4280 1674 4343 naturalibus
1699 4282 1792 4347 bonis
1819 4284 1991 4367 dotaverit,

1242 4385 1273 4439 et
1302 4378 1335 4439 in
1364 4379 1656 4459 supernaturalibus
1684 4379 1777 4443 bonis
1801 4384 1913 4448 dotare
1939 4406 1992 4469 pa-

626 4493 870 4558 ARTIGULUS
893 4493 1003 4558 XXV·
1242 4483 1328 4537 ratus
1343 4477 1384 4538 sit
1397 4496 1450 4539 eas
1465 4496 1534 4558 quae
1557 4497 1591 4540 se
1612 4479 1650 4541 ad
1665 4478 1770 4561 ipsum
1786 4492 1991 4549 convertunt.

1242 4573 1382 4655 Denique
1397 4575 1515 4637 donum
1537 4574 1620 4637 istud
1643 4576 1735 4639 docet
1754 4596 1811 4640 nos
1826 4583 1992 4663 propriam

1241 4671 1439 4735 nobilitatem
1464 4681 1496 4735 et
1517 4672 1668 4735 virtutum
1689 4674 1915 4742 distinctiones
1938 4699 1994 4744 seu

1240 4768 1439 4833 differentias
1464 4771 1643 4853 speculari3
1668 4774 1870 4855 ostenditque
1899 4780 1993 4842 nobis

1241 4869 1392 4931 unionem
1407 4887 1502 4949 quam
1524 4870 1557 4932 in
1572 4869 1635 4933 Deo
1657 4870 1809 4935 habemus
1832 4893 1891 4956 per
1907 4896 1995 4942 amo-

441 4644 533 4710 Quod
543 4644 666 4701 donum
676 4642 861 4700 intellectus
873 4643 968 4700 radio
982 4643 1059 4700 solis
1068 4642 1186 4717 optime

479 4740 702 4806 eomparatur,
725 4738 755 4788 et
780 4733 821 4788 de
842 4732 1005 4807 effectibus
1030 4751 1085 4791 seu
1106 4731 1185 4791 acti-

479 4822 537 4879 bus
551 4820 651 4895 bajus
661 4820 939 4888 doni,secundum
952 4822 1120 4880 Doctorem
1137 4823 1185 4881 di-

478 4928 603 4968 vanum.

1240 4986 1307 5029 rem
1323 4966 1377 5029 bei
1393 4965 1580 5047 ferventem,
1597 4967 1839 5033 similitudinem
1861 4992 1994 5057 quoque

503 5066 579 5130 ENE
603 5068 736 5149 insuper
758 5066 876 5129 donum
901 5066 1081 5129 intellectus
1108 5068 1186 5131 assi·
1240 5064 1295 5127 bei
1309 5084 1404 5146 quam
1420 5066 1454 5127 in
1475 5066 1567 5128 nobis
1589 5065 1667 5148 ipsis
1688 5066 1843 5131 habemus
1865 5089 1928 5153 per
1944 5093 1995 5137 ca-

517 5165 646 5229 milatur
681 5164 842 5247 splendori
880 5184 936 5227 seu
970 5165 1060 5228 radio
1095 5166 1181 5229 solis.
1240 5163 1365 5225 ritatem
1380 5171 1474 5244 atque
1489 5163 1631 5226 virtutes.
1641 5163 1769 5227 Confert
1782 5167 1881 5230 etiam
1898 5172 1993 5235 nobis

436 5264 707 5343 Quemadmodum
726 5262 812 5324 euim
827 5261 874 5324 sol
896 5281 1060 5344 persuum
1080 5263 1185 5345 splen·
1240 5263 1348 5325 lumen
1363 5269 1395 5324 et
1415 5262 1590 5324 claritatem
1610 5262 1936 5344 quibusconversari
1960 5270 1993 5333 in
