4309 6259
463 470 524 535 572
711 497 928 545 carenacum
948 499 1304 560 nrnraurrarcaaurn,
1327 502 1414 551 nram
1435 506 1476 550 ιν.
1500 522 1539 532 -
1560 504 1628 550 aar.
1651 505 1718 561 vm,
1740 505 1772 551 rx

466 673 561 746 atquc
582 668 778 750 contemptui
802 669 974 732 cordialius
993 670 1213 753 poenaliusque
1228 673 1253 735 Α
1269 692 1338 735 rare
1353 672 1436 737 inter
1454 682 1525 737 tuos
1540 682 1572 737 et
1591 674 1623 737 in
1638 676 1789 757 propriIs,
1804 674 1860 757 qui
1878 674 1923 737 illi
1936 672 1999 737 sub

466 763 670 828 condoluisti.
1268 770 1352 833 ditus
1371 790 1405 834 es
1424 772 1457 834 in
1477 772 1543 835 suis
1562 781 1593 836 et
1612 774 1744 857 paruisti
1763 774 1797 836 in
1818 772 1946 836 cunctis.
1960 773 1998 835 l'u

506 862 574 924 Iam
596 882 682 944 ergo,
707 882 726 927 o
751 864 934 928 christifera
960 866 1067 947 Virgo,
1092 885 1110 930 o
1136 886 1214 949 prae-
1268 868 1443 950 piissimus,
1474 870 1741 953 sapientissImus‚
1770 870 1998 935 liberalissimus

467 960 552 1022 clara
574 961 679 1042 Illaria,
698 962 730 1023 in
754 963 973 1027 amantissimo
993 972 1046 1027 tuo
1067 965 1140 1028 Jesu
1162 966 1213 1027 lm
1267 966 1529 1049 gratissimusque
1549 969 1659 1048 Filius,
1676 969 1880 1031 mitissimam
1897 969 1998 1031 humil-

466 1066 544 1137 tare,
560 1067 593 1120 et
607 1060 758 1141 singulari
774 1061 911 1142 tripudio
931 1062 964 1123 in
981 1063 1049 1145 ipso
1063 1063 1209 1125 exsulta:
1268 1064 1440 1147 limamque
1459 1067 1587 1130 Matrem
1607 1066 1640 1129 in
1661 1066 1787 1130 cunctis
1810 1065 1997 1129 indicibiliter

328 1176 361 1221 n.
376 1188 418 1229 ιω,
432 1181 453 1221 a.
467 1156 617 1237 quoniam
632 1177 726 1239 quem
741 1159 818 1222 olim
833 1160 921 1223 velut
939 1160 1150 1224 novIssImum
1166 1162 1212 1223 vi·
1268 1165 1440 1228 veneraris.

329 1470 389 1515 loti.
402 1475 423 1523 t.
431 1474 453 1515 2.

313 2050 355 2095 Jot
364 2066 451 2105 unm,

326 3334 413 3378 Mutat.
428 3349 449 3386 x,

318 3401 343 3439 ³2
362 3412 367 3449 ;
397 3398 449 3442 tac.

318 3474 353 3511 ιιι,
368 3462 388 3503 8.

317 3926 371 3970 Lac.
382 3940 397 3977 ι,
408 3930 441 3971 ta.

326 4511 394 4566 Apoc.
413 4526 449 4565 ru,

317 4576 380 4616 ott.

467 1273 574 1317 rorum
594 1257 733 1337 reputari
752 1257 872 1338 vidisti,
888 1259 1045 1321 universa
1060 1268 1212 1323 creatura

467 1353 687 1435 praesidentem
703 1354 973 1438 imperantemque
988 1357 1093 1421 cernis
1102 1382 1109 1436 ;
1119 1378 1212 1439 quem

466 1459 502 1513 ut
521 1451 693 1532 leprosum,
709 1452 815 1535 specie
829 1462 862 1516 et
879 1455 992 1517 decore
1011 1456 1208 1534 destitutum,

465 1548 542 1611 cIIm
556 1568 628 1611 cum
642 1558 784 1612 materna
795 1552 1012 1633 compassione
1026 1553 1209 1635 adspexisti,

465 1666 552 1710 nunc
567 1646 722 1709 immensa
737 1648 879 1712 claritate
893 1650 1002 1713 omnia
1016 1669 1087 1731 quaa
1101 1651 1133 1712 iu
1149 1670 1212 1714 coe-

465 1744 505 1806 lis
529 1752 604 1806 sunt
627 1745 805 1809 illustrante
830 1747 1060 1810 circumdatum
1082 1757 1211 1812 contue-

466 1842 531 1920 ris;
547 1851 580 1905 ct
602 1861 697 1925 quem
719 1864 739 1905 a
758 1845 884 1907 cunctis
905 1845 1060 1927 vilipendi
1082 1845 1208 1928 lugubri
1230 1847 1253 1909 B

465 1949 571 2004 mente
596 1942 747 2023 pensasti,
766 1944 832 2024 jam
856 1963 875 2005 a
899 1943 973 2007 coeli
998 1944 1113 2007 militia
1137 1946 1210 2009 ado

465 2038 527 2101 rari
556 2040 705 2102 intendis.
735 2039 826 2104 Nunc
859 2062 932 2104 eum
963 2041 1093 2104 laudant
1126 2051 1209 2105 astra

464 2137 631 2215 matutina,
654 2146 685 2199 et
707 2138 844 2218 jubilant
868 2138 897 2201 ei
920 2157 1030 2202 omnes
1055 2138 1114 2201 lilii
1140 2141 1207 2205 Dei.

465 2234 532 2296 lam
555 2235 684 2317 epulare
710 2255 782 2298 curu
804 2236 969 2300 carissimo
994 2245 1046 2300 tuo
1071 2257 1207 2320 sponso;

464 2340 596 2395 eternas
621 2352 728 2396 secum
753 2334 881 2416 nuptias
904 2354 984 2415 age,
1005 2336 1210 2399 iudissolubi·

463 2430 536 2493 liter
550 2430 611 2512 ipsi
627 2431 833 2513 conjungere,
850 2441 882 2495 et
896 2433 1070 2514 requiesce,
1087 2453 1106 2498 o
1122 2434 1207 2515 lelir,

462 2546 535 2590 cum
550 2547 588 2592 eo
604 2528 712 2610 requie
727 2546 838 2592 secura
851 2539 946 2611 abque
960 2539 1086 2593 aeterna.

655 2802 900 2867 ARTICULUS
922 2803 1014 2867 VIII.

462 2953 510 3011 De
540 2953 703 3024 praeclaro
732 2969 770 3007 (rc
805 2951 1057 3023 incomparabili
1091 2952 1210 3011 bonore

1475 1436 1719 1501 ARTICULUS
1743 1437 1805 1501 lx.

1265 1585 1313 1644 De
1328 1585 1534 1644 veneratione
1553 1604 1617 1662 qua
1635 1585 1741 1643 omnis
1759 1586 1835 1645 coeli
1851 1586 1996 1643 evercitu

1307 1680 1435 1751 totaque
1460 1674 1532 1751 ejus
1560 1674 1683 1732 militia
1706 1675 1852 1735 Matrem
1875 1674 1933 1735 Dei
1953 1673 1996 1731 le

1307 1769 1415 1823 norat.

1335 1947 1385 2011 ΟΝ
1406 1947 1629 2029 dedignantur,
1651 1966 1670 2011 o
1692 1947 1921 2027 beatissima‚o
1940 1947 1997 2030 pul-

1346 2046 1422 2108 chra
1442 2044 1584 2125 llario,o
1606 2047 1738 2109 omnino
1759 2046 1883 2109 illibata
1903 2064 1937 2108 ac
1955 2064 1997 2107 su-

1266 2141 1521 2223 perdelectabilis
1545 2143 1737 2225 gracilisque
1761 2144 1797 2206 in
1817 2142 1997 2206 cunctislla-

1267 2240 1323 2317 ria,
1345 2248 1374 2303 te
1396 2242 1540 2303 venerari
1564 2249 1657 2322 atque
1681 2241 1823 2317 laudare,
1845 2241 1899 2304 tibi
1922 2260 1997 2323 pare

1266 2357 1300 2399 re
1319 2338 1459 2419 itemque
1484 2339 1603 2401 servIre
1629 2338 1872 2421 supercoelcstos
1891 2338 1997 2401 intelle

1266 2444 1347 2514 ctus,
1367 2437 1616 2519 supermundani
1642 2437 1738 2499 animi
1764 2446 1796 2500 et
1821 2437 1997 2518 incorporea

1265 2533 1329 2596 illae
1350 2543 1484 2613 mantea,
1500 2534 1559 2597 etsi
1580 2554 1638 2617 per
1658 2542 1804 2597 naturam
1825 2535 1890 2597 sint
1908 2543 1936 2596 te
1955 2553 1998 2595 re

1266 2632 1430 2695 hementer
1463 2632 1707 2714 prestantiores,
1739 2633 1946 2715 simpliciores
1973 2640 1998 2693 et

1266 2730 1373 2793 minus
1394 2738 1545 2812 egentes:
1562 2730 1712 2811 quoniam
1733 2730 1836 2812 gratia
1857 2731 1890 2793 in
1910 2738 1938 2791 ta
1957 2749 1998 2790 su-

1266 2828 1473 2911 perabundat,
1501 2828 1756 2909 complacuitque
1781 2828 1846 2891 Deo
1871 2826 1998 2908 omnipo·

1267 2926 1345 2988 tenti
1361 2935 1392 2989 et
1406 2934 1516 2989 sancto
1531 2934 1561 2989 te
1577 2926 1684 3009 spccie
1699 2926 1858 2989 declivem
1877 2942 1998 3005 sexuque

502 3058 595 3116 quem
617 3040 774 3113 virginera
789 3039 896 3099 Matri
914 3040 1109 3114 (inigenitus
1131 3029 1247 3099 scm-C
1267 3024 1420 3087 humilem
1444 3024 1489 3086 eis
1515 3022 1675 3106 Plffifeffflr
1699 3025 1753 3106 qui
1778 3044 1839 3087 ¹¹⁰⁰
1865 3041 1999 3105 ⁰⁰¹P⁰I⁰⁸

500 3146 563 3202 per
577 3128 747 3201 impendit.

541 3317 591 3375 Ul
604 3335 654 3373 me
672 3317 835 3391 confessus
854 3317 960 3390 suerit
981 3337 1088 3376 coram
1110 3318 1208 3375 homi-

466 3309 644 3509 Onibus
659 3412 716 3492 (ait
735 3411 900 3491 Christus),
914 3415 1089 3490 confitebor
1107 3424 1136 3473 ct
1156 3434 1211 3489 epo

463 3531 537 3569 eum
548 3530 657 3569 coram
668 3514 772 3571 Patre
787 3531 862 3569 meo.
876 3509 987 3573 Nonne
1001 3529 1116 3591 crgO,o
1131 3510 1213 3574 Chri·

465 3616 512 3669 ste
526 3608 593 3686 Dei,
606 3626 625 3671 o
641 3607 806 3670 benedicte
820 3607 956 3685 DominI,
969 3609 1095 3671 blatrem
1113 3618 1210 3686 tuam,

465 3725 535 3787 quae
554 3715 583 3768 te
603 3706 720 3768 nedum
735 3725 897 3787 nunquam
918 3707 1055 3785 erubuit,
1073 3708 1128 3770 sed
1149 3727 1212 3790 praa

465 3804 565 3865 niruia
587 3804 765 3866 bumilitate
791 3823 825 3866 se
849 3805 901 3866 vix
925 3805 971 3866 tui
1001 3814 1133 3867 matrem
1159 3824 1212 3887 ap

466 3903 584 3985 pellere
615 3902 760 3979 audebat,
791 3902 892 3983 magis
923 3911 1030 3965 autem
1062 3904 1210 3966 ancillam

465 4002 601 4080 vocavit,
618 4008 712 4081 atque
732 4001 765 4062 in
786 4002 908 4063 cunctis
928 4002 1046 4064 sanctis
1065 4003 1128 4065 tuis
1149 4022 1213 4065 ser-

465 4099 613 4162 monibus
642 4099 902 4161 obedientissima
927 4099 988 4162 luit
1005 4124 1011 4161 :
1029 4119 1147 4180 nonne,
1164 4101 1212 4162 iu-

1268 3122 1351 3185 mole
1379 3130 1577 3203 premuntur,
1604 3141 1664 3185 nec
1693 3142 1769 3185 seru
1800 3120 1997 3183 infirmantur.

1267 3221 1408 3301 Denique
1436 3240 1525 3283 sacer
1553 3221 1631 3283 ordo
1658 3220 1842 3297 Cherubim,
1872 3238 1998 3282 summus

1268 3320 1344 3381 ordo
1373 3317 1539 3400 Seraphim
1564 3326 1596 3380 et
1620 3317 1760 3381 coelestis
1789 3318 1887 3380 aurite
1913 3316 1998 3378 virtus

1267 3424 1362 3495 atque
1377 3414 1556 3477 sublimitas
1575 3416 1604 3477 ei
1620 3414 1729 3495 utique
1750 3422 1896 3495 pmmpte
1913 3412 1999 3475 lamu-

1268 3513 1375 3575 lantur
1393 3533 1429 3575 ac
1450 3521 1571 3594 parent,
1589 3512 1681 3593 cujus
1703 3512 1803 3574 Deum
1825 3530 1919 3592 quem
1938 3510 2000 3571 ado-

1269 3619 1339 3673 rant
1361 3619 1392 3673 et
1413 3612 1523 3673 colunt
1543 3610 1659 3672 Filium
1685 3629 1754 3672 esse
1780 3616 1962 3691 agnoscunt,
1976 3614 2000 3668 et

1269 3710 1320 3771 cui
1336 3710 1483 3771 eumdem
1504 3708 1684 3789 subjectum
1700 3707 1800 3771 luisse
1819 3706 1963 3785 latentur,
1976 3712 2000 3766 et

1268 3826 1363 3888 quarn
1385 3805 1647 3869 indefectibiliter
1665 3805 1705 3868 ab
1726 3824 1763 3869 eo
1778 3805 1921 3869 venerari
1939 3822 2001 3865 con-

1269 3912 1423 3986 spectant.
1440 3902 1610 3966 Enimvero
1632 3901 1776 3985 perlecta
1797 3903 1911 3965 caritas
1931 3900 2000 3962 invi-

1268 4004 1353 4065 diam
1377 4022 1446 4065 esse
1472 4002 1504 4063 in
1529 4002 1620 4065 coelis
1648 4021 1712 4065 nou
1737 4002 1833 4079 sinit,
1859 4022 1919 4065 nec
1941 4019 2001 4062 eru

1269 4102 1402 4164 bescunt
1414 4099 1563 4162 altissimi
1580 4099 1625 4162 illi
1646 4100 1932 4182 immaterialesque
1948 4096 2001 4178 spi-

465 4217 571 4279 quam,
588 4217 658 4260 earu
680 4216 787 4259 coram
807 4198 894 4259 Patre
915 4205 979 4274 tuo,
996 4199 1119 4279 angelis
1141 4199 1211 4280 ejus
1228 4201 1252 4262 D
1268 4200 1347 4261 ritus
1362 4194 1515 4260 IemInam
1531 4197 1590 4260 sibi
1607 4198 1781 4280 praelatam,
1797 4197 1873 4260 dum
1894 4205 1999 4258 tantan

464 4296 676 4377 omnibusque
696 4295 807 4358 electis
828 4296 893 4376 jam
913 4315 999 4359 nunc
1024 4297 1210 4360 confiterist

464 4394 593 4457 Prorsus
633 4392 795 4456 confiteris
830 4412 935 4456 coram
975 4414 1099 4457 summa
1138 4415 1209 4457 san-

465 4500 579 4572 ctaque
601 4490 764 4569 Trinitate,
784 4499 816 4552 et
837 4490 870 4551 in
899 4500 1073 4574 conspectu
1094 4492 1211 4554 millies

464 4590 602 4652 millium
624 4589 910 4669 universorumque
934 4590 967 4650 iu
993 4590 1211 4671 supercoelesti

465 4690 580 4751 throno
608 4688 771 4749 sedentem
799 4687 1009 4767 adorantium,
1039 4688 1115 4769 quia
1143 4689 1211 4770 ipsa

465 4794 514 4851 est
538 4806 611 4849 vere
636 4785 732 4848 Mater
757 4792 821 4865 tua,
842 4804 912 4866 quae
933 4788 973 4848 de
994 4786 1064 4849 luce
1090 4787 1210 4849 coelesti

466 4884 624 4965 concepit,
645 4903 715 4965 quae
739 4882 796 4944 tibi
822 4882 1100 4964 affectuosissIme,
1124 4905 1212 4947 reve-

465 4982 646 5047 rentissime
667 4989 698 5044 et
719 4980 898 5043 bumiIIIme
922 4982 1125 5045 ministravit.
1142 4983 1210 5046 Nou

465 5081 628 5145 erubescis
653 5079 745 5142 lateri
770 5079 803 5140 in
831 5079 922 5142 coelis
950 5081 1035 5160 quod
1062 5081 1211 5161 dignatus

466 5200 501 5242 cs
519 5179 590 5241 lieri
607 5178 749 5240 interris
766 5201 773 5239 z
791 5177 855 5239 imo
874 5197 933 5239 nec
949 5179 1073 5258 spernis
1093 5198 1163 5241 cam
1178 5189 1212 5243 ut

466 5276 773 5342 venerabilissimam
788 5294 825 5338 ac
839 5275 1095 5361 honestissimam
1115 5278 1214 5342 bono-

1268 4298 1300 4359 in
1324 4296 1492 4377 Unigenito
1515 4296 1570 4358 Dei
1595 4304 1788 4359 contuentur
1815 4294 2000 4378 praecessisse

1268 4394 1528 4457 eriuanitionem.
1551 4394 1593 4456 Te
1617 4393 1766 4475 igitur,o
1792 4392 1952 4456 benedicta
1975 4398 2001 4451 et

1268 4512 1396 4575 prorsus
1421 4500 1526 4553 mente
1551 4510 1588 4553 ac
1613 4510 1708 4553 carne
1729 4491 1930 4553 Immaculata
1951 4488 2001 4549 lla-

1269 4591 1325 4670 ria,
1353 4589 1497 4652 coelestes
1521 4590 1628 4651 cuncti
1653 4588 1739 4651 ciues
1764 4590 1920 4652 honorant
1944 4596 2002 4647 tan·

1268 4708 1362 4770 quam
1379 4706 1487 4750 veram
1508 4706 1544 4749 ac
1564 4687 1857 4770 praestantissimam
1873 4686 1936 4749 reri
1954 4682 2001 4746 Ilei

1268 4795 1299 4849 et
1327 4784 1482 4849 Creatoris
1511 4785 1559 4847 sui
1587 4784 1781 4848 Genitricem
1815 4784 2003 4863 caelestisque

1269 4883 1366 4945 ruinae
1381 4881 1615 4965 reparatricem.

1309 4981 1402 5044 Porro
1417 4980 1529 5043 animm
1542 4980 1698 5062 justorum
1713 5000 1770 5043 seu
1785 4980 1927 5044 homines
1940 4996 2004 5060 pre

1269 5079 1373 5156 electi,
1392 5078 1595 5160 singulariter
1613 5079 1705 5141 valde
1726 5088 1757 5141 to
1776 5085 1962 5141 venerantur
1978 5082 2003 5135 et

1269 5178 1416 5259 diligunt,
1433 5178 1552 5259 quippe
1572 5197 1737 5260 perquam
1756 5186 1804 5241 tot
1818 5179 1901 5241 bona
1913 5173 2003 5238 sortiti

1270 5285 1344 5339 sunt
1370 5299 1378 5338 ι
1403 5295 1460 5359 per
1483 5294 1580 5357 quarn
1603 5276 1686 5339 lleus
1710 5285 1820 5339 noster
1843 5278 1943 5339 lactus
1964 5280 2004 5334 est
