4309 6259
456 476 518 541 626

490 665 601 726 formis,
627 664 728 721 2953.
745 696 777 705 -
802 662 847 734 Cf.
869 662 983 727 hnima,
1006 663 1125 734 Corpus,
1149 663 1202 717 etc.

453 755 633 810 3044418448
647 747 756 809 statum
771 752 892 809 honoris
911 751 1049 815 insinuat,
1065 750 1135 823 quia
1154 750 1204 806 ho·

1081 490 1174 537 innox
1196 487 1384 537 4444441008

1293 662 1407 725 Quanta
1421 659 1459 715 sit
1472 658 1584 715 affectio
1599 660 1771 716 devotorum
1786 659 1821 714 ad
1832 656 1928 715 Christi
1936 658 1982 715 hn-

1295 749 1476 813 manitatem,
1493 750 1571 805 4360
1585 752 1612 805 44
1626 766 1649 803 4.
1668 780 1699 790 -
1716 749 1761 821 Cf.
1780 749 1876 803 Homo.

489 848 605 900 nestum
629 843 737 899 dicitnr
765 844 843 915 quod
869 846 913 898 cst
935 843 1044 898 bonore
1066 841 1202 913 dignum,
1258 837 1442 894 3014114446
1465 841 1508 895 444
1530 855 1615 894 44444
1638 841 1667 893 44
1693 836 1845 893 4441444444
1866 837 1906 893 444
1926 854 1983 893 444-

489 934 542 988 544
550 933 597 997 0;
618 950 686 989 cum
710 931 981 996 44444444444444144,
1005 934 1034 987 et
1057 929 1202 1002 praecipue

489 1039 558 1079 cum
576 1022 780 1095 temperantia,
796 1022 880 1095 cujus
893 1024 937 1078 est
956 1038 1022 1093 pars
1041 1019 1202 1091 integralis,

489 1112 604 1177 544ος
629 1110 836 1168 6414444444444
864 1114 967 1183 gustus
994 1112 1023 1165 et
1049 1112 1145 1165 tactus
1172 1109 1202 1164 in

490 1200 594 1272 primis
607 1199 730 1264 cohibet,
746 1200 800 1255 544
810 1198 850 1254 3.

454 1291 586 1347 41044044.
602 1289 752 1345 Honorum
767 1286 894 1344 amatira
907 1286 1000 1343 virtus
1014 1290 1058 1344 444
1072 1287 1202 1351 moralis,

489 1378 593 1444 5423,
609 1377 639 1433 44
653 1378 784 1450 44444444
798 1376 935 1433 sensitiva
954 1376 1018 1440 4444,
1033 1376 1130 1439 41420,
1146 1393 1205 1448 qus

489 1468 555 1540 quis
566 1467 644 1524 44444
654 1468 780 1523 4444444
790 1466 951 1523 mediocres
961 1466 1201 1527 4411444445423.

488 1588 524 1599 -
551 1557 593 1613 34
621 1556 733 1628 privato
755 1556 801 1613 sni
828 1572 929 1612 amore
957 1555 1052 1612 oritur
1077 1555 1203 1611 honores

489 1648 634 1717 appetere,
658 1645 761 1701 4443.
782 1674 818 1685 -
839 1643 946 1700 Virtuti
970 1644 1100 1706 debetur,
1126 1644 1202 1701 unde

489 1733 610 1790 virtuosi
626 1733 811 1789 honorabiles
826 1732 1047 1798 44444,5440’,44
1056 1732 1201 1805 dignitati,

489 1822 559 1895 quia
582 1826 696 1879 44444444
723 1822 810 1879 habet
832 1822 898 1895 quis
921 1824 957 1877 de
979 1822 1203 1881 honorabilitate

489 1916 633 1985 quantum
654 1913 689 1969 de
708 1912 889 1975 auctoritate,
910 1912 1005 1975 850“;
1027 1917 1205 1984 quapropter

490 2017 605 2058 summe
621 2002 793 2057 honoranda
805 2004 849 2057 444
862 2000 891 2056 S.
905 1999 1038 2065 Trinitas,
1052 2001 1145 2065 34410,
1162 2000 1203 2066 3,

494 2091 581 2146 3460.

453 2179 560 2235 110144.
584 2177 714 2249 Singulis
740 2176 799 2234 diei
826 2177 906 2233 boris
929 2176 1133 2249 deplangenda
1161 2180 1204 2234 est

488 2266 593 2323 04444444
612 2266 717 2338 passio,
734 2282 838 2339 nempe
863 2268 897 2322 de
920 2282 984 2323 4444
1008 2282 1090 2322 omna
1112 2266 1205 2322 noris-

488 2357 572 2421 sima,
593 2357 685 2421 2990,
706 2360 735 2413 44
753 2356 869 2429 agonia,
886 2356 940 2411 299
948 2355 989 2421 3,
1005 2355 1035 2410 in
1057 2354 1203 2411 matutino

487 2446 594 2502 Christi
618 2446 841 2518 comprehensio
863 2449 892 2501 44
916 2444 1022 2508 4114444,
1047 2445 1150 2507 3003,
1172 2445 1202 2500 44

449 2552 454 2561 ·
487 2535 560 2591 bora
583 2535 680 2607 prima
696 2534 854 2607 judicium,
870 2534 963 2601 3043,
979 2534 1008 2589 44
1032 2534 1118 2590 tertia
1137 2550 1203 2589 con-

487 2625 647 2689 demnatio,
663 2624 761 2689 30lC',
778 2624 807 2679 in
823 2628 905 2681 44444
925 2623 1085 2688 4444441444,
1101 2624 1201 2690 3023,

487 2713 590 2778 34410,
616 2714 646 2769 44
675 2730 753 2769 nona
781 2730 870 2778 mors,
899 2714 997 2779 3033,
1027 2713 1057 2769 44
1086 2731 1202 2786 vespere

487 2802 645 2874 sepultura,
666 2802 768 2858 3033.
784 2834 818 2843 -
838 2804 913 2859 44444
936 2802 1029 2867 tertia,
1050 2803 1203 2861 orantibus

487 2893 640 2966 apostolis,
661 2892 827 2949 Paracletus
850 2892 976 2956 advenit,
996 2892 1043 2949 die
1066 2894 1202 2949 Penteco-

487 2982 735 3048 4444,803,44144
758 2982 831 3038 bora
850 2982 1012 3039 Tertiarnm
1037 2986 1115 3039 44444
1139 3000 1202 3055 444-

487 3088 590 3129 camur
603 3072 743 3144 Spiritnm
756 3073 895 3129 Sanctum
907 3075 940 3129 44
953 3088 984 3127 se
1003 3072 1087 3127 nobis
1101 3072 1202 3145 digne·

488 3164 536 3217 tur
550 3158 713 3225 infundere,
731 3160 829 3215 1223.

452 3249 627 3305 4108444144
642 3248 744 3305 hostiis
759 3249 926 3306 carnalibus
940 3253 969 3306 et
983 3250 1202 3308 irrationalibus

487 3336 650 3394 formaliter
669 3337 709 3393 nil
729 3337 841 3394 exstitit
859 3338 1031 3403 sanctitatis,
1051 3340 1105 3395 399
1113 3340 1159 3405 0’;
1174 3342 1203 3396 44

487 3425 518 3483 44
538 3426 632 3490 blissa,
654 3427 845 3483 sanctificatio
872 3428 964 3500 plebis
988 3444 1046 3484 uon
1069 3428 1216 3500 expletur.

487 3516 543 3572 nisi
560 3532 611 3589 per
625 3516 751 3572 hostiam
773 3533 832 3589 qna
850 3516 1042 3574 sanctificatio
1056 3517 1132 3591 plebi
1147 3518 1201 3573 im-

486 3608 625 3678 petratur,
641 3605 738 3661 3940.
754 3636 786 3646 -
808 3606 915 3670 llostia,
936 3605 966 3661 in
990 3623 1076 3663 cruce
1100 3607 1203 3663 immo-

486 3695 554 3757 lata,
571 3694 626 3750 luit
646 3694 786 3759 Christus,
806 3695 876 3758 390,
897 3696 988 3761 3404,
1008 3695 1103 3752 1444444
1125 3697 1202 3753 saln-

487 3783 558 3840 taris
577 3799 643 3857 quae
662 3783 726 3840 eoeli
746 3783 850 3856 pandit
868 3784 985 3849 ostium,
1002 3786 1085 3850 423,
1108 3786 1202 3842 hostia

489 3873 643 3930 benedicta
661 3876 688 3929 et
707 3872 864 3944 adscripta,
882 3874 972 3940 3590,
988 3879 1060 3940 rate,
1076 3874 1202 3931 rationa-

487 3962 564 4027 bilis,
580 3962 671 4026 3590,
688 3961 883 4033 acceptabilis,
894 3963 995 4028 3593,
1007 3964 1096 4028 4160,
1111 3966 1200 4027 4483.

488 4052 572 4107 44444
594 4050 723 4108 maxime
747 4049 904 4117 fructuosa,
920 4053 1009 4117 3690,
1025 4057 1054 4109 44
1071 4054 1201 4125 pacifica,

487 4141 577 4205 3693,
597 4141 684 4204 4460,
708 4140 798 4203 4483,
823 4157 905 4211 pura,
929 4144 1039 4207 saneta,
1061 4143 1203 4200 immacu-

487 4229 554 4293 lata,
564 4229 671 4300 quibus
685 4228 721 4284 de
735 4228 840 4292 causis,
850 4229 952 4297 36944,
963 4231 1052 4293 3403,
1065 4232 1097 4299 0,
1113 4233 1199 4288 3420.

486 4350 521 4360 -
535 4320 593 4374 044
607 4317 636 4373 44
651 4317 737 4373 414444
751 4318 900 4376 dividatur
914 4320 1008 4376 hostia
1022 4322 1052 4377 in
1067 4326 1125 4378 tres
1140 4340 1202 4394 par-

486 4413 538 4474 tes,
550 4412 578 4465 44
592 4408 663 4481 quid
677 4407 821 4479 significet
834 4426 902 4481 pars
919 4410 1020 4466 bostioe
1034 4411 1064 4467 in
1079 4412 1200 4469 calicem

487 4498 587 4564 missa,
605 4499 696 4553 34411.
711 4529 747 4538 -
766 4500 988 4556 Sacramentum
1011 4502 1201 4559 Eucharistiae

487 4586 581 4643 hostia
595 4589 723 4651 vocatur,
736 4603 834 4659 quare,
850 4588 949 4644 39044.

451 4677 546 4733 3000
571 4676 606 4731 414
629 4676 657 4730 S.
678 4675 800 4740 Victore,
816 4691 919 4731 canon.
940 4678 1075 4749 regul.,«
1100 4681 1201 4736 doctor

487 4764 630 4837 gloriosus
658 4784 683 4829 4,
712 4765 805 4828 3644,
833 4784 847 4816 o
875 4770 993 4837 propter
1019 4766 1197 4826 eminentem

484 4870 568 4909 snam
583 4852 734 4909 scientiam
753 4858 872 4909 vocatus
891 4854 965 4910 alter
978 4856 1159 4928 Augustinus
1173 4878 1197 4921 4,

486 4940 585 5005 4843,
601 4940 753 5013 allegatur,
771 4943 822 4998 469
829 4942 868 5009 3,
884 4943 934 4998 234
943 4943 974 5007 Ι),
990 4944 1043 4998 232
1050 4944 1081 5008 b,
1097 4946 1197 5011 2333,

484 5030 583 5093 3600,
599 5031 694 5085 3644.

452 5119 651 5175 1104431448
666 5119 781 5184 Christi,
792 5122 876 5179 Verbi
892 5120 1121 5179 instrumentum
1137 5124 1199 5180 uni·

487 5212 610 5272 matum,
625 5209 716 5274 4620,
732 5213 761 5265 44
783 5210 961 5268 alabastrum
985 5212 1121 5269 omnium
1146 5230 1199 5269 un·

488 5301 664 5368 guentorum
685 5297 882 5370 spiritualium
901 5305 1030 5371 vocatur,
1050 5303 1144 5361 3953.
1165 5334 1198 5345 -

1293 930 1430 999 temptus,
1449 926 1551 991 5553,
1572 930 1601 983 44
1621 926 1729 998 duplex
1753 929 1805 989 est,
1828 926 1982 997 414444444·

1294 1020 1436 1080 catorum,
1453 1032 1518 1088 444
1540 1032 1575 1072 44
1601 1016 1754 1087 culparum
1776 1015 1982 1071 consideratione

1292 1106 1394 1167 oritur,
1410 1106 1506 1169 5550,
1523 1104 1615 1161 altera
1629 1105 1788 1175 Justorum,
1805 1120 1867 1175 qua
1883 1121 1913 1160 44
1931 1121 1981 1159 ma·

1293 1192 1981 1266 gnitudinIsDeicontemplationescaturit-idid.

1292 1283 1374 1340 etsie
1387 1283 1416 1340 iu
1432 1282 1545 1340 04444444
1559 1286 1588 1339 44
1602 1282 1631 1337 44
1647 1283 1677 1336 3.
1694 1281 1812 1353 Virgine
1828 1280 1885 1339 luit.
1895 1282 1980 1337 41553.

1294 1404 1326 1415 -
1342 1374 1464 1430 Fructus
1477 1376 1521 1429 est
1534 1371 1604 1428 doni
1618 1371 1743 1434 timoris,
1759 1372 1846 1431 2440,
1856 1372 1943 1435 245ος
1958 1370 1980 1425 44

1293 1462 1411 1519 44444444
1434 1462 1592 1525 radicatur,
1617 1461 1717 1523 5553,
1738 1464 1767 1515 44
1790 1459 1819 1515 44
1842 1461 1982 1516 considera-

1293 1551 1371 1609 tione
1396 1552 1521 1624 propriae
1543 1550 1672 1613 vilitatis,
1685 1550 1787 1613 2403,
1807 1552 1834 1605 44
1856 1549 1982 1605 4144444444-

1293 1640 1382 1697 litatis
1401 1644 1521 1705 naturae,
1543 1656 1608 1712 qum
1627 1640 1682 1695 sibi
1702 1638 1804 1696 relicta
1828 1638 1982 1711 444444414-

1294 1732 1417 1791 heretnr.
1433 1732 1512 1786 54164
1526 1748 1532 1795 ;
1549 1730 1626 1787 unde
1642 1746 1707 1785 rere
1724 1728 1846 1783 humilis
1859 1728 1982 1799 quidquid

1294 1820 1324 1875 in
1338 1836 1368 1877 se
1382 1823 1425 1877 est
1438 1819 1506 1874 boni
1527 1819 1584 1875 Deo
1603 1818 1716 1881 tribuit,
1732 1821 1760 1875 et
1775 1816 1907 1889 quidquid
1924 1817 1983 1873 mali

1293 1911 1358 1975 sibi,
1386 1911 1474 1975 5560,
1508 1914 1535 1967 44
1567 1926 1597 1965 se
1629 1908 1829 1965 indesinenter
1857 1907 1983 1969 humiliat,

1292 2001 1388 2062 4560,
1405 2000 1533 2055 maxime
1549 2015 1639 2071 quum
1656 2002 1722 2054 ante
1738 1997 1843 2053 divinoe
1856 1997 1984 2068 sapientia

1294 2093 1482 2163 conspectum
1506 2106 1535 2145 se
1560 2088 1720 2151 constituit,
1740 2088 1842 2152 5563,
1861 2092 1887 2144 44
1905 2104 1982 2159 quum

1294 2178 1434 2235 beneficia
1456 2178 1504 2234 Dei
1529 2177 1559 2233 in
1583 2194 1613 2233 se
1637 2175 1747 2239 recolit,
1767 2176 1863 2240 54443;
1882 2192 1982 2231 onlnem

1292 2284 1407 2340 quoque
1426 2266 1544 2323 laudem
1567 2264 1684 2339 refugit,
1700 2266 1791 2330 41560,
1807 2268 1834 2321 44
1851 2282 1878 2321 44
1895 2266 1984 2321 adde

1294 2358 1455 2431 promenda
1469 2356 1519 2413 Ilei
1539 2356 1686 2429 praeconia
1704 2355 1859 2428 indignum
1877 2358 1982 2426 reputat,

1292 2448 1394 2512 4563,
1419 2447 1488 2519 quia
1511 2445 1637 2519 44444444
1661 2445 1814 2502 humilitas
1836 2460 1885 2501 nec
1906 2445 1982 2501 04444

1291 2538 1362 2594 satis
1375 2536 1512 2603 exaltare,
1529 2553 1581 2592 nee
1596 2553 1626 2592 se
1646 2535 1824 2593 sufficienter
1842 2534 1983 2607 deprimere

1292 2626 1538 2699 444444,2414’.-
1553 2624 1709 2681 llumilitas
1722 2627 1767 2681 est
1780 2624 1982 2681 tundamentum

1291 2716 1443 2781 virtutum,
1462 2715 1564 2777 2993,
1584 2714 1686 2779 5583,
1707 2718 1736 2770 44
1754 2717 1848 2771 mater
1865 2712 1982 2773 caritatis,

1292 2805 1378 2868 4800,
1408 2805 1497 2878 pacis,
1524 2804 1610 2869 4143,
1639 2806 1667 2860 44
1696 2804 1873 2870 obedientis,
1899 2804 1983 2862 2410;

1292 2895 1440 2952 silentium
1466 2896 1557 2958 docet,
1577 2894 1671 2958 2440,
1693 2896 1721 2951 44
1745 2893 1858 2951 44144444
1879 2892 1985 2949 eustodi-

1291 2990 1348 3051 444,
1364 2984 1471 3050 2183’;
1488 3000 1548 3056 pra
1566 2982 1679 3041 cunctis
1697 2982 1853 3039 virtutibus
1867 2984 1918 3039 044
1935 2982 1983 3054 414-

1292 3079 1345 3140 444,
1360 3074 1447 3138 4440,
1465 3073 1589 3146 gratiam
1609 3073 1740 3136 attrabit,
1756 3074 1857 3138 5583,
1871 3074 1983 3128 animam

1291 3162 1420 3237 disponit
1438 3164 1475 3219 ad
1499 3164 1682 3235 sequendum
1708 3163 1737 3219 S.
1758 3162 1881 3234 Spiritus
1898 3162 1983 3217 instin-

1292 3259 1381 3317 ctum,
1399 3254 1487 3318 4650,
1508 3254 1608 3318 2443,
1624 3255 1653 3309 44
1675 3254 1713 3309 ad
1737 3252 1937 3325 proficiendum
1958 3254 1983 3308 44

1291 3344 1376 3408 donis
1395 3342 1518 3407 consilii,
1534 3343 1632 3409 2443,
1648 3346 1677 3399 44
1696 3342 1882 3409 tortitudinis,
1900 3344 1982 3405 2183,

1291 3434 1360 3506 quia
1379 3432 1462 3489 alteri
1482 3432 1627 3496 innititur,
1643 3450 1661 3489 4
1682 3449 1740 3505 quo
1755 3433 1924 3506 adjutorium
1945 3450 1983 3489 ex·

1291 3527 1410 3595 spectat,
1426 3522 1526 3587 2183,
1542 3525 1570 3579 44
1583 3538 1642 3595 quo
1661 3522 1761 3578 minus
1780 3523 1855 3579 inse
1872 3522 1982 3587 contidit,

1291 3630 1324 3670 44
1339 3612 1467 3684 amplius
1487 3614 1616 3669 meretur
1635 3629 1650 3667 4
1666 3612 1778 3684 Spiritu
1797 3613 1898 3669 Sancto
1914 3613 1984 3685 adju·

1293 3702 1361 3765 reri,
1382 3701 1488 3767 24404
1503 3705 1681 3773 quapropter
1700 3700 1858 3759 humilitati
1877 3718 1931 3758 sua
1947 3717 1986 3773 po

1291 3793 1350 3848 tius
1377 3808 1464 3864 quam
1497 3789 1658 3863 virginitati
1690 3790 1733 3845 vel
1767 3792 1879 3848 caritati
1908 3790 1986 3864 poluit

1291 3881 1416 3953 B.Virgo
1431 3880 1537 3936 divinoe
1553 3879 1746 3937 maternitatis
1761 3881 1884 3953 gratiam
1897 3880 1987 3938 adscri-

1291 3971 1367 4033 bere,
1387 3970 1480 4025 5554).
1495 3999 1531 4010 -
1551 3968 1677 4033 Quilibet
1696 3970 1905 4026 considerando
1922 3970 1985 4042 qnod

1291 4064 1382 4117 44444
1399 4076 1438 4125 44,
1453 4061 1482 4115 44
1496 4058 1574 4130 quod
1588 4075 1623 4115 44
1639 4060 1706 4124 044,
1722 4076 1752 4115 se
1771 4060 1874 4117 ceteris
1887 4058 1986 4115 inlerio-

1290 4166 1352 4207 rem
1371 4152 1447 4206 recte
1469 4151 1603 4220 44444444
1626 4151 1728 4220 444444,
1743 4150 1852 4214 5540;
1867 4151 1913 4206 scd
1929 4148 1985 4221 quia

1291 4238 1403 4297 veritati
1424 4238 1562 4294 innititur
1581 4237 1859 4303 44444144445543,
1879 4256 1931 4295 444
1948 4254 1985 4295 44-

1291 4327 1417 4399 quiritur
1432 4330 1464 4383 44
1477 4324 1598 4381 humilis
1617 4342 1647 4381 se
1666 4326 1798 4383 absolute
1813 4328 1911 4384 ceteris
1927 4326 1985 4381 inle-

1291 4417 1398 4473 riorem
1414 4415 1570 4479 existimet,
1585 4414 1686 4480 541444,
1702 4414 1772 4488 quia
1787 4416 1858 4472 nibil
1873 4416 1985 4490 probibet

1290 4522 1357 4562 eum
1373 4520 1438 4576 444
1452 4521 1470 4560 a
1485 4504 1542 4560 1144
1561 4504 1672 4576 accepit
1686 4520 1854 4576 agnoscere,
1868 4507 1949 4570 5584,
1962 4506 1985 4559 44

1290 4593 1407 4667 propria
1426 4593 1530 4650 merita
1549 4610 1602 4665 pro
1622 4592 1694 4658 loco,
1715 4597 1847 4667 tempore
1866 4598 1891 4653 el
1912 4610 1985 4650 44444

1289 4683 1426 4755 pendere,
1441 4682 1538 4746 5580;
1554 4681 1646 4745 44444,
1663 4682 1884 4749 4414444444444,
1899 4682 1987 4739 3144

1290 4788 1325 4843 go
1339 4774 1368 4827 et
1382 4771 1469 4827 ceteri
1481 4770 1578 4827 Sancti
1594 4787 1624 4827 se
1640 4770 1774 4827 omnium
1792 4772 1906 4828 intimos
1918 4788 1988 4843 4444·

1289 4863 1349 4916 4444
1366 4862 1531 4932 444444444,
1541 4860 1593 4916 554
1600 4860 1721 4926 3’,0,44
1735 4861 1815 4918 sslra
1830 4860 1986 4919 4444444444.

1290 4966 1320 5005 44
1351 4950 1477 5006 humiles
1511 4949 1679 5021 praedicare,
1707 4952 1810 5017 5543,
1843 4952 1924 5007 5580.
1949 4949 1986 5005 Sic

1289 5038 1378 5093 etium
1394 5037 1517 5110 injurias
1531 5043 1559 5095 et
1573 5038 1774 5096 accusationes
1787 5040 1907 5097 tolerare
1919 5056 1987 5111 4444

1289 5130 1338 5194 444,
1354 5129 1448 5193 2944,
1463 5131 1496 5184 44
1519 5131 1619 5185 tamen
1644 5128 1711 5185 inde
1731 5128 1781 5185 alii
1802 5146 1860 5186 nou
1881 5130 1985 5186 scanda-

1288 5217 1420 5284 lizentur,
1443 5219 1534 5284 2913,
1556 5217 1599 5273 444
1622 5219 1699 5275 bona
1720 5235 1808 5291 agere
1831 5224 1862 5277 ut
1887 5234 1986 5291 semper

1290 5306 1470 5379 exemplares
1494 5306 1596 5371 simus,
1618 5308 1710 5374 2913,
1733 5313 1761 5365 44
1784 5314 1882 5366 tamen
1898 5324 1984 5381 44444
