4309 6259
446 502 485 551 aa
505 503 654 551 rassronn
674 503 782 552 oonnu
803 504 991 551 aanraroms
1012 503 1171 551 nnnoens.
1195 522 1235 533 -
1257 504 1327 551 aar.
1350 502 1393 551 vn
1632 480 1693 547 283

168 676 187 739 ti
205 673 321 756 exposui
338 697 346 736 ε
362 691 469 736 nonne
488 692 545 736 vos
565 690 677 737 omnes
700 673 740 736 ad
763 690 893 736 omnem
907 672 934 735 A
948 673 1021 737 dam
1037 674 1200 755 dispositis
1214 682 1245 737 et
1260 673 1413 754 subjectis
1427 690 1490 737 non
1508 673 1608 755 sapiat
1625 671 1694 735 dul-

167 772 331 857 patientiam
358 771 609 835 eminentissime
634 772 781 851 excitavi,
797 780 892 853 atque
948 772 1036 849 citer,
1053 781 1129 854 puta
1144 772 1312 853 damnatis,
1329 780 1361 835 et
1381 772 1429 834 his
1450 772 1507 853 qui
1529 790 1614 834 nunc
1636 789 1695 854 pro

167 872 321 935 clarissime
339 870 446 949 docui,
461 871 546 951 quod
567 869 686 933 eleetos
707 878 737 932 et
759 870 893 932 dilectos
948 870 1013 933 auis
1037 872 1231 948 excessibus,
1257 890 1308 933 me
1333 870 1532 950 disponente,
1561 870 1695 933 diversis

166 988 242 1032 meos
255 969 284 1029 in
298 968 413 1031 saeculo
428 968 489 1031 isto
503 967 581 1031 diris
595 987 632 1030 ae
647 968 745 1030 variis
760 968 894 1031 tribula·
948 967 1138 1050 affliguntur
1153 970 1185 1031 in
1201 968 1262 1032 hoc
1278 968 1396 1031 mundo
1412 969 1597 1047 tormentis3
1615 966 1695 1029 nihi-

166 1067 299 1143 tionibus,
314 1085 352 1128 ex
367 1065 489 1147 ingenti
508 1066 651 1144 caritate,
666 1084 724 1148 pro
743 1065 890 1148 ampliori
948 1066 979 1129 lo
1004 1066 1110 1128 minus
1136 1066 1271 1149 dispono
1301 1075 1415 1129 cuncta
1444 1066 1583 1129 suaviter
1607 1066 1695 1128 omni

163 1184 259 1229 eorum
276 1165 430 1246 proiectu,
446 1165 547 1246 gratia
567 1184 605 1228 ae
629 1165 731 1228 salute
755 1183 890 1247 expono,
948 1165 1029 1227 bene
1057 1165 1283 1244 consideranti,
1309 1172 1404 1245 atque
1428 1172 1464 1226 ut
1488 1164 1590 1227 ordini
1621 1182 1696 1226 con·

162 1265 242 1326 itaut
255 1262 408 1343 passionis
423 1282 501 1326 meae
511 1272 632 1326 naturae
646 1263 763 1326 intuitu
778 1264 891 1327 merito
948 1262 1034 1343 gruit
1048 1262 1200 1341 universi,
1218 1271 1250 1324 et
1264 1262 1345 1324 sieut
1360 1282 1466 1325 rerum
1480 1261 1693 1343 dispositioni,

162 1363 283 1424 debeam
304 1361 454 1442 guntuloni
478 1361 510 1423 in
535 1362 729 1425 exhibitione
758 1362 891 1425 indicio-
949 1360 1117 1443 capacitati
1133 1380 1169 1423 ac
1185 1359 1306 1422 meritis
1321 1360 1482 1441 competit.
1500 1360 1577 1422 llinc
1594 1359 1627 1422 in
1644 1378 1695 1422 me

161 1478 223 1521 rum
239 1478 313 1521 meae
326 1458 519 1538 dilectionis,
535 1467 568 1522 et
586 1460 619 1521 in
640 1458 890 1523 conlormatione
949 1458 1019 1539 ipso
1034 1458 1113 1519 nibil
1129 1458 1298 1538 assumpsi,
1312 1457 1385 1535 leci,
1400 1458 1536 1520 sustinui
1553 1464 1607 1520 aut
1622 1457 1694 1520 lieri

161 1576 211 1619 sua
224 1576 291 1619 eum
305 1566 418 1619 natura
433 1576 504 1619 mea
518 1556 563 1619 sic
579 1560 689 1638 passat
948 1574 1088 1637 unquam
1104 1556 1232 1637 permisi
1249 1555 1317 1617 siue
1339 1555 1460 1619 ratione
1482 1556 1606 1635 idonea,
1624 1555 1693 1617 sine

194 1654 313 1731 lterum,
328 1672 436 1717 nonne
456 1655 635 1717 condecens
654 1654 715 1717 luit
734 1656 836 1736 utqui
857 1656 890 1717 in
948 1654 1126 1717 rationabili
1149 1673 1254 1717 eausa.
1271 1654 1368 1729 Quem
1391 1654 1477 1715 enim
1498 1654 1597 1716 alium
1619 1672 1694 1717 oon·
1708 1687 1748 1733 g,
1767 1701 1839 1741 w,

160 1754 238 1834 ligno
251 1752 406 1829 vincebat,
423 1754 455 1815 in
471 1752 559 1834 ligno
580 1754 675 1816 etiam
697 1754 889 1833 vinceretur,
947 1752 1034 1814 stitui
1068 1772 1164 1834 super
1199 1760 1314 1815 terram
1349 1752 1490 1833 corporis
1526 1751 1611 1814 meit
1640 1760 1742 1815 autu·

159 1860 189 1913 ut
202 1852 280 1913 unde
292 1869 379 1913 mors
394 1850 567 1931 oriebatur,
585 1852 658 1915 inde
672 1852 737 1915 vita
751 1872 892 1934 resurge
909 1850 932 1911 B
947 1870 1040 1931 quem
1066 1850 1158 1932 posui
1184 1869 1279 1931 super
1308 1850 1417 1913 orbem
1441 1868 1536 1931 quem
1558 1849 1694 1913 fabrica·

158 1952 220 2011 rett
238 1950 286 2012 Sic
306 1950 412 2013 denuo
434 1949 540 2012 decuit
564 1958 599 2011 ut
618 1950 740 2013 bomini
762 1950 891 2013 aliunde
947 1958 997 2011 tus
1018 1952 1113 2011 sumt

156 2048 278 2129 decepto
291 2056 323 2111 et
336 2048 377 2109 ad
392 2048 590 2130 peccandum
606 2048 747 2124 inducto,
764 2048 891 2112 aliunde
986 2048 1008 2109 F
1011 2054 1100 2109 actus
1120 2066 1190 2109 sum
1216 2046 1321 2123 bomo,
1338 2054 1374 2108 ut
1397 2046 1542 2109 homines
1567 2046 1695 2129 partici-

157 2143 389 2220 subveniretur3
405 2152 438 2205 et
451 2144 527 2224 quia
541 2164 575 2207 se
590 2144 694 2224 ipsum
709 2144 821 2226 juvare
836 2164 893 2207 ne-
947 2144 1074 2226 patione
1090 2144 1172 2205 liant
1185 2144 1242 2220 dii,
1260 2144 1291 2205 id
1306 2152 1354 2205 est
1369 2143 1480 2205 divini.
1494 2144 1515 2205 F
1517 2151 1606 2206 actus
1622 2164 1692 2206 sum

155 2241 264 2321 quibat,
279 2241 445 2322 juvaretur
463 2250 496 2303 et
514 2242 689 2304 salvaretur
712 2242 752 2305 ab
775 2261 814 2306 eo
838 2243 891 2325 qui
947 2242 1101 2304 naturalis
1123 2251 1154 2305 et
1178 2261 1273 2304 verus
1297 2241 1385 2304 lilius
1412 2241 1551 2323 Virginis
1576 2242 1692 2319 MatriS,

156 2339 233 2401 solus
253 2340 312 2402 hoc
335 2346 469 2422 poterat.
947 2349 982 2403 ut
1009 2340 1156 2403 bomines
1182 2340 1263 2402 liant
1291 2340 1429 2422 adoptivi
1461 2339 1523 2401 lilii
1552 2359 1588 2402 ac
1616 2339 1694 2403 liliae

189 2438 355 2500 Saavarus.
381 2474 422 2484 -
445 2438 469 2501 Ο
492 2438 636 2501 omnium
661 2438 892 2520 sapientissime
947 2437 1144 2501 inviolabilis
1179 2438 1233 2500 Dei
1269 2437 1379 2516 Patris,
1409 2436 1502 2519 cujus
1535 2438 1695 2501 naturales

155 2534 380 2615 magistrorum,
403 2553 499 2617 quam
520 2536 665 2615 dulciter,
681 2556 777 2618 quam
799 2538 893 2600 ratio-
948 2536 1010 2598 lilii
1035 2544 1199 2618 nequeunt
1217 2555 1286 2598 esse
1306 2556 1365 2598 nec
1385 2534 1468 2598 lieri.
1486 2537 1599 2598 Factus
1624 2555 1695 2599 sum

154 2632 458 2696 nabiliterresonaut
472 2634 539 2696 baec
560 2634 593 2695 in
615 2642 740 2697 tuorum
762 2634 891 2697 auribus
948 2634 1133 2715 corporalis,
1155 2634 1316 2715 passibilis
1338 2652 1374 2696 ac
1396 2634 1549 2711 mortalis,
1567 2634 1696 2716 partim-

155 2730 357 2813 cordibusque
373 2730 517 2794 lidelinm
539 2733 676 2815 desuper
698 2732 893 2796 illuminato·
948 2751 1010 2813 qne
1025 2732 1127 2795 viator
1141 2740 1173 2795 et
1187 2732 1420 2813 quodammodo
1433 2733 1556 2814 angelis
1578 2734 1693 2811 minor,
1712 2760 1780 2805 apr,
1793 2762 1842 2811 „a

47 2839 141 2893 tce-ra.
155 2836 237 2890 rum!
253 2828 276 2891 0
290 2848 389 2909 quam
405 2849 479 2891 vere
500 2830 581 2891 dixit
600 2831 769 2912 Apostolus
786 2854 793 2892 :
811 2831 894 2893 Stul-
948 2840 983 2893 ut
996 2831 1142 2894 homines
1158 2830 1269 2893 bestiis
1284 2840 1482 2911 comparatos
1503 2850 1540 2893 ac
1556 2832 1622 2893 suis
1637 2832 1696 2894 lla·
1904 2828 1907 2835 ’

154 2924 618 3010 tamlecitDenssapientiam
640 2928 889 3008 hujusmundi!
948 2929 1036 3010 giliis
1070 2928 1199 2991 viliores
1237 2930 1472 3010 deterioresque
1510 2929 1612 2992 brutis
1650 2929 1696 2993 el-

153 3022 268 3086 Etenim
282 3025 707 3108 quodprndentibnshnjus
726 3026 834 3090 saeculi
854 3046 891 3089 ae
912 3026 1061 3103 illectos,
1091 3026 1275 3091 deificarem
1305 3036 1337 3089 et
1370 3028 1492 3109 angelis
1528 3028 1560 3090 in
1595 3028 1697 3109 gloria

153 3122 276 3201 persidis
291 3123 509 3187 irrationabile
523 3123 649 3186 videtur
662 3132 694 3187 et
707 3126 840 3186 stultum
855 3143 892 3187 ac
948 3143 1156 3206 coequaram.
1174 3125 1383 3188 Conversatus
1399 3145 1468 3188 sum
1491 3126 1574 3189 inter
1594 3126 1696 3189 bomi-

151 3218 212 3282 lide
226 3221 406 3302 indignum,
422 3221 533 3284 electis
556 3222 618 3285 tuis
638 3222 790 3285 fidelibus
812 3221 894 3284 divi·
948 3242 1006 3284 nes
1026 3223 1057 3283 in
1077 3223 1139 3285 boc
1165 3224 1295 3302 mundo,
1313 3232 1347 3286 ut
1371 3224 1517 3287 homines
1542 3224 1695 3287 associem

152 3317 229 3378 nitus
245 3317 412 3381 illustratis
432 3319 747 3382 rationabilissimum
770 3320 894 3400 sapien·
948 3320 1073 3383 civibus
1097 3321 1186 3402 regni
1209 3322 1358 3399 coelestis,
1376 3321 1498 3404 angelis
1517 3323 1646 3403 sanctis,
1662 3322 1696 3384 in

151 3416 367 3499 tissimumque
392 3418 528 3495 videtur,
556 3437 593 3481 ac
622 3418 687 3480 lide
715 3418 894 3481 certissima
949 3418 1078 3499 superni
1102 3419 1239 3500 paradisi
1265 3420 1393 3500 palatio.

151 3512 272 3594 dignum
293 3524 454 3578 censetur.
472 3516 533 3577 Sed
558 3534 681 3597 precor,
703 3535 723 3579 o
746 3516 890 3594 Domine,
989 3516 1170 3579 Passionem
1194 3536 1297 3579 meam
1317 3516 1500 3597 frequenter
1525 3526 1587 3579 tam
1613 3536 1698 3581 seor·
1724 3537 1812 3583 narra.

150 3611 225 3675 bane
248 3613 353 3695 ipsam
383 3614 546 3677 materiam
575 3615 723 3696 prosequi
752 3615 890 3696 plenius,
949 3633 1019 3675 sum
1034 3632 1129 3696 quam
1145 3613 1273 3696 publice
1288 3616 1558 3695 praenuntiavi,ne
1569 3617 1697 3679 nescius
1711 3613 1747 3652 ¹¹’
1757 3604 1790 3645 ¹⁸·

150 3709 295 3773 declarari
310 3711 476 3791 diffusius,
493 3720 528 3774 nt
548 3720 603 3775 tua
624 3712 781 3776 beneficia
801 3712 894 3775 intel·
948 3720 1003 3774 aut
1021 3712 1142 3774 invitus
1162 3712 1308 3775 crederer
1332 3720 1443 3793 eaptus
1467 3720 1499 3775 et
1522 3732 1645 3795 passus.
1662 3714 1696 3775 ln

150 3806 277 3888 ligamus
299 3809 479 3892 limpidius.
949 3828 1041 3873 coena
1073 3809 1260 3887 novissima,
1296 3810 1437 3892 corporis
1468 3819 1501 3873 et
1532 3812 1697 3893 sanguinis

949 3909 1012 3971 mei
1027 3909 1265 3970 Sacramentum
1281 3908 1416 3985 institui,
1435 3916 1561 3989 tamque
1577 3909 1698 3973 incom-
1725 3932 1778 3976 aaa.
1793 3945 1845 3985 uu,

949 4005 1166 4089 prehensibile
1192 4024 1228 4068 oe
1254 4005 1540 4088 profundissimum
1570 4027 1698 4089 prorsus
1713 3998 1747 4043 Ν·
1762 3998 1795 4039 ²⁰·

344 4082 592 4147 ARTICULUS
617 4082 690 4145 VH·
949 4104 1225 4186 mysterium,post
1238 4123 1342 4166 meam
1357 4104 1550 4168 occisionem
1566 4126 1583 4169 a
1598 4106 1699 4169 lidcli-

148 4239 333 4300 Prosecuta'o
348 4241 584 4298 declarationis
600 4242 894 4314 correspondentes
908 4202 934 4265 D
949 4203 1009 4265 bus
1024 4221 1125 4282 usque
1140 4202 1173 4263 in
1189 4202 1290 4265 finem
1306 4204 1414 4313 Qun
1430 4202 1697 4315 frequentandum

182 4330 424 4403 suppliciorum
448 4328 721 4406 injuriarumque
745 4331 893 4389 Salvam,
950 4301 1198 4362 assumendum
1221 4301 1476 4382 praedrx13quod
1499 4322 1532 4363 m
1554 4303 1698 4384 epistolis

185 4419 230 4475 „g
251 4420 296 4476 ad
320 4421 412 4477 mapa
436 4420 540 4491 cuppa,
568 4426 598 4475 e,
623 4436 740 4493 mma
761 4428 894 4492 propp„
949 4399 1036 4460 Pauli
1066 4399 1183 4461 clarius
1212 4418 1305 4480 quam
1336 4400 1369 4460 in
1398 4400 1577 4481 Evangeliis
1605 4401 1696 4483 legia,

182 4526 252 4583 qm
270 4508 460 4583 auferenda
478 4526 499 4565 a
519 4508 609 4567 noeis
627 4526 744 4583 passus
763 4515 809 4565 ese
830 4528 894 4566 om.
951 4496 1019 4577 ipso
1035 4497 1115 4559 Vase
1130 4497 1296 4559 electionis
1312 4506 1458 4559 narrante
1480 4498 1519 4559 de
1541 4518 1591 4560 me
1609 4522 1616 4560 :
1633 4501 1696 4563 lloc
1725 4520 1794 4564 reor.
1815 4532 1844 4570 ιι,

184 4596 238 4653 nia
259 4597 302 4653 ill
327 4644 334 4657 .
949 4593 1046 4657 tacite
1066 4595 1100 4656 in
1120 4613 1222 4657 meam
1249 4596 1604 4675 commemorationem;
1621 4618 1698 4679 quo·
1712 4586 1788 4635 Μ·

950 4693 1147 4774 tiescumque
1167 4693 1400 4755 manducabitis
1422 4713 1536 4775 panem
1559 4696 1645 4759 hurle
1667 4706 1698 4760 et

183 4790 357 4853 Sauvaron.
373 4825 415 4836 -
437 4790 514 4871 Ego,
532 4798 566 4852 ut
587 4790 729 4873 tetigisti,
745 4810 816 4853 snm
841 4792 894 4854 Sa·
949 4791 1082 4853 calicem
1099 4790 1226 4870 bibetis,
1243 4799 1376 4854 mortem
1392 4791 1517 4854 Domini
1533 4795 1697 4857 annuntia-

146 4886 258 4966 pieutia
286 4888 346 4951 illa
375 4908 450 4951 vere
478 4888 691 4971 omnipotens,
718 4898 835 4952 aeterna
863 4898 895 4951 et
950 4889 1035 4968 bitis,
1049 4891 1150 4951 donec
1166 4889 1283 4969 veniat,
1298 4888 1366 4971 ipse
1382 4890 1531 4953 videlicet
1544 4892 1697 4956 Dominus

147 4981 280 5066 infinita,
298 5006 372 5068 quae
395 4986 441 5049 nil
461 4986 536 5048 mali
557 4986 760 5069 impunitum,
777 4988 821 5049 nil
846 4988 894 5049 in·
949 4987 988 5049 ad
1002 4986 1172 5068 judicium.
1188 4988 1270 5069 Ergo
1286 4996 1349 5049 mm
1364 4988 1561 5052 admirabilis
1583 5000 1699 5074 myste-

47 5106 133 5151 amp.
145 5083 325 5146 ordinatum
352 5083 511 5165 relinque,
536 5103 607 5164 quea
631 5086 752 5166 attingo
781 5104 800 5147 a
828 5084 893 5147 line
949 5085 987 5147 rii
1004 5085 1103 5147 iidem
1119 5092 1151 5147 et
1165 5105 1257 5147 usum
1274 5086 1414 5148 sciebam
1430 5088 1577 5169 usquein
1598 5089 1697 5153 linem

146 5184 297 5262 usquead
313 5182 415 5245 finem
430 5181 566 5262 sortiter,
581 5191 613 5245 et
628 5184 763 5265 dispono
778 5192 893 5246 cuncta
949 5184 1056 5245 saculi
1079 5184 1257 5246 duraturos.

144 5280 290 5344 suaviter.
308 5280 461 5357 Quamvis
482 5281 648 5364 dispositio
669 5301 741 5345 mea
760 5281 892 5363 quibua·
989 5281 1164 5360 Passiones,
1179 5302 1235 5345 seu
1251 5283 1355 5365 potius
1371 5284 1594 5366 propassiones
1609 5304 1699 5368 quas
