4309 6259
476 500 536 567 too
814 520 856 566 nn
874 516 974 567 sacas
994 516 1190 565 cononicus
1211 514 1465 574 ranomnrauos.
1487 536 1528 547 —
1550 518 1619 567 aar.
1642 518 1686 564 vu

476 689 673 772 integraliter
696 689 855 769 confiteri,
875 698 908 753 et
932 689 1110 753 efficaciter
1134 689 1224 751 satis·
1237 688 1263 751 A
1278 689 1319 752 tis
1343 709 1400 773 per
1423 689 1658 753 contentionem
1683 708 1787 771 neque
1810 707 1866 771 per
1891 688 1994 752 inanem

475 789 581 851 facere
602 796 667 852 toto
685 807 791 871 posse,
807 807 936 868 pravam
957 795 989 851 et
1009 788 1149 866 stultam,
1165 789 1224 851 hu·
1277 788 1421 869 gloriam,
1438 789 1491 851 sed
1512 788 1545 849 in
1568 787 1745 851 humilitate
1760 786 1931 869 superiores
1947 788 1994 850 sibi

475 906 602 950 manam
622 896 654 949 et
672 886 827 969 puerilem
848 886 1073 950 verecundiam
1094 905 1222 968 prorsus
1276 886 1415 949 invicem
1430 886 1639 963 arbitrantes;
1656 894 1688 948 et
1702 904 1759 967 per
1775 886 1929 948 caritatem
1946 905 1995 948 ser·
2012 921 2058 963 pq
2070 938 2081 965 ,¹

476 985 705 1067 suppeditando
719 1009 727 1064 3
744 993 775 1047 et
789 985 873 1047 istud
888 984 949 1047 erit
966 984 996 1047 ei
1018 983 1052 1045 in
1075 985 1220 1065 presenti
1275 985 1339 1047 vite
1354 985 1503 1047 invicem.
1520 983 1632 1048 Omnia
1646 983 1742 1047 facite
1757 984 1827 1046 sine
1845 988 2076 1089 murmura-Q

475 1084 554 1145 etin
569 1082 676 1145 futuro
691 1100 796 1145 coram
811 1083 875 1146 heo
890 1090 921 1146 et
935 1082 1084 1146 omnihus
1099 1082 1221 1145 Sanctis
1275 1081 1426 1161 tionibus,
1445 1091 1479 1145 ut
1500 1083 1569 1145 sitis
1584 1083 1653 1145 sine
1668 1083 1798 1165 querela
1812 1091 1843 1145 et
1857 1083 1993 1165 simplices
2005 1068 2076 1151 u'Jliss'>¹

475 1181 545 1262 ejus
560 1200 634 1272 vere
648 1182 828 1259 honestum,
846 1181 1101 1258 saluberrimum,
1115 1188 1146 1242 et
1161 1200 1222 1242 me·
1275 1179 1337 1241 filii
1356 1180 1422 1242 Dei.
1439 1180 1561 1243 induite
1580 1199 1655 1262 ergo
1673 1199 1729 1243 vos
1750 1180 1834 1243 sicut
1852 1180 1936 1243 electi
1952 1182 1992 1242 [lei
2009 1199 2076 1240 came

474 1281 618 1343 ritorium
633 1280 726 1343 valde
741 1281 845 1343 modo.
862 1280 900 1341 Et
913 1279 976 1341 nisi
999 1297 1142 1361 persone
1163 1280 1221 1341 hu·
1274 1277 1398 1341 viscera
1425 1278 1661 1356 misericordie,
1692 1278 1926 1359 benignitatem,
1950 1266 2055 1341 hu-¹'*¹¹'

471 1377 611 1459 jusmodi
642 1377 817 1442 confessori
841 1397 898 1441 suo
926 1377 1145 1459 acquieverint
1174 1396 1221 1439 se
1275 1376 1453 1454 militatem,
1484 1377 1682 1455 modestiam,
1718 1376 1910 1458 patientiam,
1938 1397 1994 1459 sup

472 1477 612 1537 cundum
633 1476 762 1537 modum
787 1475 853 1556 jam
878 1483 1008 1553 tactum,
1026 1494 1090 1538 non
1114 1482 1220 1536 essent
1273 1482 1435 1556 portantes
1461 1474 1611 1553 invicem,
1627 1482 1659 1537 et
1676 1474 1831 1538 donantes
1849 1474 1994 1537 vobismet-

471 1574 510 1634 ad
536 1573 749 1654 smnptionem
774 1572 970 1635 Sacramenti
994 1571 1142 1634 altissimi
1166 1572 1220 1633 ad·
1274 1571 1363 1652 ipsis,
1400 1573 1425 1633 si
1462 1572 1534 1653 quis
1569 1573 1720 1635 adversus
1755 1572 1890 1654 aliquem
1919 1574 1994 1635 hahet

470 1670 643 1732 mittende.
659 1669 766 1751 ltaque
782 1670 821 1731 de
835 1670 886 1731 his
900 1688 1044 1751 persone
1062 1668 1218 1749 religiose
1272 1671 1433 1749 querelam
1447 1693 1455 1746 ς
1471 1689 1531 1751 pax
1552 1670 1667 1733 Christi
1688 1671 1822 1733 exsultet
1840 1690 1954 1751 sempor
1968 1670 1993 1731 in
2003 1692 2066 1732 iarn

471 1774 545 1829 sunt
559 1786 578 1829 a
592 1767 808 1847 superioribus
827 1766 894 1828 suis
912 1765 1096 1847 frequenter
1117 1774 1148 1828 et
1170 1785 1218 1827 sa·
1274 1768 1422 1830 cordibus
1437 1770 1570 1844 vestris3
1586 1786 1681 1831 omne
1697 1769 1914 1851 quodcumque
1933 1768 2041 1832 faci-rsa.
2052 1794 2069 1832 r.

469 1866 605 1947 pienter,
621 1866 811 1947 tempestive
834 1874 866 1927 et
886 1873 1075 1947 opportune,
1092 1863 1218 1927 ferven-
1234 1871 1257 1933 Β
1274 1866 1314 1929 tis
1336 1866 1369 1927 in
1388 1868 1485 1931 verbo
1510 1874 1542 1931 et
1564 1885 1671 1949 opere,
1698 1867 1805 1930 omnia
1830 1868 1860 1929 in
1886 1866 1993 1931 nomine

468 1972 518 2026 ter
541 1972 572 2027 et
596 1965 736 2045 copiose,
758 1972 822 2027 tam
843 1963 876 2025 in
895 1963 1097 2028 confessione
1121 1982 1215 2044 quam
1273 1962 1397 2025 Domini
1417 1963 1516 2025 nostri
1541 1964 1614 2026 lesu
1638 1963 1753 2027 Christi
1777 1963 1882 2044 facite,
1897 1964 1993 2045 gratias

469 2070 557 2124 extra
571 2060 818 2140 confessionem,
830 2062 1034 2142 instruende,
1043 2062 1217 2124 admonen-
1273 2070 1401 2142 agentes
1416 2062 1479 2125 Deo
1494 2070 1526 2123 et
1539 2061 1622 2123 Patri
1636 2080 1694 2143 per
1708 2062 1824 2144 ipsum.

469 2160 528 2239 de,
545 2159 716 2237 avisande,
733 2159 898 2223 terrende.

507 2258 679 2335 Postremo,
695 2257 857 2320 hortande
876 2264 951 2319 sunt
968 2275 1079 2320 omnes
1100 2276 1140 2319 ne
1163 2276 1215 2319 eas

468 2355 646 2436 despiciant
671 2363 724 2417 aut
748 2356 915 2418 temerarie
938 2355 1095 2437 judicent,
1112 2374 1216 2436 neque

467 2454 507 2515 de
521 2453 568 2515 eis
583 2453 837 2516 scandalizentur
851 2473 930 2534 quas
944 2453 1084 2515 viderint
1098 2473 1116 2515 a
1131 2472 1217 2515 com-

468 2552 620 2615 munione
648 2571 819 2633 suspensus
847 2550 915 2614 sive
942 2552 1067 2631 dilatas,
1098 2553 1152 2614 sed
1181 2552 1215 2612 in

466 2668 577 2711 earum
605 2650 786 2713 ohedientia
814 2649 920 2731 potius
947 2648 1158 2730 edificentur,
1185 2658 1216 2711 et
1332 2650 1532 2713 LAUSTRUM
1560 2657 1761 2732 comparatur
1789 2650 1942 2733 hospitali,
1967 2650 1992 2711 in

467 2756 559 2811 orent
586 2748 751 2811 caritative
782 2766 840 2829 pro
872 2747 960 2830 ipsis.
990 2747 1057 2810 lmo
1086 2749 1147 2811 hoc
1175 2749 1214 2811 ad
1345 2765 1409 2827 quo
1428 2753 1501 2808 sunt
1520 2744 1627 2827 plures
1645 2747 1753 2827 egroti
1774 2746 1905 2811 diversis
1922 2745 1994 2827 agri-

467 2865 595 2910 omnem
629 2848 844 2910 Christianum
878 2846 1050 2908 discretum
1079 2865 1115 2909 ac
1144 2865 1216 2927 pro-
1270 2844 1433 2907 tudinibus
1454 2844 1645 2923 laborantes,
1662 2844 1716 2925 qui
1740 2843 1830 2926 juxta
1852 2844 1994 2907 diversita-

467 2946 555 3024 bum,
573 2945 775 3008 caritativum
796 2953 828 3007 et
852 2945 952 3027 pium,
970 2944 1096 3024 penitus
1119 2944 1216 3025 perti-
1270 2952 1334 3005 tem
1354 2941 1579 3004 infirmitatum
1599 2961 1727 3005 suarum
1747 2942 1891 3025 indigent
1913 2942 1993 3005 medi-

465 3052 531 3120 nct,
547 3051 583 3105 ut
597 3061 725 3106 omnem
745 3042 924 3123 proximum
947 3062 1040 3104 suum
1061 3062 1119 3123 pro
1138 3061 1215 3123 qua·
1234 3048 1255 3112 c
1271 3039 1352 3101 cinis
1368 3038 1503 3101 diversis
1520 3060 1527 3099 ε
1544 3038 1639 3100 sicin
1659 3038 1797 3102 claustro
1816 3047 1889 3101 sunt
1906 3038 1992 3100 multe

467 3159 604 3221 cumque
632 3159 728 3201 causa
756 3159 812 3203 seu
847 3139 942 3221 culpa
975 3140 1009 3201 in
1042 3140 1214 3221 disciplina
1270 3155 1412 3218 persone
1434 3136 1543 3198 multis
1558 3155 1594 3199 ac
1610 3136 1707 3197 variis
1728 3136 1939 3219 spiritualibus
1956 3136 1994 3195 in-

466 3238 685 3315 constitutum,
702 3246 894 3321 correptum,
906 3238 1121 3317 humiliatum,
1133 3237 1215 3301 affli-
1268 3234 1475 3298 firmitatibus
1489 3234 1562 3315 (hoc
1578 3242 1626 3297 est
1639 3233 1874 3316 multiplicibus
1893 3233 1993 3316 passio

1471 2314 1717 2380 ARTICULUS
1741 2314 1816 2379 VII.

1366 2464 1554 2523 Prosecutio
1577 2464 1796 2539 responsionis
1816 2466 1917 2526 istius.

466 3345 565 3415 ctum,
580 3336 778 3417 despectum,
800 3336 988 3414 desolatum,
1009 3336 1063 3419 pia
1088 3345 1120 3399 et
1140 3355 1215 3399 con-

465 3434 593 3497 dolente
613 3434 770 3515 adspiciat
791 3442 907 3511 mente,
924 3433 1060 3498 consilio
1082 3435 1214 3499 auxilio-

464 3552 527 3614 que
560 3532 712 3612 refoveat,
747 3541 841 3615 prout
873 3533 989 3615 poterit
1022 3541 1210 3615 opportune.

1269 3334 1375 3412 nibus,
1402 3332 1516 3415 culpis,
1542 3331 1742 3413 ignorantiis,
1765 3330 1993 3397 defectuositati·

1269 3432 1341 3511 bus)
1376 3431 1502 3510 saucie,
1535 3431 1574 3492 ad
1610 3448 1744 3511 quarum
1779 3450 1887 3493 curam
1917 3438 1993 3510 atque

1269 3530 1426 3593 internam
1441 3528 1608 3591 sanitatem
1628 3528 1773 3610 indigent
1794 3528 1992 3611 spiritualibus

1268 3626 1436 3691 medicinis
1447 3628 1548 3689 :inter
1561 3646 1640 3708 quas
1655 3626 1832 3689 medicinas
1847 3626 1993 3709 precipua

1268 3732 1342 3787 sunt
1356 3732 1477 3808 septem
1494 3732 1689 3787 sacramenta
1703 3724 1864 3805 Ecclesia,
1879 3740 1993 3806 quornm

1266 3823 1407 3905 primum
1435 3829 1483 3885 est
1509 3822 1700 3904 Baptismus,
1726 3822 1782 3904 qui
1809 3830 1859 3885 est
1885 3840 1994 3903 regene

352 3656 439 3703 uana
464 3630 551 3694 Beati
566 3649 703 3712 namque
725 3631 960 3711 misericordes,
976 3631 1128 3712 quoniam
1150 3631 1211 3712 ipsi

317 3732 340 3772 '·
356 3724 376 3766 ⁷·
464 3729 717 3793 misericordiam
739 3737 985 3810 consequentur.

328 3855 392 3899 pm,
413 3868 451 3909 ῃ,
503 3827 583 3889 Hinc
602 3827 641 3889 ad
666 3828 823 3890 Romanos
842 3826 886 3889 ait
904 3826 1073 3908 Apostolus
1091 3850 1096 3888 :
1114 3828 1212 3890 Debe-

319 3918 373 3969 Η·
463 3944 536 3987 mus
550 3943 608 3988 nos
623 3923 795 4006 firmiores,
812 3924 1047 3987 imbecillitates
1067 3924 1213 3989 infirmo·
1267 3922 1347 3985 ratio
1381 3920 1555 4002 spiritualis
1583 3928 1616 3982 et
1642 3920 1804 3983 medicina
1835 3918 1994 4003 specialiter

464 4042 535 4084 rum
550 4022 717 4099 sustinere,
730 4029 762 4085 et
776 4041 841 4085 non
855 4022 947 4085 nobis
962 4023 1104 4103 placere3
1116 4042 1212 4084 unus·
1267 4027 1377 4081 contra
1390 4018 1545 4100 originale
1559 4018 1993 4099 peccatquuemadmodum

464 4120 600 4200 quisque
624 4118 768 4199 proximo
797 4138 855 4182 suo
878 4120 1003 4201 placeat
1031 4120 1064 4181 in
1093 4121 1212 4184 bonum
1267 4126 1372 4179 autem
1394 4117 1519 4181 medico
1538 4116 1684 4179 exteriori
1704 4118 1857 4199 competit
1879 4117 1995 4197 diligen·

330 4237 390 4281 usa.
405 4250 450 4291 m,
464 4217 503 4279 ad
518 4214 763 4279 edificationem
782 4240 788 4277 ι
806 4217 923 4297 itaque,
937 4236 1007 4298 que
1022 4217 1110 4298 pacis
1127 4227 1210 4299 sunt,
1226 4226 1252 4290 1)
1268 4223 1315 4277 ter
1332 4234 1466 4297 pensare
1485 4233 1554 4295 que
1575 4222 1607 4276 et
1626 4213 1738 4295 quales
1760 4214 1922 4278 medicine
1943 4213 1994 4273 sint

318 4301 359 4356 ¹⁹⁴
465 4333 592 4397 semper
624 4321 793 4392 sectemur,
823 4321 855 4376 et
889 4333 959 4396 que
987 4315 1211 4379 edificationis
1267 4313 1453 4375 adhibende
1469 4312 1677 4395 corporaliter
1690 4312 1863 4392 languidis,
1879 4313 1920 4375 sic
1940 4328 1993 4373 mc

464 4421 549 4493 sunt,
566 4413 599 4474 in
618 4412 758 4476 invicem
777 4414 1004 4476 custodiamus.
1020 4415 1066 4475 Ad
1088 4413 1211 4478 Galatas
1266 4411 1338 4473 dico
1354 4410 1522 4492 spirituali,
1538 4410 1599 4474 hoc
1615 4419 1663 4473 est
1683 4412 1814 4491 prelato
1834 4419 1867 4474 et
1887 4407 1992 4473 confes

327 4530 405 4574 caue.
427 4545 449 4583 v,
463 4530 590 4593 quoque
620 4535 626 4573 :
658 4512 690 4573 Si
719 4512 833 4594 spiritu
861 4511 1011 4591 vivimus,
1038 4512 1153 4594 spiritu
1181 4522 1212 4576 et
1267 4509 1342 4588 sori,
1363 4508 1520 4571 incumbit
1543 4508 1788 4590 vigilantissime
1811 4508 1992 4572 considerare

315 4595 350 4642 ²⁵·
366 4595 399 4636 ²⁶·
463 4611 682 4690 ambulemus,
699 4629 763 4673 non
778 4609 961 4673 efficiamur
976 4609 1081 4673 inanis
1101 4612 1211 4692 glorie
1266 4625 1344 4687 quas
1364 4606 1543 4687 spirituales
1562 4606 1703 4669 medelas
1726 4606 1874 4670 adhibeat
1896 4602 1992 4669 Christi

463 4708 583 4790 cupidi,
599 4708 738 4771 invicem
762 4715 982 4790 provocantes,
1003 4707 1143 4773 invicem
1163 4710 1211 4771 in-
1266 4704 1378 4767 ovibus
1403 4704 1464 4765 sibi
1488 4703 1667 4767 commissis
1691 4712 1723 4766 et
1746 4704 1894 4780 creditis3
1916 4700 1993 4783 ipsis-

321 4806 629 4883 rou.v1,r,videntes;
650 4807 710 4869 etsi
730 4813 969 4888 preoccupatus
992 4803 1090 4869 fuerit
1114 4808 1209 4871 homo
1265 4821 1327 4884 que
1341 4801 1466 4882 ovibuS,
1483 4801 1509 4864 si
1525 4802 1628 4865 cumri
1648 4802 1749 4865 velint
1769 4810 1802 4865 et
1822 4801 1931 4865 salvari
1949 4801 1993 4862 dc

314 4890 335 4931 ²·
463 4903 496 4966 in
512 4903 618 4985 aliquo
631 4903 759 4982 delicto,
775 4923 832 4966 vos
846 4904 900 4985 qui
917 4904 1098 4985 spirituales
1120 4907 1207 4988 estis,
1265 4901 1370 4979 beant,
1386 4919 1516 4963 necesse
1531 4909 1579 4964 est
1594 4908 1628 4963 ut
1642 4900 1860 4982 spiritualibus
1876 4896 1992 4963 medicis

460 5001 645 5083 hujusmodi
675 5002 822 5063 instruite
851 5002 884 5062 in
913 5003 1028 5083 spiritu
1055 5003 1206 5086 lenitatis,
1264 4998 1330 5060 suis
1358 4998 1536 5079 pastoribus
1565 5007 1596 5061 et
1623 4997 1859 5063 confessoribus
1882 4996 1993 5079 acquic·

460 5100 666 5165 considerans
685 5108 715 5163 te
740 5100 856 5181 ipsum,
874 5120 914 5163 ne
938 5110 970 5163 et
993 5110 1027 5163 tu
1054 5103 1205 5181 tenteris3
1264 5106 1354 5160 scant
1368 5106 1400 5159 et
1413 5105 1553 5178 pareant.
1571 5098 1657 5160 Unde
1673 5097 1699 5159 si
1714 5097 1873 5160 interdum
1886 5096 1992 5161 Eucha-

458 5201 539 5263 alter
558 5199 689 5262 alterius
707 5217 805 5262 onera
829 5208 962 5279 portate,
980 5209 1011 5263 et
1036 5201 1082 5264 sic
1107 5201 1208 5264 adim·
1263 5196 1360 5259 ristie
1377 5204 1609 5259 sacramentum
1623 5196 1768 5277 judicent
1781 5196 1936 5278 aliquibus
1948 5196 1992 5256 de

311 5270 588 5379 {hffipp'¹¹'plebitis
604 5298 706 5380 legem
720 5298 846 5363 Christi.
863 5300 901 5362 Et
915 5300 991 5362 alibi
1010 5323 1016 5361 :
1033 5300 1118 5364 Nihil
1133 5320 1207 5381 aga-
1264 5298 1444 5378 negandum
1473 5306 1506 5359 θῖ
1533 5297 1782 5361 subffflhffldtffll
1806 5299 1845 5361 ad
1871 5306 1990 5377 fflfflfffia
