4309 6259
306 500 346 547 D!
366 498 513 549 muamus
534 500 740 549 saumsstlss
760 500 797 547 ΙΤ
817 498 985 547 tuomum
1005 498 1188 559 rammam,
1209 499 1269 547 PER
1288 498 1395 547 loon!
1415 499 1562 547 HGRARUB
1656 485 1714 549 143

471 670 611 736 Oramus.
927 672 953 733 A
1008 670 1115 734 Sitivit
1147 670 1254 735 anima
1286 690 1357 733 mea
1391 671 1431 734 ad
1458 670 1557 734 Deum
1585 670 1711 753 lortern,

206 768 344 831 Trinitas
359 769 549 851 superalma,
565 768 788 851 glorilicanda,
805 786 914 850 super·
968 766 1076 831 vivum
1094 793 1101 830 ι
1118 770 1246 850 quando
1267 770 1394 831 veniam
1413 778 1446 832 et
1463 768 1622 852 apparebo
1641 778 1713 833 ante

165 864 256 945 felix,
273 866 543 929 incommutabilis
566 875 598 931 et
622 866 773 949 perlecta,
791 884 860 947 quae
880 866 912 929 in
968 866 1083 930 lacicm
1103 869 1183 930 Deil

167 972 196 1027 te
212 964 282 1046 ipsa
296 965 451 1027 universae
466 964 912 1047 beatitudinisplenitudinem
1007 966 1147 1029 Fuerunt
1170 966 1248 1030 mibi
1275 966 1413 1029 lacrima)
1437 986 1515 1029 meaa
1540 984 1639 1048 panes
1663 966 1715 1029 dic

165 1062 422 1144 comprehendis,
439 1062 549 1144 inqua
567 1070 616 1125 est
637 1062 764 1125 infinita
784 1062 913 1127 dilectio
966 1082 1002 1125 ac
1019 1073 1132 1140 noctc3
1148 1066 1224 1127 dum
1240 1065 1357 1127 dicitur
1370 1064 1449 1126 mibi
1471 1064 1614 1146 quotidie
1630 1088 1638 1126 ι
1655 1064 1713 1127 Ubi

165 1168 289 1237 mutua,
306 1159 552 1223 interminabilis
573 1160 740 1243 sapientia,
758 1161 913 1223 immensa
967 1171 1015 1224 est
1036 1162 1119 1225 Deus
1141 1166 1236 1225 tuusl

165 1258 409 1340 complacentia,
425 1258 632 1340 omniumque
647 1260 803 1323 bonorum
818 1267 911 1339 atque
1006 1260 1077 1323 Haec
1102 1262 1285 1324 recordatus
1309 1281 1393 1339 sum,
1419 1269 1451 1323 ct
1474 1260 1577 1324 alludi
1603 1260 1636 1322 in
1662 1280 1713 1325 me

164 1356 368 1439 pulchrorum
381 1356 911 1440 perlectaposscssio:tu0rumnos
966 1358 1105 1421 animam
1130 1379 1234 1423 meam
1256 1384 1263 1421 :
1284 1360 1435 1441 quoniam
1454 1360 1598 1423 transibo
1616 1360 1650 1421 in
1669 1361 1715 1423 lo

163 1455 408 1539 participatione
427 1455 582 1520 bonorum
603 1455 769 1538 impingua
787 1463 818 1517 et
832 1454 908 1532 dita,
966 1475 1039 1519 cum
1075 1456 1269 1521 tabernaculi
1304 1458 1512 1537 admirabilis,
1546 1477 1646 1540 usque
1673 1459 1713 1521 ad

161 1564 193 1615 et
209 1554 256 1617 tui
272 1553 389 1618 amoris
403 1554 515 1617 ardore
530 1572 585 1617 cor
604 1562 747 1617 nostrum
762 1553 909 1631 incende,
966 1555 1097 1618 domum
1120 1555 1186 1619 Dei.

161 1654 299 1731 resolve,
321 1659 353 1716 et
381 1652 531 1715 interiora
558 1660 666 1715 nostra
696 1650 845 1729 reforma,
873 1670 909 1715 ac
1005 1652 1039 1713 ln
1069 1672 1146 1716 voca
1181 1642 1400 1718 exsultationis
1427 1663 1459 1717 et
1487 1654 1709 1733 confessionis,

158 1751 408 1833 omnitempore
428 1770 512 1832 rege.
529 1750 586 1813 Cui
607 1752 719 1827 honor,
737 1750 908 1828 beatitudo,
967 1769 1064 1813 sonus
1087 1752 1257 1834 epulantis.

159 1851 226 1913 vita
241 1858 275 1913 et
288 1868 422 1931 regnum
437 1868 494 1932 per
509 1849 624 1912 saecula
640 1847 778 1911 infinita.
796 1850 907 1911 Amen.
929 1848 952 1911 B
1005 1850 1106 1923 Quare
1132 1849 1231 1911 tristis
1255 1870 1301 1928 es,
1317 1852 1424 1914 anima
1448 1853 1540 1913 meat
1560 1860 1593 1914 ct
1615 1870 1713 1933 quare

198 1961 232 2012 r.
252 1948 397 2025 Domino,
413 1948 539 2025 exaudi,
556 1958 613 2010 etc.
967 1946 1138 2009 conturbas
1159 1951 1233 2011 mel

197 2067 232 2123 n.
251 2047 290 2109 Et
304 2047 424 2109 clamor
438 2066 540 2123 meus,
556 2056 615 2108 etc.
1005 2046 1104 2127 Spera
1118 2045 1151 2107 in
1166 2046 1399 2128 Deo,quoniam
1413 2046 1517 2109 adbuc
1532 2046 1712 2111 confitebor

199 2158 234 2209 r.
253 2146 483 2209 benedicamus
498 2144 641 2208 Domino.
966 2142 1024 2219 illi,
1041 2142 1178 2206 salutare
1191 2144 1298 2207 vultus
1314 2146 1376 2207 mei
1391 2153 1424 2207 et
1436 2146 1519 2207 Deus
1533 2164 1634 2209 meus.

199 2263 233 2319 a.
253 2244 316 2307 Deo
330 2243 458 2326 gratias.
1006 2240 1113 2305 Gloria
1126 2241 1219 2304 Patri.

199 2356 233 2405 r.
253 2342 374 2406 Animae
388 2342 531 2406 omnium
546 2341 704 2421 fidelium,
720 2352 778 2406 etc.
1005 2342 1085 2402 Ant.
1101 2339 1219 2403 Oculus
1238 2358 1301 2403 non
1321 2341 1413 2419 vidit,
1429 2360 1489 2404 nec
1514 2341 1600 2405 auris
1622 2342 1712 2405 audi·
1726 2362 1827 2417 icona.
1837 2368 1858 2420 a,

966 2436 1023 2515 vit,
1037 2455 1096 2500 nee
1112 2436 1144 2500 in
1160 2456 1216 2501 cor
1228 2438 1369 2501 bominis
1382 2440 1536 2517 ascendit,
1549 2459 1619 2521 quaa
1633 2460 1712 2522 praa-
1726 2431 1760 2471 ¹⁰·

966 2534 1090 2617 paravit
1103 2536 1185 2599 Deus
1199 2536 1250 2599 bis
1264 2537 1318 2617 qui
1334 2536 1472 2618 diligunt
1489 2536 1581 2600 illum
1594 2562 1603 2616 3
1618 2538 1711 2602 nobis
1813 2611 1817 2617 ,

198 2640 293 2703 Adsit
307 2638 410 2717 nobie,
427 2648 485 2700 etc.
965 2644 1071 2697 autem
1086 2632 1240 2697 revelavit
1253 2652 1311 2715 per
1324 2634 1474 2717 Spiritum
1490 2655 1595 2697 suum.

197 2751 232 2802 r.
251 2738 311 2802 Cor
324 2737 490 2815 mundum,
507 2746 566 2798 etc.
1004 2736 1086 2795 Ant.
1103 2733 1250 2795 Summa.

197 2858 232 2911 ra.
253 2836 291 2898 Et
305 2835 453 2917 spiritum
468 2842 601 2913 rectum,
618 2845 676 2897 etc.
1213 2834 1367 2894 Psalmua
1383 2834 1464 2895 118.

196 2948 231 2997 a.
250 2934 345 3012 Deus,
362 2932 394 2995 in
410 2932 614 3012 adjutorium,
631 2943 687 2995 etc.
1004 2928 1141 3011 Adspice
1169 2928 1202 2991 in
1234 2948 1297 3006 mc,
1327 2928 1471 3007 Domine,
1500 2938 1532 2992 et
1559 2929 1710 2994 miserere
1734 2948 1858 3003 reema,

196 3054 230 3108 n.
250 3031 394 3110 Domine,
411 3031 450 3094 ad
465 3030 692 3112 adjuvandum,
709 3042 766 3095 etc.
924 3028 946 3091 C
966 3028 1040 3106 mei,
1064 3028 1239 3091 secundum
1257 3028 1415 3109 judicium
1433 3028 1635 3110 diligentium
1655 3049 1710 3094 no-
1727 3014 1825 3057 *Μ’

197 3144 230 3195 a.
249 3130 357 3194 Gloria
370 3128 465 3192 Patri.
481 3128 626 3192 Alleluia.
965 3145 1038 3188 men
1061 3134 1162 3189 tuum.

454 3230 616 3306 Hymnus.
1005 3224 1137 3287 Grcssus
1148 3243 1236 3288 meos
1247 3224 1349 3307 dirige
1361 3226 1537 3289 secundum
1548 3226 1710 3308 eloquium

284 3326 348 3391 Rex
362 3325 526 3401 coelorum,
542 3324 652 3387 mundi
670 3324 781 3405 iactor,
966 3331 1066 3401 tuum,
1083 3331 1115 3385 et
1134 3340 1197 3386 non
1217 3323 1398 3386 dominetur
1416 3323 1479 3387 mei
1501 3324 1606 3387 omnis
1627 3324 1712 3406 inju-

263 3423 355 3487 Orbis
369 3430 472 3485 motor
485 3421 635 3503 astrilcri,
966 3421 1061 3483 stitia.

263 3523 310 3583 Tu
325 3520 436 3583 salutis
451 3538 529 3583 meaa
544 3526 642 3597 actor,
1006 3518 1136 3581 Redime
1160 3536 1211 3581 me
1235 3538 1255 3581 a
1278 3518 1447 3582 calumniis
1472 3519 1650 3598 bominum,
1677 3528 1712 3583 ut

263 3620 377 3683 {lector
392 3618 468 3681 solis
484 3616 682 3699 splendileri.
965 3616 1141 3680 custodiam
1163 3616 1312 3679 mandata
1327 3625 1391 3679 tua.

283 3716 414 3781 Genitor
427 3714 714 3797 incircumscripte,
1004 3714 1128 3777 Faciem
1157 3723 1243 3777 tuam
1277 3713 1422 3776 illumina
1455 3734 1552 3797 super
1583 3733 1711 3778 servum

262 3816 319 3879 Fili
335 3814 435 3877 Patris
450 3813 639 3889 benedicte,
965 3820 1066 3891 tuum,
1082 3821 1114 3874 ct
1127 3813 1206 3875 doce
1222 3830 1273 3875 me
1286 3811 1533 3893 justificationes
1548 3821 1629 3875 tuas.

261 3912 426 3978 Adorande
441 3912 611 3991 Paracletc,
1003 3910 1113 3973 Exitus
1131 3930 1284 3993 aquarum
1303 3912 1502 3974 deduxerunt
1523 3912 1609 3975 oculi
1634 3912 1709 3991 mci,

261 4014 391 4077 Summe
406 4011 499 4089 Deus,
516 4010 581 4074 llax
597 4010 713 4093 inclyte
730 4034 737 4073 :
964 4009 1038 4090 quia
1053 4027 1117 4072 non
1132 4009 1353 4072 custodierunt
1366 4009 1469 4091 legem
1484 4017 1582 4072 tuam.

281 4112 327 4173 Da
341 4108 494 4173 allectum
509 4116 707 4189 estuantem,
1003 4106 1109 4170 Gloria
1122 4106 1216 4169 Patri.

260 4210 306 4271 Da
321 4206 419 4269 menti
436 4204 647 4287 sapientiam
923 4208 948 4269 D
1003 4208 1084 4267 Ant.
1115 4205 1251 4267 Summae
1279 4204 1436 4285 Trinitati,
1467 4206 1605 4289 simplici
1632 4208 1709 4287 Deo,

262 4306 334 4369 'libi
349 4304 447 4368 vitam
462 4304 502 4365 da
516 4304 707 4385 placentem,
965 4322 1029 4366 una
1055 4302 1217 4380 divinitas,
1248 4303 1380 4384 aqualis
1408 4304 1519 4386 gloria,
1554 4314 1711 4369 coaeterua

261 4407 308 4469 Da
323 4403 469 4467 stabilem
484 4403 682 4466 memoriam.
965 4400 1126 4481 majestas.

284 4503 354 4566 'libi
369 4502 517 4583 hymnus,
533 4500 645 4581 bonor,
661 4500 770 4581 decus,
1004 4504 1083 4563 Ant.
1101 4500 1142 4562 l'c
1158 4499 1267 4561 Deum.

264 4602 433 4665 coeterna
449 4598 592 4661 Trinilali
607 4620 615 4673 3
1210 4602 1461 4662 Psalmus139.

266 4700 423 4781 Regnum,
438 4696 524 4778 jugis
539 4695 736 4778 principatus
1004 4696 1099 4778 Eripe
1120 4715 1182 4776 me,
1199 4694 1342 4773 Domine,
1358 4696 1399 4759 ab
1416 4695 1545 4760 homine
1568 4697 1674 4779 malo;
1690 4716 1853 4770 armna,

264 4796 439 4861 Adorandae
454 4793 623 4876 majestati.
640 4796 750 4857 Amen.
965 4794 1034 4858 viro
1049 4794 1160 4875 iniquo
1173 4794 1260 4876 eripe
1275 4812 1336 4856 me.
1724 4782 1745 4829 ²2
1757 4782 1804 4825 ⁷¹⁰·

198 4902 284 4963 Ant.
301 4894 430 4959 Oculus.
1005 4892 1073 4955 Dixi
1087 4891 1222 4957 Domino
1238 4914 1245 4952 :
1262 4891 1568 4971 Deusmeusestu3
1583 4896 1708 4975 eraudi,

426 4996 579 5056 Paulinus
593 4995 651 5055 41.
965 4989 1108 5068 Domine,
1126 5008 1237 5053 vocem
1250 4990 1482 5071 deprecationis
1496 5010 1585 5054 mea.

26 5118 140 5173 rampe,
198 5092 476 5171 Quemadmodum
491 5090 648 5153 desiderat
662 5108 776 5153 cervus
790 5091 829 5152 ad
846 5088 912 5155 lon·
1005 5088 1150 5167 Domine,
1180 5087 1323 5167 Domine,
1352 5086 1454 5149 virtus
1482 5089 1593 5151 salutis
1618 5109 1708 5168 meaa,

155 5206 206 5259 tes
233 5212 402 5275 aquarum,
419 5189 463 5253 ita
480 5189 637 5252 desiderat
654 5188 762 5253 anima
782 5206 854 5252 mea
871 5190 911 5253 ad
965 5185 1162 5251 obumbrasti
1197 5204 1292 5267 super
1326 5193 1421 5268 caput
1454 5204 1562 5249 meum
1596 5187 1630 5249 in
1658 5187 1710 5253 dic

156 5304 200 5373 te,
220 5294 318 5356 [leus.
966 5284 1054 5349 belli.

389 2488 452 2560 An
479 2488 684 2561 Tanarum.
