4309 6259
449 509 490 557 na
509 510 667 557 rnacomo
686 509 725 556 rr
744 510 908 557 nissum
926 509 1043 567 naara,
1066 509 1155 556 unsa
1175 510 1207 556 11.
1230 526 1271 541 -
1291 509 1361 556 aar.
1384 508 1449 555 xvu
1662 484 1723 551 523

175 686 326 763 tanquam
342 680 376 743 in
391 679 556 743 inlinitum
570 699 589 742 a
602 679 719 744 divina
732 687 853 743 natura
871 678 1049 743 su·rl1deo
1063 680 1125 743 boc
1144 681 1237 745 modo
1258 681 1357 743 Mum
1379 680 1499 759 videre,
1515 676 1654 761 appellat
1674 694 1723 739 sa·

175 780 368 860 perennata
400 777 566 841 altitudine
597 780 861 855 occumbentem3
890 786 923 840 et
977 796 1032 840 cer
1062 778 1241 861 Dionysius,
1279 778 1311 842 in
1347 778 1517 860 caliginem
1551 774 1676 857 ingredi
1711 797 1719 836 ε
1748 800 1779 844 n.
1792 798 1867 843 Μ,

174 877 218 939 ob
247 876 278 938 id
307 876 387 939 visio
416 876 560 957 mystica,
585 875 655 940 sine
682 884 788 939 creata
816 894 921 939 rerum
976 877 1159 959 caliginem,
1176 876 1257 939 lucis
1271 876 1389 941 divinae
1408 873 1721 939 inaccessibilitatem
1734 866 1800 919 ³¹¹³·
1818 874 1838 907 ⁸·
1852 874 1867 906 ¹·

173 975 364 1057 imaginem
376 974 515 1056 simplici
527 974 679 1038 ecstatico
689 974 805 1037 mentis
816 992 923 1037 ascen-
976 975 1142 1058 appellans
1154 998 1162 1053 ;
1179 975 1446 1057 quemadmodum
1462 982 1494 1037 et
1507 972 1584 1036 alibi
1598 972 1722 1035 divinas
1736 986 1805 1043 apte.
1819 1000 1826 1030 ι
1840 986 1867 1030 αι

173 1092 212 1135 su
231 1091 302 1136 esse
320 1072 517 1155 perhibetur,
534 1072 685 1153 quoniam
706 1091 765 1154 per
784 1079 922 1136 creamm
975 1074 1123 1137 tene-bras
1147 1073 1373 1136 abundantiam
1394 1072 1654 1152 invisibilemque
1676 1070 1724 1132 in·
1736 1048 1818 1094 ⁰⁸³⁰*

172 1171 415 1235 similitudinem
438 1171 555 1234 divinae
579 1171 643 1233 luci
670 1189 734 1234 non
764 1170 827 1234 nisi
854 1178 923 1234 tan-
976 1180 1090 1235 creatae
1112 1171 1193 1234 lucis
1215 1170 1445 1253 plenitudinem
1468 1170 1592 1233 asserit.

171 1289 269 1351 quam
285 1270 394 1351 ignoto
408 1288 601 1351 prorsusque
616 1268 922 1352 incomprehensibi·
1015 1270 1050 1333 ln
1071 1271 1155 1333 hane
1181 1287 1275 1351 porro
1301 1268 1470 1350 caliginem
1496 1286 1560 1349 quo
1587 1266 1724 1349 amplius

172 1367 195 1430 li
211 1368 333 1430 unitur.
349 1367 492 1448 Denique
507 1367 589 1429 visio
602 1367 670 1429 boc
686 1366 719 1428 in
734 1366 825 1449 apice
843 1366 922 1429 alle-
977 1389 1067 1432 mens
1083 1369 1152 1451 ipsa
1167 1368 1354 1450 ingreditur,
1362 1386 1399 1431 eo
1415 1365 1639 1431 intellectualis
1653 1365 1725 1447 ejus

172 1474 244 1529 ctus
257 1474 609 1530 consummaturzamor
620 1466 739 1547 quippe
751 1465 923 1548 ingreditur
976 1468 1062 1531 acies
1091 1466 1314 1529 vehementius
1348 1466 1579 1544 reverberatur,
1609 1463 1725 1544 caligat

172 1564 229 1628 nbi
258 1564 373 1629 notitia
406 1564 521 1627 delicit
547 1563 688 1645 lorisque
717 1572 835 1627 manet.
865 1564 923 1627 Per
976 1571 1008 1628 et
1022 1573 1206 1629 excaecatur.
1224 1564 1286 1626 Sed
1301 1572 1331 1625 el
1346 1582 1451 1626 sermo
1472 1582 1598 1645 quoque
1612 1580 1724 1625 secun·
1750 1579 1780 1623 oe
1793 1578 1869 1623 ruer.

172 1663 331 1726 actualem
346 1662 452 1743 itaque
472 1662 614 1725 omnium
633 1662 857 1743 ignorantiam,
874 1682 923 1724 ar
977 1664 1053 1725 dum
1068 1662 1277 1744 ingressionis
1293 1661 1471 1743 analogiam
1488 1660 1725 1739 minuitur,tan-
1738 1648 1869 1698 ⁰¹Y'²·⁸·¹¹¹·

171 1760 460 1841 dentissimumque
488 1777 641 1836 amorem,
667 1759 859 1841 pertingitur
883 1760 922 1821 ad
977 1762 1113 1842 demque
1138 1760 1269 1824 omnino
1294 1760 1414 1837 delicit,
1437 1750 1578 1842 itemque
1602 1758 1722 1821 finitur.

170 1858 340 1939 mysticam
373 1856 541 1919 visionem.
572 1856 619 1919 Ad
646 1874 788 1919 amorem
817 1864 923 1919 autem
937 1857 961 1919 B
976 1859 1157 1935 Enimvero,
1174 1858 1403 1940 superveniens
1424 1857 1536 1937 menti,
1553 1857 1669 1919 divina
1689 1876 1726 1919 ac

170 1951 353 2018 Divinitatis
377 1954 507 2037 plenum
532 1962 627 2035 atque
650 1962 848 2033 estuantem,
869 1974 925 2017 ne·
978 1957 1262 2039 incircumscriptas
1294 1956 1445 2019 claritatis
1479 1954 1725 2019 interminabilis

170 2072 263 2117 cesse
282 2052 414 2117 omnino
427 2059 476 2115 est
489 2061 629 2115 mentem
649 2052 729 2114 nulli
746 2053 791 2115 rei
812 2061 924 2116 creata)
978 2056 1129 2137 splendor
1150 2056 1273 2118 vultum
1293 2054 1363 2135 ejus
1386 2053 1593 2132 obtenebrat;
1610 2053 1727 2115 cernit-

170 2150 353 2214 inordinate
384 2149 487 2226 allici,
518 2150 646 2213 incendi
678 2158 731 2212 aut
765 2150 922 2231 immergi,
978 2172 1040 2235 que
1056 2153 1173 2233 anima,
1189 2153 1269 2215 nihil
1285 2171 1415 2235 prorsus
1430 2170 1624 2233 eorumquae
1639 2159 1723 2229 sunt,

172 2250 228 2312 sed
255 2249 389 2312 liberam
413 2248 514 2329 magis
541 2257 573 2311 et
593 2249 711 2310 nudam
736 2249 924 2312 absolutam
978 2251 1070 2313 illum
1098 2270 1180 2329 esse,
1210 2252 1265 2313 sed
1294 2250 1556 2333 superexaltatam
1585 2250 1727 2331 supervi-

171 2367 235 2429 que
250 2365 333 2409 esse.
978 2356 1169 2429 ventumque
1180 2356 1212 2411 et
1223 2347 1299 2410 item
1312 2347 1646 2430 supersubstantialem
1659 2348 1727 2429 ejus

211 2445 326 2507 Omnia
340 2442 438 2525 igitur
453 2442 636 2523 relinquens
651 2452 744 2525 atque
759 2462 925 2526 super-gre
978 2456 1137 2525 naturam,
1158 2445 1452 2528 incomparabiliter
1474 2452 1569 2527 atque
1593 2444 1728 2508 immen-

171 2543 278 2620 diens,
290 2542 430 2623 itemque
445 2541 692 2605 aestuantissimo
706 2541 865 2604 desiderio
880 2542 925 2604 vi·
979 2564 1013 2607 se
1033 2553 1148 2609 cuncta
1169 2545 1393 2607 transcendere
1411 2566 1417 2605 :
1435 2553 1466 2607 et
1485 2544 1517 2605 id
1540 2543 1645 2625 ipsum
1665 2544 1728 2607 erit

171 2640 271 2704 dendi
288 2640 386 2702 Deum
402 2658 492 2701 mens
503 2636 656 2720 flagrans,
663 2639 830 2721 mysticam
841 2640 924 2703 hanc
978 2643 1154 2706 intellectui
1171 2661 1374 2724 cognoscere,
1383 2642 1490 2705 videre
1505 2641 1597 2704 illum
1612 2641 1727 2705 inelle-

172 2738 365 2819 tbeologiam
380 2737 518 2801 sortitur.
525 2737 581 2799 Est
594 2737 681 2800 enim
694 2738 828 2819 mystica
843 2738 926 2802 tlteo
979 2740 1077 2804 bilem
1092 2739 1659 2823 incognoscibilemquefexsistere.Et
1673 2740 1727 2803 de-

175 2838 275 2920 logia,
297 2834 510 2899 secretissima
529 2854 566 2898 ac
586 2835 769 2898 immediata
789 2837 925 2899 excessi·
979 2858 1079 2917 mum,
1092 2857 1155 2920 quo
1170 2838 1249 2900 illud
1265 2838 1382 2901 clarius
1398 2837 1601 2919 intellexerit,
1612 2856 1650 2901 eo
1665 2838 1726 2900 uti-

172 2955 279 3017 vaque
294 2934 411 2998 mentis
425 2952 498 2997 cum
514 2934 578 2996 Deo
593 2933 720 2997 locutio.
736 2934 793 2996 Est
806 2934 924 3016 quippe
979 2956 1041 3018 que
1074 2936 1241 2999 sublimius
1270 2936 1437 3018 veriusque
1465 2936 1563 2998 Deum
1592 2936 1723 3000 videbit.

172 3034 390 3097 secretissima
407 3056 414 3095 :
431 3031 583 3113 quoniam
604 3033 645 3095 ab
665 3031 767 3094 oculis
781 3032 923 3095 omnium
942 3032 1330 3116 Gl’erpendetequidem,
1347 3034 1431 3115 quod
1447 3052 1506 3096 nec
1520 3052 1648 3115 genere,
1665 3052 1725 3097 neo

172 3132 368 3197 sensualiter
390 3139 422 3195 et
445 3132 621 3193 secundum
650 3130 814 3194 bominem
839 3149 925 3193 com·
980 3133 1098 3214 specie,
1115 3151 1175 3195 nec
1197 3150 1339 3209 numero,
1357 3132 1467 3194 divina
1490 3132 1627 3195 essentia
1652 3150 1725 3195 oum

172 3233 304 3295 munive
320 3232 384 3294 vita
398 3231 587 3308 viventium,
603 3238 704 3293 exstat
717 3231 922 3308 abscondita3
979 3232 1107 3294 entibus
1129 3230 1244 3294 creatis
1270 3230 1504 3307 communicat3
1521 3232 1574 3293 sed
1599 3230 1626 3292 si
1649 3230 1726 3313 quid

171 3338 204 3393 et
222 3350 345 3410 rursus,
361 3330 436 3411 quia
455 3348 520 3393 non
539 3328 602 3391 nisi
623 3348 693 3391 eam
718 3328 848 3408 sortitis,
868 3329 922 3410 qui
979 3348 1179 3411 eorumquae
1200 3329 1294 3391 rebus
1314 3336 1509 3409 competunt,
1526 3329 1589 3391 Deo
1609 3330 1727 3391 adscri-

171 3426 362 3510 paucissimi
386 3434 471 3507 sunt,
494 3426 675 3489 innotescit.
702 3426 842 3508 Denique
866 3426 925 3489 im·
979 3428 1084 3507 batur,
1100 3444 1164 3489 non
1180 3426 1240 3488 erit
1258 3426 1319 3488 boc
1338 3425 1486 3504 univoce,
1503 3426 1559 3488 sed
1578 3445 1635 3507 per
1653 3445 1727 3489 cau-

171 3525 314 3588 mediata
336 3542 462 3606 quoque
481 3532 530 3587 est
546 3548 553 3587 :
569 3523 721 3605 quoniam
743 3542 846 3604 neque
867 3542 924 3605 per
979 3544 1048 3587 sam
1068 3532 1101 3587 et
1124 3523 1296 3605 exemplar.
1313 3525 1448 3606 Ideoque
1472 3523 1589 3586 latetur
1612 3524 1727 3607 Diony-

172 3621 355 3704 symbolum
384 3629 440 3685 aut
469 3621 644 3703 imaginem
672 3620 836 3684 sensibilis
864 3621 922 3699 rei,
980 3623 1046 3684 sius
1061 3646 1067 3683 :
1081 3623 1146 3685 Hoc
1162 3630 1210 3684 est
1224 3622 1401 3703 (inquiens)
1415 3622 1513 3684 Deum
1529 3642 1603 3685 vere
1618 3622 1726 3685 videre
1741 3636 1794 3681 tute.
1810 3648 1830 3680 a.
1845 3650 1868 3680 n.

173 3722 230 3783 sed
245 3721 281 3782 in
295 3720 439 3783 claritate
453 3719 557 3781 divini
574 3720 681 3783 animo
697 3727 802 3781 creato
824 3717 923 3780 inlusi
980 3728 1012 3783 et
1026 3720 1578 3803 cognoscere,supersubstantialem
1593 3740 1650 3802 per
1664 3738 1728 3783 om·

172 3818 354 3900 splendoris
368 3818 535 3899 contingit.
550 3817 690 3898 Simplex
704 3836 842 3898 namque
856 3816 925 3898 qui·
978 3819 1069 3881 nium
1085 3818 1204 3881 entium
1225 3818 1418 3881 ablationem
1440 3819 1727 3900 supersubstantia-

172 3917 247 3978 dam
262 3914 379 3979 divinae
392 3923 578 3997 amneque
594 3914 675 3978 lucis
696 3914 804 3978 radius
825 3914 924 3977 menti
979 3917 1051 3980 liter
1072 3918 1215 3981 laudaro.

172 4014 363 4095 impressus,
378 4032 449 4075 eam
473 4012 567 4095 erigit
590 4021 622 4075 et
645 4013 770 4075 exaltat.
791 4014 925 4093 insuper
1018 4015 1138 4098 Itaque,
1165 4015 1286 4096 quoin
1313 4014 1364 4077 bis
1392 4033 1463 4096 quae
1491 4017 1531 4079 ad
1559 4016 1726 4098 mysticam

173 4111 258 4175 visio
272 4111 517 4175 hocexcessiva
532 4111 698 4175 consistit:
713 4110 751 4173 lit
765 4110 852 4174 enim
867 4130 925 4193 per
978 4116 1061 4179 banc
1090 4114 1282 4196 theologiam
1311 4114 1490 4177 necessaria
1518 4114 1585 4178 lore
1614 4116 1728 4197 praein-

173 4210 325 4274 eostasim
339 4210 574 4291 quamdamque
588 4210 704 4272 mentis
719 4211 924 4274 transforma·
939 4210 963 4271 ll
978 4214 1066 4292 duxi,
1083 4220 1150 4275 erat
1165 4212 1259 4275 Maria
1275 4212 1442 4276 sublimior
1456 4213 1643 4294 cunctisque
1657 4232 1727 4295 per-

173 4310 296 4373 tionem
311 4310 344 4371 in
358 4308 582 4386 desideratum,
600 4310 814 4390 supergressis
834 4310 925 4371 item·
978 4311 1104 4390 lectior,
1130 4330 1168 4375 eo
1193 4311 1301 4402 utique
1325 4311 1408 4373 banc
1431 4310 1486 4374 Dei
1510 4311 1664 4375 visionem
1693 4313 1727 4373 in

173 4428 239 4490 que
261 4407 381 4470 relictis
402 4407 517 4469 creatis
538 4406 707 4469 universis.
979 4410 1070 4472 terris
1085 4409 1291 4473 excellentius
1307 4408 1420 4489 adepta
1440 4416 1498 4471 est.
1515 4409 1646 4491 Nempe,
1664 4428 1728 4492 quo

214 4507 455 4583 Verumtamen,
470 4524 570 4587 quum
590 4506 699 4568 lumen
718 4524 813 4569 omne
837 4525 924 4569 crea·
979 4508 1185 4571 sanctissime
1200 4507 1301 4589 ipsius
1316 4506 1428 4569 mentis
1444 4508 1656 4588 tranquillitas
1671 4517 1729 4572 sta·

173 4615 245 4667 tum
261 4603 925 4685 alontanoillo,supersplendenti,super-
979 4606 1085 4686 bilior,
1115 4624 1178 4687 quo
1208 4606 1364 4687 sapientia
1391 4604 1518 4685 clarior,
1549 4625 1611 4687 quo
1640 4626 1729 4671 amor

174 4704 273 4786 pleno
287 4722 324 4765 ac
346 4700 488 4765 increato
509 4702 629 4763 lumine
648 4701 778 4765 infinito
796 4721 925 4766 occum-
977 4705 1174 4782 aestuantior‚
1191 4722 1254 4786 quo
1270 4703 1397 4766 libertas
1417 4703 1589 4767 absolutior
1609 4712 1641 4768 et
1661 4724 1729 4769 om-

174 4800 344 4880 bat,distet
358 4809 454 4880 atque
468 4798 610 4877 deficiat,
618 4800 652 4861 in
664 4801 858 4882 praeinducta
869 4801 923 4865 Dei
978 4803 1027 4865 nis
1041 4802 1076 4864 in
1093 4821 1129 4864 ea
1144 4801 1244 4884 gratia
1260 4801 1428 4883 copiosior,
1444 4820 1482 4863 eo
1497 4801 1727 4883 perlectionem

175 4897 445 4981 contemplatione
463 4916 664 4979 nequaquam
685 4898 773 4962 videt
793 4900 923 4981 spiritus
977 4900 1060 4963 banc
1076 4901 1265 4963 deiformem
1281 4907 1375 4981 atque
1393 4898 1579 4962 altissimam
1601 4900 1726 4981 plenius

174 4998 214 5060 de
235 4997 301 5059 Deo
323 4996 400 5077 quid
420 4996 471 5072 sit,
492 4995 548 5059 sed
571 4996 732 5058 dumtaxat
756 4996 833 5077 quid
857 5015 922 5060 non
976 4997 1089 5060 sortita
1117 5004 1176 5059 est.
1201 4996 1239 5058 Et
1268 4996 1396 5077 quidem
1425 4997 1459 5058 in
1488 4997 1647 5078 prodieris
1676 4999 1727 5060 his

173 5095 226 5157 sit.
244 5093 313 5157 Non
327 5094 414 5156 enim
428 5112 487 5176 per
501 5093 703 5174 positionem,
722 5094 777 5155 sed
792 5093 923 5157 ablatio
976 5094 1257 5175 incomparabilem
1273 5113 1342 5157 eam
1363 5095 1531 5173 exstitisse,
1548 5096 1662 5177 partim
1678 5097 1725 5177 (ni

172 5212 261 5270 nem,
278 5192 409 5273 praecise
423 5191 618 5274 conspicitur
640 5192 850 5273 laudaturque
869 5194 923 5255 de·
976 5193 1084 5273 lallor)
1105 5194 1217 5275 patuit,
1239 5193 1438 5274 lucidiusque
1461 5193 1630 5257 elucescet.
1648 5194 1727 5258 Proe-
1746 5212 1869 5265 satque

173 5292 330 5357 sideratus
362 5290 396 5353 in
431 5290 648 5374 speculatione
679 5290 918 5374 prenominata.
975 5300 1073 5371 terea,
1098 5310 1198 5375 quum
1222 5290 1319 5355 luerit
1341 5291 1443 5355 llario
1467 5290 1630 5356 humilitas
1654 5288 1800 5378 prom*
