4309 6259
344 1675 357 1730 l

834 505 991 555 mosetto
1011 502 1111 551 mutu
1134 504 1141 550 :
1164 503 1246 559 nisu,
1269 501 1428 549 salvanda
1449 501 1562 549 sacnti

928 800 1239 889 Expostulo
1283 800 1473 884 HYllNI

467 1078 535 1143 lsrn
549 1079 679 1143 omnino
695 1078 805 1142 similis
820 1086 869 1141 est
883 1078 992 1147 forma
1008 1094 1081 1138 cum
1096 1092 1175 1156 pra
1189 1074 1214 1134 A
1229 1090 1352 1133 merum
1367 1072 1399 1133 in
1411 1071 1621 1134 multitudine.
1630 1071 1736 1135 llerito
1748 1090 1823 1153 ergo
1834 1072 1877 1135 ait
1887 1092 1980 1136 sacra

427 1178 572 1257 cedente,
590 1187 622 1241 et
636 1177 802 1240 amborum
822 1176 889 1239 fere
910 1175 1020 1238 eadem
1041 1181 1090 1236 est
1104 1192 1176 1235 sen·
1229 1170 1389 1251 Scriptura
1411 1169 1443 1232 in
1465 1169 1522 1232 Job
1546 1193 1552 1230 :
1576 1169 1734 1250 Numquid
1755 1178 1803 1233 cst
1823 1190 1979 1233 uumerus
1994 1191 2120 1242 :aenas
2141 1175 2142 1220 ἒ

427 1276 525 1338 tentia
547 1276 722 1356 eademque
742 1274 885 1351 materia,
907 1272 1094 1354 supplicatio
1117 1270 1176 1332 sci-

427 1373 502 1436 licet
516 1375 554 1436 ad
570 1392 681 1437 omnes
697 1374 885 1436 Sanctorum
900 1372 1016 1453 gradus
1036 1377 1071 1432 ut
1084 1376 1176 1432 orent

427 1488 485 1552 pro
499 1470 601 1535 nobis.

473 1670 572 1739 aad,
593 1672 738 1728 salvator
765 1668 887 1727 saccali.
913 1666 969 1727 Hic
994 1664 1131 1745 hymnus
1156 1680 1175 1723 a

483 1766 680 1847 praecedente
694 1764 727 1826 iu
744 1784 840 1826 sensu
856 1762 1037 1845 permodice
1052 1760 1172 1836 differt,

425 1872 458 1925 et
471 1864 556 1944 quod
570 1863 603 1924 iu
619 1862 745 1926 exordio
759 1862 885 1939 dicitur,
902 1884 918 1921 a
935 1860 1019 1938 Jesu,
1037 1858 1176 1921 salrator

426 1962 533 2025 saculi
548 1984 579 2040 n,
596 1962 680 2023 idem
695 1968 744 2023 est
758 1978 831 2022 cum
847 1959 973 2021 exordio
988 1958 1073 2019 illius
1089 1957 1176 2037 hym-

280 2074 316 2131 cf.
326 2074 411 2130 aare.
427 2060 458 2121 ui
470 2083 477 2120 :
487 2060 618 2136 Christe,
630 2059 810 2140 redemptor
824 2057 977 2119 omnium.
986 2057 1175 2131 Redemptis

426 2177 483 2235 ope
497 2160 644 2226 saraceni,
661 2155 722 2219 hoc
738 2164 795 2233 est,
813 2153 904 2217 uobis
923 2152 1036 2216 merito
1055 2172 1092 2215 ac
1111 2152 1173 2213 rir-

1229 1267 1364 1329 militum
1390 1268 1481 1349 ejusl
1506 1268 1669 1348 Praeterea,
1693 1286 1893 1350 nequaquam
1920 1289 1979 1350 pu-

1228 1366 1360 1427 tandum
1384 1366 1468 1446 quod
1493 1385 1531 1428 ex
1559 1366 1679 1447 augelis
1707 1366 1825 1427 sanctis
1854 1375 1886 1429 et
1910 1367 1980 1429 aui-

1230 1463 1341 1525 mabus
1357 1464 1456 1526 beatis
1476 1463 1593 1545 duplex
1613 1472 1736 1527 constet
1750 1463 1902 1543 Ecclesia,
1920 1466 1978 1529 sed

1229 1581 1293 1625 una
1321 1563 1437 1642 totalis,
1463 1563 1586 1643 integra
1614 1570 1647 1623 et
1675 1562 1816 1644 perfecta
1845 1563 1979 1626 resultat

1229 1660 1370 1723 Ecclesia
1391 1681 1430 1723 ex
1450 1661 1537 1741 ipsis
1555 1662 1597 1722 ita
1619 1661 1703 1741 quod
1724 1661 1838 1724 anima
1859 1670 1978 1724 sauctae

1230 1768 1323 1841 atque
1347 1761 1446 1822 beatae
1471 1761 1509 1822 ad
1532 1760 1717 1841 angelorum
1741 1760 1868 1823 ordines
1889 1780 1978 1823 assu-

1229 1867 1359 1920 muntur
1379 1859 1506 1921 altiores
1528 1867 1582 1920 aut
1602 1857 1779 1938 inferiores,
1796 1858 1884 1939 juxta
1905 1878 1979 1923 suo

1229 1976 1299 2018 rum
1329 1955 1518 2038 exigentiam
1546 1956 1742 2036 meritorum,
1769 1965 1801 2018 et
1825 1966 1919 2038 prout
1944 1958 1978 2019 iu

1230 2055 1358 2118 caritate
1381 2054 1510 2116 fuerunt
1532 2054 1633 2135 magis
1657 2062 1710 2115 aut
1738 2054 1843 2116 minus
1873 2054 1978 2135 perfe-

1231 2161 1288 2215 ctae
1315 2176 1322 2214 :
1351 2153 1409 2214 uisi
1438 2153 1523 2233 quod
1553 2151 1649 2233 aliqui
1677 2151 1883 2234 probabiliter
1909 2153 1978 2233 opi-

425 2262 493 2317 tutc
508 2262 569 2317 tua
585 2253 750 2335 passionis,
768 2252 832 2315 imo
854 2260 886 2315 et
906 2250 1001 2316 totius
1023 2259 1083 2312 tua
1098 2268 1173 2312 con·
1192 2250 1356 2330 Bnantur,
1386 2252 1471 2332 quod
1501 2251 1613 2313 animae
1647 2249 1875 2331 innocentium,
1905 2270 1977 2332 quae

425 2352 611 2415 versationis
627 2351 658 2412 in
679 2352 797 2413 mundo
816 2351 888 2429 hoc,
904 2369 923 2412 a
943 2357 1031 2412 reatu
1050 2348 1172 2430 peccati

425 2459 456 2513 et
471 2458 624 2532 potestate
639 2449 757 2513 diaboli
772 2449 911 2511 liberatis
927 2448 1173 2511 succurrefota

423 2548 542 2611 etenim
558 2548 621 2610 vita
636 2547 805 2610 Salvatoris
826 2547 865 2609 ab
888 2546 1014 2609 exordio
1029 2546 1172 2608 iucarna-

424 2646 518 2710 tionis
534 2645 594 2709 fuit
608 2645 759 2709 continua
774 2644 920 2727 expiatio,
938 2644 1066 2722 oblatio,
1084 2644 1173 2706 satis-

425 2744 521 2808 factio
543 2763 600 2827 pro
622 2744 748 2826 generis
770 2743 901 2805 humaui
921 2742 1059 2824 peccatis
1076 2765 1083 2803 :
1101 2761 1172 2823 quae

424 2842 569 2923 expiatio,
594 2842 721 2919 oblatio,
749 2841 921 2904 satisfactio
944 2841 976 2902 in
1000 2840 1078 2903 hora
1102 2858 1172 2921 pas-

423 2941 522 3003 sionis
548 2941 667 3004 exstitit
692 2948 921 3003 consummata.
949 2943 1005 3010 Et,
1026 2942 1086 3015 pia
1110 2941 1173 3000 Dei

426 3040 595 3109 Geaitriaa,
608 3055 679 3118 quaa
701 3037 734 3099 iu
755 3037 877 3100 viscera
898 3036 1034 3099 caritatis
1057 3044 1089 3098 et
1108 3036 1173 3117 pie-

424 3133 496 3195 tatis
511 3134 602 3214 quasi
616 3140 681 3196 tota
696 3152 851 3197 conversa
867 3152 912 3211 es,
929 3137 1068 3193 satutem
1078 3151 1173 3209 posce

425 3235 567 3302 miseris,
591 3232 703 3311 idest,
728 3231 913 3294 miserrimis
938 3230 1028 3293 nobis
1053 3232 1172 3294 orando

425 3328 560 3411 impetra
575 3329 707 3411 gratiam
724 3338 755 3392 ct
770 3329 914 3392 salutem.

1229 2349 1317 2411 nullo
1341 2348 1468 2431 proprio
1492 2347 1604 2410 merito
1629 2356 1867 2428 consequuntur
1894 2348 1978 2410 salu-

1229 2455 1303 2525 tem,
1330 2446 1500 2527 specialem
1526 2446 1719 2509 constituant
1743 2446 1887 2509 chorum.
1909 2447 1975 2510 Hoc

1227 2563 1354 2625 quoquc
1382 2545 1466 2625 quod
1496 2545 1536 2606 dc
1565 2544 1781 2625 assumptione
1810 2543 1974 2606 hominurn

1228 2643 1400 2706 electorum
1416 2642 1455 2704 ad
1470 2642 1597 2705 ordines
1612 2641 1776 2704 beatorum
1790 2642 1976 2723 augelorum

1227 2741 1358 2819 asserui,
1382 2740 1493 2803 beatus
1515 2760 1551 2802 ac
1573 2740 1729 2826 gloriosus
1750 2739 1918 2822 Gregorius
1944 2741 1977 2802 iu

1227 2839 1356 2902 homilia
1376 2858 1413 2901 ac
1433 2839 1463 2901 S.
1486 2838 1669 2900 Ambrosius
1690 2857 1787 2920 super
1806 2838 1976 2920 psalmum,

1227 2938 1312 3001 Beati
1327 2936 1520 2999 immaculati
1535 2937 1567 2998 in
1582 2936 1644 3015 via,
1660 2944 1825 2999 testantur.
1842 2936 1975 3017 idcirco,

1228 3037 1311 3117 quod
1336 3036 1369 3098 iu
1395 3054 1541 3098 sermone
1565 3036 1605 3098 de
1630 3036 1847 3116 assumptione
1873 3055 1977 3099 sacra-

1228 3132 1355 3195 tissima
1379 3141 1474 3214 atque
1498 3132 1731 3215 gloriosissima
1760 3132 1891 3214 virginis
1915 3134 1977 3197 lda-

1228 3230 1292 3308 riae,
1317 3230 1473 3311 gloriosus
1498 3250 1535 3293 ac
1562 3230 1672 3293 beatus
1694 3230 1738 3292 ait
1755 3229 1975 3313 Hieronymus,

1228 3330 1312 3410 quod
1336 3329 1480 3410 quamvis
1509 3329 1625 3391 sanctis
1655 3328 1837 3393 hominibus
1867 3329 1977 3391 simili-

465 3431 570 3490 Coetur
580 3448 688 3489 omnes
697 3431 847 3505 anpettat.
857 3427 972 3491 Omnes
984 3427 1086 3510 angeli
1099 3434 1173 3489 suut
1193 3427 1303 3491 (itudo
1318 3426 1476 3490 felicitatis
1488 3426 1638 3509 angelicae
1649 3425 1853 3509 promittitur,
1861 3427 1976 3489 veritas

383 3534 385 3538 '
424 3546 507 3589 unus
531 3535 631 3590 coetus
657 3526 854 3603 universalis,
879 3526 994 3604 totalis,
1018 3527 1076 3590 sub
1099 3544 1173 3607 rege

424 3644 499 3705 uuo,
517 3626 658 3688 omnium
680 3626 837 3705 Creatore,
858 3624 1090 3687 ordinatissime
1111 3625 1175 3686 dis-

423 3724 519 3807 positi
535 3744 571 3787 ac
587 3724 793 3787 saluberrime
809 3724 1174 3805 triumphanteszquam-

424 3822 471 3885 vis
496 3830 570 3884 suut
595 3822 702 3903 plures
727 3830 827 3884 coetus
850 3822 1066 3901 particulares,
1091 3821 1174 3883 sicut

425 3928 456 3982 et
471 3919 579 4001 plures
595 3919 682 3982 chori
698 3939 734 3982 ac
755 3918 893 3982 ordines.
911 3919 997 3980 Unde
1016 3918 1093 3979 dixit
1108 3918 1173 3980 Sal-

309 4034 397 4079 aeca.
425 4025 515 4080 vator
535 4024 679 4098 tempore
704 4016 858 4097 passionis
881 4016 1039 4079 :Possum
1062 4035 1173 4098 rogare

279 4112 335 4151 xxrr,
349 4101 383 4141 5³.

425 4116 548 4177 Patrem
564 4132 682 4194 meum,
692 4121 724 4176 et
738 4112 897 4176 exhibebit
911 4113 987 4175 mihi
1004 4113 1172 4195 plusquam

425 4212 593 4276 duodecim
605 4212 746 4293 legiones
758 4212 953 4293 augelorum.
962 4212 1131 4293 Deinceps,
1139 4220 1173 4274 ut

1227 3535 1334 3589 tamen
1350 3534 1494 3608 negatur,
1511 3525 1586 3587 satis
1607 3525 1742 3589 obscure
1757 3526 1916 3608 prolatum
1930 3526 1977 3587 vi-

1228 3626 1343 3686 detur:
1365 3623 1429 3685 imo
1448 3622 1509 3685 uisi
1530 3622 1643 3685 animat
1663 3632 1780 3686 sauctae
1801 3624 1840 3685 ad
1862 3624 1976 3686 choros

1228 3720 1413 3803 augelorum
1437 3722 1601 3784 beatorum
1626 3740 1701 3783 vere
1727 3730 1974 3799 assumerentur,

1229 3821 1319 3882 ruina
1342 3819 1528 3901 angelorum
1554 3838 1592 3881 ex
1618 3818 1750 3900 siugulis
1779 3828 1834 3881 aut
1863 3819 1976 3882 saltem

1228 3919 1371 4001 pluribus
1387 3917 1491 3981 choris
1506 3917 1601 3996 facta,
1619 3936 1656 3979 ex
1671 3916 1837 3979 animabus
1858 3917 1976 3980 sanctis

1227 4026 1321 4097 atque
1337 4016 1436 4079 beatis
1454 4034 1517 4078 nou
1538 4016 1787 4092 instauraretur3
1804 4015 1977 4078 beatissimi

1227 4133 1352 4195 quoque
1379 4122 1411 4177 et
1440 4113 1656 4195 gloriosissimi
1677 4113 1827 4202 ⁴hpostoli
1856 4112 1976 4175 infimis

1227 4212 1346 4293 angelis
1368 4212 1484 4274 sanctis
1500 4210 1665 4275 inferiores
1680 4218 1787 4274 essent
1808 4212 1840 4272 in
1862 4210 1972 4292 gloria.

289 4328 411 4373 necata.
426 4310 641 4375 divinissimus
657 4310 822 4391 Dionysius
838 4318 885 4373 cst
900 4310 1028 4389 effatus,
1047 4312 1080 4372 in
1095 4330 1173 4392 quo-
1226 4312 1504 4372 Patriarclrarum
1539 4312 1637 4369 canei
1669 4319 1699 4368 et
1731 4311 1975 4385 Prophetarum

279 4392 411 4441 ¹¹¹⁶‘'⁰·¹⁹'¹'
426 4409 504 4472 libet
525 4409 622 4471 choro
644 4416 718 4471 sunt
739 4408 844 4489 primi,
865 4409 960 4471 medii
980 4429 1016 4471 ac
1037 4410 1138 4471 ultimi
1161 4433 1168 4470 :
1226 4409 1357 4477 merita,
1378 4406 1438 4469 hoc
1463 4415 1510 4468 est
1531 4406 1592 4487 ipsi
1612 4405 1799 4469 Patriarcbaa
1820 4414 1852 4469 et
1874 4406 1976 4469 sancti

289 4522 411 4581 cccxxi,
426 4507 480 4587 qui
495 4507 589 4570 etiam
605 4514 806 4589 protestatur,
823 4508 906 4587 quod
922 4514 1040 4588 quanto
1056 4508 1171 4569 chorus
1226 4504 1397 4585 Prophetae,
1424 4507 1516 4564 uobis
1537 4514 1730 4580 precentur,
1754 4504 1785 4566 id
1815 4512 1874 4582 est,
1904 4522 1976 4585 pre-

426 4625 482 4668 seu
497 4606 574 4668 ordo
588 4604 772 4686 augelorum
787 4614 835 4666 est
850 4605 953 4683 altior,
964 4613 1049 4668 tanto
1065 4605 1171 4687 plures
1186 4604 1211 4665 D
1226 4602 1327 4665 cando
1342 4620 1398 4683 pro
1413 4601 1505 4663 nobis
1520 4601 1693 4681 obtineant,
1710 4604 1851 4663 veniam.

277 4602 299 4643 p.
309 4587 384 4631 2320'.

424 4704 456 4766 in
473 4723 506 4765 se
526 4702 667 4765 continet
681 4712 713 4764 et
728 4701 860 4764 includit
876 4722 1043 4783 personas,
1056 4703 1131 4780 imo,
1140 4712 1174 4765 ut
1266 4702 1419 4776 Baptista
1441 4701 1566 4761 Christi
1582 4702 1742 4777 praevias,
1765 4699 1825 4762 hoc
1848 4706 1897 4762 est
1919 4697 1975 4761 be
2046 4724 2066 4779 3

423 4823 462 4865 ex
485 4800 605 4863 eisdem
627 4801 732 4881 magni
754 4800 892 4882 Dionysii
913 4801 1018 4863 verbis
1044 4809 1172 4863 sauctus

423 4909 518 4981 atque
539 4899 695 4981 gloriosus
717 4900 851 4961 Thomas
874 4899 1001 4976 fatetur,
1022 4900 1173 4979 quemad-

423 4999 553 5061 modum
578 5015 711 5079 corpora
735 4995 875 5058 coelestia
899 4994 989 5075 quasi
1011 4996 1173 5077 incompa-

423 5096 563 5159 rabiliter
578 5096 734 5158 exceduut
749 5111 881 5173 corpora
895 5091 1044 5155 inferiora
1058 5092 1091 5153 iu
1106 5113 1172 5156 ma-

421 5194 597 5277 gnitudine,
616 5192 661 5254 sic
681 5190 853 5255 beatissimi
872 5198 966 5272 atque
982 5191 1172 5253 sanctissimi

423 5292 550 5377 spiritus
567 5290 613 5352 illi
629 5289 763 5369 angelici
774 5307 901 5352 omnem
916 5288 1103 5352 inferiorum
1119 5309 1174 5352 nu·

1226 4797 1385 4859 atissimus
1410 4798 1546 4860 Joanncs
1572 4797 1720 4878 baptista,
1747 4797 1973 4878 Prophetarum

1226 4915 1263 4957 ac
1279 4894 1529 4957 Patriarcharum
1545 4894 1689 4973 eximius,
1706 4895 1824 4976 quippe
1843 4912 1907 4975 quo
1925 4894 1975 4956 iu·
1998 4927 2125 4976 mm„

1227 5001 1274 5055 ter
1288 5000 1378 5055 natos
1392 4992 1561 5054 mulierum
1578 4991 1691 5073 major,
1706 4992 1738 5054 id
1759 5000 1808 5055 cst
1823 4992 1972 5072 sanctior,
1989 4992 2028 5034 ¹¹·

1226 5110 1290 5154 non
1306 5090 1450 5170 surrexit,
1467 5100 1498 5151 et
1511 5093 1656 5167 ataarper
1669 5092 1840 5160 ethereas,
1851 5090 1912 5153 hoc
1925 5097 1976 5153 est

1226 5188 1455 5251 sacratissimus
1484 5189 1592 5251 Petrus
1617 5188 1792 5269 apostolus,
1820 5187 1874 5250 oui
1908 5187 1977 5270 ple-

1227 5287 1337 5351 nitudo
1365 5286 1587 5351 ecclesiasticae
1616 5286 1779 5368 potestatis
1808 5306 1827 5349 a
1851 5284 1976 5349 Christo
