4309 6259
467 492 527 559 390
624 511 664 559 nn
686 512 886 560 semmuro
906 511 1036 561 xtrams
1057 514 1094 558 ar
1114 512 1212 559 mssn
1234 512 1459 560 cunnensrrorm
1479 514 1637 561 clxxoous.
1660 532 1701 543 —
1721 514 1791 561 sur.
1809 512 1857 565 ,vu

467 684 531 761 tia,
552 684 591 746 ad
610 683 875 747 excellentissima
894 684 1109 765 perducantur
1132 682 1256 746 honah
1309 682 1442 764 Insuper
1464 690 1697 747 sacramentum
1722 684 1783 747 hoc
1808 684 1864 747 rite
1886 684 1998 747 Sacrifi-

468 782 630 847 felicitatis
649 791 773 845 eternae
790 805 796 843 :
814 782 959 864 quamvis
978 789 1078 845 totum
1101 782 1139 844 ad
1161 782 1215 844 Dei
1270 780 1356 843 cium
1380 780 1567 862 appellatur,
1589 780 1739 862 quoniam
1761 781 1872 844 Christi
1894 783 1999 864 passio-
2101 842 2102 861 ,

469 881 622 944 honorem
646 888 678 943 et
701 880 847 963 gloriam,
866 880 990 961 justitia
1014 880 1159 961 exigente
1184 888 1215 943 et
1269 897 1342 940 nem
1365 878 1430 959 jam
1454 877 1572 941 factam
1591 888 1623 942 et
1642 878 1712 959 ejus
1732 879 1766 941 in
1791 898 1882 943 cruce
1901 880 1998 944 immo

469 980 624 1061 sapientia
645 998 717 1041 mea
736 980 887 1057 dictante,
904 979 1078 1057 retulerim,
1095 978 1215 1060 absque
1270 976 1431 1053 lationem,
1468 976 1655 1057 dignissime
1690 985 1890 1059 representat
1915 986 1997 1060 atque

468 1086 581 1141 vestre
607 1078 840 1141 commoditatis
868 1097 905 1141 ac
934 1077 1095 1140 felicitatis
1120 1077 1216 1141 detri-
1270 1084 1507 1153 commemorat,
1531 1084 1562 1137 et
1586 1075 1692 1157 ipsum
1716 1076 1858 1157 quotidie
1880 1096 1932 1158 pro
1953 1097 1997 1140 re

468 1186 587 1256 mento,
610 1176 685 1258 quia
706 1176 740 1238 in
761 1176 824 1239 Deo
845 1184 910 1239 tota
931 1185 1036 1239 vestra
1058 1176 1143 1239 salus
1167 1184 1216 1239 est
1270 1182 1333 1235 stra
1348 1173 1616 1253 reconciliatione,
1628 1172 1852 1256 purificatione
1866 1182 1895 1237 et
1908 1176 1996 1239 salute
2101 1228 2102 1231 η

468 1276 540 1353 sita,
555 1294 615 1336 nec
630 1274 714 1337 beati
735 1292 805 1336 esse
820 1273 963 1355 poteritis
978 1274 1040 1336 nisi
1054 1293 1112 1356 per
1132 1275 1216 1337 ordi·
1269 1271 1302 1333 in
1317 1271 1458 1335 Ecclesia
1472 1272 1535 1334 Deo
1550 1272 1630 1335 Patri
1651 1271 1798 1335 offertur.
1815 1272 1925 1355 Nempe
1943 1284 1996 1337 tan
2101 1288 2102 1331 t

468 1374 629 1437 nationem
656 1371 788 1435 finalem
813 1372 1061 1454 relationemque
1085 1373 1214 1436 totalem
1269 1368 1489 1432 ardentissime
1518 1389 1574 1433 vos
1602 1370 1709 1449 dilexi,
1739 1378 1805 1433 tam
1838 1371 1997 1434 liberalissi-
2101 1372 2102 1405 ³

328 1488 397 1544 xpe.
411 1491 453 1540 aa
467 1491 504 1534 ac
519 1490 633 1553 puram
652 1471 691 1533 ad
713 1471 829 1551 ipsum,
845 1489 944 1551 quum
966 1470 1036 1551 ipse
1054 1472 1096 1533 sit
1113 1471 1215 1552 Alpha
1269 1486 1358 1530 mum
1385 1468 1425 1530 ad
1454 1486 1511 1531 vos
1541 1468 1682 1531 animum
1711 1468 1821 1548 habui,
1844 1470 1922 1550 quod
1942 1489 1996 1532 non
2101 1458 2102 1461 ¹

468 1577 499 1632 et
523 1569 650 1650 Omega,
667 1568 860 1650 principium
884 1576 916 1630 et
939 1567 1025 1631 fmis.
1043 1568 1137 1632 Porro
1161 1569 1216 1632 do·
1270 1564 1399 1628 suffecit
1427 1566 1505 1627 mihi
1535 1566 1632 1628 semel
1661 1584 1717 1648 pro
1747 1566 1838 1629 vohis
1866 1568 1996 1647 conferri,

467 1687 544 1730 num
559 1666 686 1748 proprie
708 1676 756 1729 est
777 1666 904 1729 collatio
925 1686 1125 1748 nequaquam
1146 1668 1216 1730 red·
1269 1672 1300 1726 et
1326 1664 1423 1727 semel
1448 1682 1505 1745 pro
1530 1663 1620 1727 vobis
1640 1663 1773 1743 offerri,
1795 1666 1902 1727 sedin
1925 1666 1996 1728 fonte

467 1765 596 1828 ditionis
608 1765 725 1827 intuitu
740 1764 896 1843 facta,seu
909 1765 1104 1827 irreddibilis
1116 1766 1212 1829 datio.
1269 1770 1301 1823 et
1332 1762 1445 1843 abysso
1473 1760 1608 1825 infinitae
1636 1762 1797 1844 sapientiae
1827 1783 1902 1827 mcae
1927 1765 1997 1827 huno

466 1863 552 1938 Quod
577 1871 683 1926 autem
704 1863 823 1945 proprii
851 1863 1008 1926 commodi
1034 1872 1089 1925 aut
1112 1864 1214 1927 reddi·
1231 1864 1255 1925 B
1272 1860 1577 1940 mysterialissimum
1592 1861 1722 1923 modum
1737 1861 1846 1924 inveni
1859 1881 1893 1924 ao
1907 1862 1995 1939 statui,

465 1962 562 2025 tionis
576 1961 693 2024 intuitu
715 1962 817 2042 datur,
834 1962 984 2024 venditur
997 1962 1103 2043 potius
1118 1982 1213 2043 quam
1269 1976 1332 2039 quo
1347 1958 1435 2021 vobis
1452 1958 1667 2022 indesinenter
1686 1960 1789 2022 adsim
1809 1968 1841 2022 et
1859 1960 1995 2038 conferar,

466 2063 622 2136 donetur3
638 2068 670 2123 et
684 2061 710 2121 si
731 2061 897 2142 spirituale
918 2061 1034 2123 intuitu
1055 2062 1213 2125 commodi
1268 2075 1325 2137 pro
1348 2056 1499 2137 vobisque
1522 2055 1652 2135 offerar,
1669 2065 1700 2120 et
1721 2057 1765 2119 ita
1785 2078 1805 2120 a
1826 2059 1910 2122 vobis
1923 2078 1997 2121 man-

465 2158 651 2240 tcmporalis
686 2159 881 2235 exhibeatur,
918 2159 1092 2221 simoniaca
1127 2159 1214 2222 labes
1268 2155 1376 2233 ducer,
1399 2155 1492 2217 modo
1521 2154 1610 2217 vobis
1640 2155 1796 2218 tolerabili
1825 2176 1861 2219 ac
1885 2175 1996 2239 proper

465 2256 682 2319 committitur.
719 2256 871 2337 Denique,
908 2257 1119 2338 impertiendo
1153 2257 1213 2320 hoc
1267 2252 1397 2330 tionato,
1416 2252 1475 2314 sub
1490 2253 1682 2333 tegumentis
1704 2254 1795 2334 panis
1812 2255 1927 2333 etvini,
1942 2274 1996 2317 nou

467 2357 598 2433 donum,
625 2363 657 2416 et
681 2354 725 2416 ita
753 2354 843 2417 vobis
872 2356 1137 2418 communicando
1161 2375 1212 2417 me
1268 2349 1300 2410 in
1316 2350 1420 2431 specie
1437 2351 1541 2412 carnis
1556 2359 1588 2413 et
1603 2351 1778 2432 sanguinis,
1796 2372 1855 2415 nec
1869 2353 1899 2414 in
1913 2372 1997 2433 quau-

466 2453 584 2534 ipsum,
611 2452 734 2515 ostendi
763 2452 938 2515 clarissime
968 2453 1106 2515 caritatis
1135 2472 1212 2516 meae
1268 2447 1354 2509 titate
1375 2448 1557 2529 propriant
1581 2448 1613 2509 in
1637 2468 1675 2511 ea
1699 2450 1849 2530 subsisto,
1869 2450 1997 2531 quamuis

464 2550 721 2627 immensitatem,
744 2550 913 2632 opulentiae
934 2570 1012 2613 meae
1034 2571 1070 2614 ac
1092 2552 1213 2632 magni·
1267 2546 1360 2607 simul
1391 2566 1463 2607 cum
1493 2566 1530 2609 ea
1558 2547 1705 2628 accipiar.
1732 2548 1798 2610 Hoc
1824 2546 1997 2611 sacrificium

465 2647 603 2711 licentiae
632 2647 819 2728 largitatem,
849 2648 1045 2729 hilaremque
1073 2648 1212 2710 donandi
1267 2643 1306 2706 ab
1336 2644 1463 2707 exordio
1492 2645 1602 2706 mundi
1631 2645 1664 2707 in
1697 2646 1907 2710 oblationibus
1931 2645 1997 2708 Abel
2013 2672 2092 2715 aaut

465 2745 628 2808 affectum.
646 2745 776 2827 Nempe,
799 2745 824 2806 si
847 2739 979 2807 hilarem
1002 2745 1144 2807 datorem
1166 2746 1213 2807 di·
1267 2750 1298 2803 et
1312 2741 1382 2822 ejus
1396 2741 1558 2805 occisione
1572 2741 1633 2805 fuit
1654 2744 1889 2825 praefiguratum
1901 2767 1909 2819 3
1922 2744 1996 2806 dein·
2007 2738 2022 2777 ⁸·

465 2844 534 2925 ligit
553 2845 646 2924 Deus,
664 2851 782 2924 quanto
802 2842 904 2923 magis
923 2842 991 2922 ipse
1010 2842 1043 2902 in
1065 2842 1212 2905 donando
1266 2839 1305 2902 de
1331 2840 1364 2901 in
1390 2840 1459 2921 lege
1485 2849 1614 2917 naturae,
1638 2842 1671 2903 in
1696 2842 1862 2905 sacrificiis
1884 2842 1998 2905 Patriac-

465 2941 675 3003 hilarissimus
698 2944 821 3001 exstatf
846 2941 880 3000 ln
906 2939 1002 3019 hujus
1026 2940 1101 3001 doni
1128 2958 1213 3002 com-
1267 2938 1418 3014 charum;
1434 2948 1466 3001 et
1484 2939 1516 3000 in
1536 2938 1606 3019 lege
1624 2939 1749 3021 hloysiS,
1767 2958 1824 3021 per
1842 2938 1998 3004 oblationes

465 3040 681 3102 municatione
698 3039 881 3101 thesaurum
903 3038 1000 3100 totius
1015 3038 1212 3100 liberalitatis
1228 3036 1249 3098 C
1268 3036 1419 3097 diversas.
1449 3036 1555 3116 Ipsum
1584 3055 1709 3118 quoque
1738 3037 1770 3098 in
1800 3038 1921 3101 exordio
1948 3037 1999 3119 pri-

465 3158 543 3200 mete
558 3138 680 3218 aperui,
697 3146 729 3198 et
744 3136 874 3217 largitus
890 3156 959 3197 sum
980 3138 1213 3219 munerajuxta
1268 3132 1384 3196 mitivae
1413 3133 1562 3196 Ecclesiae
1593 3134 1625 3195 in
1651 3135 1747 3197 Coena
1771 3135 1901 3198 institui.
1925 3136 1999 3210 Quod

466 3234 740 3317 magnificentiam
765 3233 985 3315 principalem,
1003 3234 1035 3295 in
1060 3235 1128 3316 ipsa
1153 3236 1215 3297 llu-
1268 3250 1305 3293 ex
1341 3250 1374 3292 se
1403 3231 1473 3311 ipso
1507 3232 1832 3311 acceptabilissimum
1860 3242 1906 3296 est
1931 3232 1999 3295 Patri

466 3332 615 3395 charistia
638 3332 742 3394 dando
765 3350 816 3392 me
842 3339 954 3406 totum,
976 3331 1074 3393 Deum
1101 3341 1133 3394 et
1159 3334 1214 3395 ho·
1268 3336 1396 3407 aeterno,
1419 3337 1451 3391 et
1475 3328 1736 3392 efficacissimum
1758 3332 1797 3393 ad
1822 3350 1914 3395 omne
1935 3329 1999 3392 illud

465 3430 597 3508 minem,
622 3447 747 3510 corpus,
771 3429 922 3506 animam,
943 3430 1103 3492 deitatem.
1126 3432 1212 3493 Tunc
1268 3427 1425 3507 agendum
1455 3445 1512 3507 pro
1541 3445 1604 3507 quo
1633 3428 1812 3490 institutum
1841 3437 1887 3491 est
1914 3438 1943 3491 et
1963 3428 2002 3490 of-

466 3528 575 3611 aperui
602 3546 732 3590 manum
755 3546 871 3605 meam,
897 3534 928 3587 et
952 3526 1093 3609 implevi,
1115 3547 1214 3609 quan·
1269 3524 1379 3586 fertur.
1401 3524 1558 3606 Amplius,
1581 3524 1685 3607 ipsum
1711 3532 1759 3587 est
1783 3526 2001 3608 vigomsissima

348 3636 354 3649 '
466 3636 533 3690 tum
559 3626 591 3687 in
616 3645 668 3687 me
695 3624 767 3704 fuit,
792 3643 887 3687 omne
915 3625 1033 3687 animal
1062 3626 1213 3689 rationale
1269 3621 1426 3683 medicina
1441 3630 1551 3685 contra
1566 3622 1714 3703 reliquias
1730 3622 1890 3703 vitiorum,
1906 3633 2001 3687 contra

466 3725 706 3803 benedictione3
723 3732 755 3786 et
778 3723 863 3804 quod
887 3724 927 3786 do
952 3723 984 3784 in
1007 3724 1110 3805 patria
1131 3724 1213 3787 inre
1269 3720 1559 3800 concupiscentiam
1578 3720 1771 3802 saevientem,
1789 3732 1896 3785 contra
1910 3722 2003 3785 tenia-

466 3824 614 3901 revelata,
636 3823 707 3885 dedi
732 3823 783 3884 hic
809 3821 840 3881 in
861 3841 894 3883 re
914 3821 1028 3884 velata.
1051 3821 1213 3903 Perpende
1269 3818 1315 3880 les
1335 3818 1596 3900 quotidianasque
1617 3819 1737 3900 culpaS,
1755 3829 1787 3883 et
1806 3829 1914 3884 contra
1932 3839 2002 3883 mor-

466 3922 541 3985 doni
564 3921 656 3983 istius
677 3919 884 3997 nobilitatem,
907 3919 1139 4001 copiositatem,
1163 3940 1214 3982 su·
1268 3916 1343 3979 talia
1372 3926 1502 3997 peccata
1537 3917 1646 3996 oblita,
1677 3927 1709 3980 et
1741 3920 1891 4001 singulari
1920 3918 2001 3981 modo

466 4017 724 4101 pereffluentiam
753 4036 810 4078 seu
838 4016 1023 4098 preclaram
1058 4019 1215 4081 excellcn-
1269 4016 1352 4079 valet
1367 4024 1476 4078 eontra
1490 4016 1639 4078 universa
1659 4017 1772 4080 animas
1787 4018 1927 4099 vulnera,
1941 4034 2001 4100 pro

466 4118 554 4193 tiam,
570 4116 643 4197 quia
664 4114 699 4175 in
720 4114 790 4195 ipso
809 4133 903 4177 omne
927 4114 1046 4177 bonum
1071 4116 1215 4179 contine·
1268 4122 1303 4176 ut
1324 4114 1383 4177 hoc
1406 4114 1489 4175 infra
1511 4113 1626 4177 clarius
1647 4124 1834 4195 exponetur.

465 4223 574 4293 tur,ex
588 4213 658 4295 ipso
674 4212 774 4293 gratia
788 4220 820 4274 et
833 4212 932 4293 gloria
947 4212 1147 4293 hauriuntur,
1157 4234 1214 4296 per
1228 4219 1253 4280 D
1308 4211 1493 4292 Specialiter
1507 4212 1636 4274 demum
1651 4213 1767 4276 dicitur
1778 4215 2000 4278 Sacramentum

466 4313 573 4395 ipsum
594 4312 633 4373 ad
657 4310 785 4393 plenam
807 4309 990 4372 felicitatem
1012 4312 1210 4393 pertingitur.
1268 4310 1387 4389 altaris,
1408 4329 1505 4391 super
1522 4310 1606 4391 quod
1628 4309 1797 4375 conficitur
1817 4322 1850 4376 ct
1870 4315 1999 4389 offertur,

466 4412 561 4475 Recte
588 4428 664 4491 ergo
692 4416 799 4471 canmt
825 4408 968 4471 Ecclesia
999 4433 1006 4471 ε
1033 4409 1057 4471 Ο
1087 4429 1213 4472 sacrum
1268 4407 1404 4470 sumitur
1422 4416 1453 4470 et
1474 4415 1635 4470 tractatur.
1651 4409 1686 4470 ln
1706 4428 1770 4489 quo
1789 4410 1876 4473 aliud
1892 4412 2002 4473 videtur

466 4508 660 4586 convivium,
684 4506 802 4588 inquo
827 4506 969 4569 Christus
993 4507 1139 4585 sumitur,
1166 4527 1213 4570 re·
1268 4513 1365 4583 extra,
1391 4505 1475 4567 eliud
1499 4505 1581 4567 intra
1609 4506 1804 4587 designatur,
1831 4508 1915 4571 aliud
1936 4506 2001 4571 foris

465 4608 582 4672 colitur
595 4605 749 4667 memoria
768 4603 925 4685 passionis
944 4604 1025 4684 ejus,
1043 4624 1134 4667 mens
1155 4606 1213 4668 im·
1268 4611 1519 4684 repraesentatur,
1542 4602 1628 4664 aliud
1654 4604 1739 4665 intus
1765 4606 1952 4685 continetur,
1973 4612 2001 4665 ut

465 4706 571 4787 pletur
594 4704 705 4785 gratia,
727 4710 759 4765 et
783 4702 896 4764 futurae
920 4701 1028 4783 gloriae
1052 4702 1143 4765 nobis
1166 4704 1213 4784 pi·
1267 4700 1349 4762 infra
1383 4699 1535 4763 diffusius
1564 4701 1758 4764 ostendetur.
1789 4702 1881 4767 Nunc
1910 4710 2000 4765 autem

465 4823 547 4885 gnus
562 4803 673 4864 daturt
690 4800 759 4863 Non
778 4800 821 4861 sis
840 4800 915 4862 huic
934 4800 1034 4863 datori
1055 4800 1209 4881 ingratus,
1267 4798 1409 4861 sufficiat
1423 4798 1587 4861 nominum
1607 4800 1719 4863 horum
1739 4802 1879 4865 rationes
1896 4803 1927 4865 in
1945 4812 2001 4864 tan-

465 4921 525 4964 nec
554 4899 722 4962 immemor
749 4897 889 4960 caritatis
916 4917 953 4959 ac
982 4899 1211 4963 munificentias
1266 4906 1334 4960 tum
1349 4897 1543 4976 exposuisse.
1562 4897 1785 4961 Verumtamen
1805 4900 1874 4963 aliis
1889 4917 1999 4981 quoque

465 5000 548 5081 ejus,
578 5016 642 5061 non
673 4997 785 5059 reddas
813 4995 843 5058 ei
877 4995 996 5058 malum
1031 5015 1089 5078 pro
1124 5005 1210 5061 tanto
1266 4995 1448 5057 nominibus
1473 4994 1634 5059 interdum
1658 4996 1857 5077 exprimitur.
1882 4999 1954 5061 Nam
1975 5006 2001 5059 et

344 5111 351 5123 ·
465 5098 571 5175 bono;
592 5094 657 5158 noli
681 5094 712 5157 ei
735 5094 917 5157 abstrahere
940 5102 972 5157 te
997 5094 1114 5176 ipsum,
1136 5096 1211 5177 quia
1264 5094 1372 5156 Hostia
1395 5093 1587 5172 nominatur,
1609 5093 1642 5155 in
1666 5104 1819 5175 quantum
1844 5098 2000 5179 ipsummet

465 5215 529 5259 nou
545 5194 657 5276 qnaerit
672 5192 732 5254 nisi
748 5200 778 5254 te
797 5193 914 5274 ipsum,
931 5193 962 5255 id
980 5202 1028 5255 est
1046 5194 1090 5255 tui
1111 5194 1209 5275 ipsius
1264 5191 1423 5255 Christum
1446 5191 1595 5271 continet,
1616 5201 1648 5254 et
1668 5192 1736 5275 ipse
1755 5192 1787 5254 in
1808 5214 1846 5258 eo
1867 5194 1997 5259 offertur.

465 5294 497 5355 in
520 5310 651 5373 corpore
671 5299 702 5353 et
721 5289 828 5353 anima
848 5289 1125 5371 glorificationem.
1265 5291 1402 5353 Vocatur
1415 5289 1491 5353 item
1512 5290 1606 5353 arrha
1626 5299 1656 5354 et
1678 5291 1792 5373 pignus
1814 5290 1926 5357 futurae
1943 5292 2000 5373 glo
