4309 6259
302 1148 376 1193 Bccis'.
394 1160 437 1199 xiv,

382 1280 438 1323 'rt'r

300 1833 364 1878 Roas.
372 1848 393 1884 x.
400 1839 433 1889 l2;

300 1895 320 2003 ²1
330 1897 382 1942 Cor.
388 1912 433 1952 rm,

296 5220 364 5266 Pron.
372 5234 430 5274 xxxa,

297 5287 331 5339 aa,
347 5287 380 5329 aa.

450 457 511 521 ets
724 474 764 521 nr
783 472 942 521 raaeomo
962 473 1001 519 rr
1020 471 1186 520 orevmara
1205 471 1322 530 vania,
1344 470 1432 519 amaa
1452 472 1496 519 m.
1519 489 1561 505 —
1580 472 1652 520 aar.
1675 473 1728 519 xvi

1160 657 1161 661 ’
1212 642 1237 704 Α
1252 649 1381 723 operata
1394 648 1442 704 est
1455 640 1591 705 consilio
1611 659 1764 704 manuum
1785 658 1933 719 suarum3
1948 639 1987 702 fa-

641 700 887 766 ARTICULUS
906 700 998 764 XVI·
1251 747 1302 801 cta
1316 748 1364 803 est
1376 740 1467 821 quasi
1482 740 1573 803 navis
1589 740 1743 803 institoris
1756 741 1797 802 de
1812 739 1906 821 longe
1925 758 1987 821 por-

449 853 498 912 oe
518 850 782 927 indeficientibus
803 834 924 909 Mariae
948 850 1033 907 ocris
1053 847 1196 916 divitiis,
1250 844 1321 899 tans
1336 858 1450 920 panem
1466 858 1570 901 suum.
1586 838 1626 899 Et
1637 846 1710 919 post
1731 856 1833 919 pauca
1850 860 1857 898 :
1874 837 1984 899 Manum
1996 857 2078 904 nm

489 948 587 1018 atque
601 938 809 998 ineobouatis
823 938 894 1015 ejus
908 936 1156 997 misericordiis.
1251 954 1340 997 suam
1362 936 1433 1016 (ait)
1457 936 1545 997 misit
1567 937 1608 998 ad
1632 935 1737 1015 fortia,
1753 944 1786 997 et
1810 934 1903 1017 digiti
1925 936 1984 1016 ejus
1997 924 2050 966 Μ·

1250 1032 1529 1114 apprehenderunt
1542 1032 1666 1111 lusum;
1677 1051 1807 1095 manum
1822 1051 1910 1093 suam
1923 1050 1985 1112 ape

516 1136 662 1196 EATUS
680 1136 794 1193 dives*
808 1134 868 1212 qui
888 1136 925 1192 in
944 1134 1107 1209 sapientia
1130 1151 1197 1191 mo·
1250 1129 1316 1191 ruit
1329 1129 1429 1212 inopi,
1445 1137 1477 1192 et
1491 1129 1613 1211 palmas
1627 1149 1700 1191 suas
1715 1128 1856 1191 extendit
1869 1130 1906 1191 ad
1920 1148 1985 1210 pau-

529 1234 674 1303 robitur,
689 1242 719 1292 et
739 1234 799 1311 qui
818 1234 1006 1309 injustitia
1027 1232 1196 1291 meditabi-
1250 1246 1370 1307 perenn.
1398 1227 1437 1289 Et
1460 1227 1565 1290 doutto
1592 1250 1600 1288 :
1623 1226 1845 1289 Consideravit
1867 1226 2062 1307 (inquibatur.

450 1340 519 1401 tur,
532 1340 563 1390 et
584 1332 620 1389 in
644 1349 740 1390 sensu
763 1332 917 1407 cogitabit
940 1330 1197 1403 circumspectio·
1251 1326 1379 1387 semitas
1399 1326 1513 1387 domus
1532 1344 1608 1405 suto,
1624 1334 1657 1389 et
1673 1344 1790 1407 panem
1808 1324 1910 1389 otiosa
1930 1344 1985 1387 uon

447 1448 520 1488 nem
545 1430 618 1491 Dei.
640 1427 720 1490 Sunt
743 1427 854 1507 utique
878 1445 961 1489 verae
983 1425 1114 1503 divitiae,
1131 1443 1195 1487 non
1251 1424 1400 1487 comedit.

447 1524 511 1587 illm
525 1544 595 1607 qum
610 1524 697 1587 carni
713 1524 910 1605 voluptatem
925 1522 1197 1605 superfluitatem·
1291 1522 1512 1584 Verumtamen
1528 1539 1593 1585 non
1606 1523 1685 1585 adeo
1708 1522 1850 1585 insulsus
1871 1540 1938 1584 sum
1956 1530 1985 1583 ut

446 1640 509 1703 que
526 1622 679 1702 afferunt,
696 1622 750 1685 sed
772 1640 842 1704 quae
866 1622 965 1685 menti
990 1622 1136 1684 decorem
1165 1627 1196 1682 et
1249 1620 1363 1683 horum
1395 1620 1566 1683 verborum
1600 1619 1800 1701 spiritualem
1835 1619 1984 1683 eflioacio

446 1719 524 1783 imm
538 1719 737 1802 spiritualem
752 1718 879 1801 elargiri
891 1718 1121 1801 perfectionem
1132 1718 1196 1781 ido·
1250 1735 1381 1798 remque
1403 1716 1470 1780 fore
1493 1717 1737 1799 intelligentiam
1752 1718 1907 1799 ignorem.
1922 1718 1984 1780 b'ni-

447 1836 515 1880 neae
538 1825 622 1880 sunt.
649 1816 773 1879 Etenim
797 1817 859 1880 boo
880 1817 975 1879 modo
998 1816 1081 1879 lleus
1105 1816 1194 1878 dives
1212 1816 1236 1879 B
1252 1835 1378 1879 versum
1402 1816 1489 1879 enirn
1517 1817 1795 1899 praeclarissimum
1824 1816 1901 1880 illnd
1927 1836 1983 1879 car-

446 1915 632 1998 perhibetur
648 1938 655 1976 :
671 1915 791 1997 quippe
815 1914 850 1976 in
874 1933 938 1995 quo
956 1914 1101 1978 omnium
1126 1915 1195 1995 pul·
1251 1934 1336 1995 men,
1373 1915 1457 1995 quod
1492 1915 1532 1977 de
1567 1912 1700 1977 muliere
1734 1915 1795 1977 bac
1830 1914 1903 1978 forti
1936 1933 1983 1995 per

446 2014 596 2077 chiorum
619 2021 713 2094 atque
737 2012 894 2076 bonorum
912 2011 1055 2095 perfecta
1073 2010 1196 2073 exsistit
1251 2012 1452 2076 Salomonem
1466 2012 1602 2093 Spiritus
1624 2012 1765 2075 veritatis
1786 2013 1981 2094 deprompsit,

444 2110 710 2193 possessio.0uod
724 2119 836 2173 auctor
850 2109 924 2172 libri
939 2109 1111 2172 Causarum
1126 2127 1195 2191 pro
1250 2110 1415 2192 spirituale
1429 2118 1487 2172 est.
1497 2108 1634 2191 Alioqui,
1647 2109 1674 2171 si
1689 2110 1729 2173 ad
1744 2110 1882 2173 litteram
1897 2110 1982 2191 respi-

444 2208 583 2290 spiciens
605 2232 612 2269 ε
633 2208 734 2271 Causa
758 2208 874 2290 prima,
894 2207 1011 2288 inquit,
1031 2207 1122 2269 dives
1146 2215 1195 2269 est
1251 2209 1327 2288 cias,
1344 2208 1503 2288 quomodo
1517 2208 1621 2270 adhuc
1641 2208 1680 2270 ad
1702 2208 1830 2271 laudem
1851 2208 1918 2290 ejus
1937 2216 1982 2269 aut

444 2306 478 2367 in
497 2323 543 2386 se,
559 2314 591 2369 et
611 2306 701 2368 dives
720 2306 754 2366 in
773 2305 865 2368 alios.
881 2304 1093 2368 Conlormiter
1116 2322 1194 2384 quo·
1249 2306 1380 2369 alterius
1394 2306 1532 2388 pertinet
1547 2306 1629 2386 quod
1646 2305 1678 2367 in
1693 2325 1731 2369 eo
1746 2306 1866 2369 dictum
1880 2314 1934 2383 ast,
1946 2307 1981 2368 lle
1991 2332 2062 2373 aaa

443 2421 506 2485 que
531 2405 627 2486 Virgo
655 2422 820 2485 generosa,
847 2403 1012 2466 carissima
1035 2402 1103 2484 Dei,
1128 2420 1192 2466 non
1249 2411 1343 2468 nocte
1358 2403 1503 2481 surrexit,
1520 2403 1670 2485 deditque
1686 2404 1824 2484 predam
1845 2404 1982 2467 domesti-

443 2502 552 2583 utique
574 2502 608 2563 in
627 2502 757 2565 caducis
778 2510 982 2584 mentemque
1005 2500 1194 2563 maculanti·
1249 2502 1296 2565 eis
1311 2500 1564 2582 suislNumquid
1579 2502 1618 2563 de
1633 2501 1748 2583 praedis
1763 2500 1884 2579 vivere,
1899 2503 1981 2564 laude

443 2597 503 2661 bus
527 2598 734 2662 sensibilibus
759 2598 892 2680 divitiis,
910 2599 965 2661 sed
991 2597 1074 2661 veris
1099 2606 1192 2680 atque
1248 2600 1379 2682 dignum
1394 2603 1571 2663 censeturl
1594 2599 1736 2682 [lenique
1756 2618 1817 2663 neo
1836 2600 1875 2663 de
1899 2600 1982 2662 llaria

443 2697 570 2759 aeternis
586 2695 856 2779 supereffluenter
869 2696 1067 2759 redundabat
1084 2715 1193 2759 :nem-
1248 2696 1287 2759 ad
1303 2696 1441 2759 litteram
1455 2694 1579 2777 opinari
1595 2713 1653 2776 par
1667 2696 1813 2778 estquod
1830 2696 1863 2758 in
1882 2697 1982 2760 eodem

443 2812 484 2877 pe
516 2796 611 2877 plena
638 2795 751 2876 gratia,
780 2794 875 2875 plena
903 2794 1068 2875 sapientia,
1098 2794 1193 2875 plena
1247 2796 1382 2858 habetur
1402 2818 1409 2857 ε
1431 2794 1640 2876 stragulatam
1664 2803 1786 2857 vestem
1809 2793 1887 2858 fecit
1909 2795 1980 2873 sibi3
1994 2822 2068 2867 m

443 2892 627 2971 virtutibus,
653 2891 749 2974 plena
772 2891 1013 2971 misericordiis,
1034 2891 1193 2954 ditissima
1248 2895 1362 2975 byssus
1381 2900 1412 2955 et
1436 2911 1577 2975 purpura
1596 2892 1818 2955 indumentum
1837 2894 1916 2975 ejus.
1931 2893 1982 2955 Sed

444 3010 575 3074 prorsus
588 2989 661 3052 fuit.
678 2990 831 3071 Denique,
850 2989 1077 3053 misericordiae
1099 3008 1190 3072 opus,
1208 2990 1231 3055 C
1247 2998 1415 3074 propterea
1430 2990 1625 3072 preinducta
1638 2990 1798 3055 dulcisoni
1813 2992 1982 3071 arnoenique

445 3096 493 3152 est
507 3089 695 3151 miserorum
711 3088 860 3170 supplere
874 3087 1019 3151 defectus
1037 3112 1044 3151 :
1061 3089 1118 3170 qui
1138 3107 1193 3153 ve·
1249 3089 1335 3152 illius
1350 3089 1447 3153 verba
1461 3088 1606 3152 vaticinii
1620 3089 1673 3151 hic
1695 3089 1827 3169 inserui,
1844 3090 1982 3170 quoniam

445 3207 481 3252 ro
496 3187 529 3250 in
551 3206 586 3250 se
606 3206 728 3269 pauper
745 3195 804 3266 est,
822 3189 1091 3268 quemadmodum
1110 3190 1194 3252 indi·
1249 3188 1286 3250 ad
1302 3188 1439 3251 litteram
1454 3205 1580 3269 qunque
1595 3206 1633 3250 ea
1646 3186 1715 3251 fore
1729 3188 1864 3270 impleta
1877 3188 1909 3249 in
1924 3187 1984 3269 Spi-

444 3284 532 3368 genti
546 3285 736 3348 subvenietl
752 3292 807 3347 aut
821 3287 980 3367 quomodo
995 3286 1086 3350 alteri
1106 3288 1194 3350 dabit
1249 3286 1325 3349 ritus
1341 3286 1447 3349 Sancti
1461 3285 1580 3367 templo
1595 3292 1690 3366 atque
1705 3286 1844 3349 sacrario
1854 3286 1983 3365 (llariam

444 3385 530 3465 quod
558 3384 627 3466 ipse
654 3403 719 3448 non
747 3384 864 3447 babetl
892 3383 1010 3467 ltaque,
1036 3395 1193 3467 quatenus
1248 3386 1373 3466 loquor)
1398 3384 1569 3448 innotescit
1593 3407 1599 3445 :
1621 3384 1798 3466 prasertim
1822 3403 1920 3465 quum
1943 3403 1985 3445 se·

443 3482 548 3545 ldariae
561 3480 782 3545 misericordia
797 3482 973 3545 secundum
995 3482 1193 3565 incompara-
1249 3484 1389 3545 cundum
1417 3481 1557 3565 plurium
1585 3481 1671 3543 diota
1699 3481 1881 3564 scriptaque
1913 3480 1986 3543 fide·

443 3579 542 3643 bilem
557 3580 608 3643 sui
623 3580 875 3661 magnitudinem
890 3580 924 3641 in
939 3588 1046 3643 actum
1065 3600 1195 3664 progre-
1248 3581 1339 3659 lium,
1360 3580 1393 3643 in
1419 3580 1614 3643 mechanicis
1636 3580 1676 3641 ad
1701 3588 1802 3642 artem
1826 3580 1985 3643 textrinam

444 3678 477 3741 di
492 3678 641 3759 quiverit,
658 3678 777 3741 divitiae
791 3678 821 3740 ei
836 3678 1024 3741 necessariae
1038 3688 1140 3743 erant.
1248 3679 1477 3761 spectantibus,
1501 3677 1768 3741 artificiosissima
1792 3697 1829 3741 ao
1854 3677 1987 3741 subtilis-

484 3776 590 3857 Porro,
606 3776 666 3839 etsi
682 3776 716 3837 in
731 3775 948 3858 corporalibus
968 3796 1095 3859 quoque
1117 3777 1193 3841 alio
1248 3778 1329 3840 sima
1342 3777 1414 3856 fuit,
1426 3786 1520 3860 atque
1535 3777 1568 3841 in
1583 3776 1701 3859 templo
1716 3776 1853 3856 Domini,
1869 3777 1902 3840 in
1916 3795 1985 3859 quo,

445 3894 516 3938 rum
540 3874 718 3939 defectibus
742 3874 839 3937 ldaria
862 3873 1043 3938 misericors
1065 3875 1137 3954 fuit,
1159 3877 1193 3938 in
1249 3877 1424 3939 secundum
1453 3876 1542 3953 istos,
1568 3876 1671 3938 adhuc
1696 3873 1855 3938 infantula
1877 3874 1987 3939 offere-

444 3971 663 4053 spiritualibus
687 3971 789 4035 nihilo
813 3972 919 4034 minus
945 3972 1130 4054 indigentiis
1156 3992 1193 4037 eo
1248 3975 1350 4051 batur,
1367 3993 1432 4056 prae
1453 3973 1567 4037 ceteris
1587 3974 1754 4037 coetaneis
1779 3973 1907 4054 illioque
1931 3974 1987 4035 sub

444 4072 555 4152 utique
580 4069 817 4132 misericordior
840 4070 1049 4151 exstititque
1073 4072 1194 4134 auima—
1248 4092 1344 4134 manu
1363 4070 1528 4154 pontificis
1547 4072 1609 4135 lleo
1630 4071 1884 4134 ministrantibus
1902 4071 1987 4153 puel-

445 4189 515 4232 rum
541 4166 771 4230 beatitudinem
795 4167 933 4250 amplius
958 4186 1053 4249 quam
1083 4188 1193 4252 corpo·
1206 4170 1232 4235 D
1248 4170 1298 4248 lis,
1311 4170 1382 4250 plus
1398 4170 1431 4231 in
1445 4168 1667 4250 hujuscemodi
1682 4168 1819 4250 profecit
1832 4168 1985 4231 artificiis.

443 4287 514 4330 rum
536 4265 766 4329 sufficientiam
790 4265 924 4328 dilexit:
941 4266 1075 4349 ideoque
1100 4270 1192 4351 spiri·
1247 4269 1417 4331 Adducunt
1436 4274 1543 4330 autem
1565 4266 1683 4329 adhoc
1704 4276 1737 4330 et
1750 4268 1790 4329 de
1808 4265 1986 4330 inconsutili
1997 4294 2087 4337 rma

444 4365 546 4429 tuales
567 4384 638 4427 eam
657 4363 776 4427 divitia
795 4364 1000 4427 vehementer
1024 4366 1190 4448 decebant,
1247 4366 1361 4429 Christi
1385 4374 1484 4446 veste,
1501 4384 1595 4447 quam
1615 4365 1654 4427 ab
1673 4374 1888 4447 cooperatam
1906 4365 1986 4428 edis·
1998 4360 2026 4400 ³²

445 4483 523 4546 quas
551 4462 662 4545 egenis
686 4462 923 4525 communicare
947 4463 1096 4526 cordibus
1121 4483 1192 4545 pos·
1248 4474 1367 4527 serunt.

444 4570 502 4625 set.
532 4562 757 4625 Verumtamen
786 4560 819 4621 in
848 4561 1066 4642 corporalibus
1095 4564 1190 4625 etiam
1287 4563 1448 4640 Praeterea,
1465 4580 1561 4643 quam
1579 4560 1762 4624 misericors
1782 4560 1989 4643 compatiens·

443 4659 746 4737 necessitudinibus,
763 4659 835 4720 aliis
856 4658 967 4740 utique
988 4678 1046 4741 pro
1068 4661 1191 4725 viribus
1247 4680 1308 4744 que
1333 4660 1441 4739 fuerit,
1468 4660 1501 4722 in
1528 4659 1647 4742 nuptiis
1671 4660 1781 4741 utique
1808 4661 1885 4723 vino
1912 4658 1989 4724 defi-
2010 4687 2087 4732 [aab

444 4758 657 4823 emolumenta
684 4756 851 4839 impendit.
878 4756 947 4820 Non
976 4758 1061 4821 enim
1091 4762 1193 4823 ambi·
1247 4760 1362 4839 ciente,
1384 4758 1523 4821 innotuit
1547 4782 1555 4819 :
1582 4776 1655 4820 mox
1679 4776 1795 4840 nempe
1820 4758 1927 4841 spousi
1954 4758 2058 4821 acm*

443 4876 542 4939 guum
577 4874 649 4919 reor
674 4855 754 4936 quin
780 4855 820 4916 de
849 4855 1010 4919 laboribus
1038 4876 1190 4923 manuum
1247 4875 1371 4940 sponse
1384 4855 1583 4919 verecundiae
1597 4856 1775 4935 condoluit;
1791 4865 1824 4919 et
1836 4858 1922 4939 quod
1935 4876 1990 4939 per

443 4974 572 5018 suarum
594 4953 744 5036 inopibus
762 4953 980 5035 eleemosynas
1000 4958 1187 5038 erogaverit.
1246 4974 1280 5018 se
1295 4955 1396 5037 ipsam
1412 4954 1559 5017 exhibere
1574 4953 1730 5034 nequivit,
1747 4954 1785 5016 ad
1808 4955 1869 5018 hoo
1891 4954 1990 5017 ornai-

443 5053 589 5135 lmplevit
602 5053 689 5115 enirn
704 5054 753 5133 (ut
765 5052 914 5132 arbitror)
926 5054 1010 5133 quod
1025 5055 1114 5118 deea
1126 5057 1192 5139 Spi-
1246 5062 1406 5137 potentem
1428 5072 1520 5115 suum
1541 5051 1654 5114 Filium
1674 5051 1809 5115 induxit.

443 5153 524 5215 ritus
543 5153 677 5216 Sanetus
697 5168 754 5232 per
766 5168 803 5213 os
818 5150 995 5215 Salomonis
1010 5152 1161 5217 disseruit
1181 5180 1187 5219 :
1285 5154 1365 5235 Apte
1389 5150 1529 5229 omnino,
1549 5150 1662 5229 fateor,
1679 5150 1718 5213 de
1742 5159 1822 5229 te,o
1845 5151 1988 5231 Dormna,

443 5250 593 5328 Quaesivit
620 5248 796 5330 (inquiens)
824 5250 929 5312 lanam
957 5258 990 5312 et
1016 5251 1132 5330 linum,
1158 5262 1190 5316 et
1245 5250 1470 5315 devotissimus
1493 5258 1567 5312 tuus
1586 5268 1667 5332 puer
1683 5250 1863 5313 Bernartius
1888 5252 1991 5315 elocu-
