4309 6259
538 839 678 990 DE
762 839 1374 1003 PRAECONIOr

299 1213 433 1365 ET
515 1212 1107 1367 DIGNITATE
1192 1216 1584 1371 MARIAE

609 1584 845 1692 LIBER
909 1583 1274 1711 QUARTUS

410 2276 659 2341 PROOEMIUM
931 2232 1111 2315 Allenique
1126 2232 1210 2295 lunae
1224 2234 1437 2317 appellatione
1448 2238 1637 2303 militantem
1650 2240 1721 2322 capi

662 2324 670 2337 ”
971 2330 1159 2409 Ecclesiam,
1185 2331 1228 2395 nil
1257 2335 1306 2413 (ut
1332 2334 1460 2415 opinor)
1484 2337 1686 2401 disconvenit
1712 2362 1719 2401 :

225 2435 384 2497 IGNUM
401 2452 557 2511 magnum
579 2434 737 2508 apparuit
755 2432 793 2490 in
810 2434 887 2491 coelo
906 2450 918 2489 .·
971 2428 1041 2510 ipsa
1060 2428 1147 2491 enim
1166 2449 1185 2491 a
1204 2448 1280 2493 vero
1301 2430 1373 2495 Sole
1395 2432 1499 2497 lucem
1521 2435 1660 2515 sortitur,
1677 2443 1722 2498 at-

241 2534 367 2592 malier
379 2533 501 2591 amicta
521 2534 597 2600 sote,
611 2539 643 2589 et
664 2533 744 2589 turm
759 2530 818 2589 sub
828 2530 918 2604 pedi·
971 2545 1034 2607 que
1048 2546 1087 2588 ex
1101 2546 1135 2589 se
1149 2528 1316 2591 tenebrosa
1331 2538 1489 2595 censetur.
1505 2532 1544 2594 Et
1557 2532 1625 2595 baec
1644 2552 1722 2615 quo-

165 2632 224 2691 bus
234 2631 356 2707 quaet
367 2630 518 2705 incapite
529 2629 600 2705 ejus
613 2646 731 2687 corona
745 2628 916 2686 stellarum
972 2643 1034 2705 que
1057 2624 1160 2687 blariae
1185 2625 1318 2706 pedibus
1347 2630 1515 2711 provoluta
1540 2638 1599 2709 est,
1625 2631 1722 2693 advo-

165 2724 586 2807 duodecim.dpoc.111,l.
972 2730 1076 2784 caum
1109 2722 1389 2806 mediatricemque
1422 2746 1456 2790 se
1488 2727 1576 2790 illam
1604 2726 1720 2791 babere

51 2838 154 2889 ton-xm.
205 2822 383 2887 induimini
402 2823 461 2903 (ait
478 2821 662 2905 Apostolus)
680 2820 850 2885 Dominum
869 2820 918 2883 Je
972 2820 1208 2902 congratulans.

51 2902 65 2941 ι
167 2943 253 2987 sum.
270 2922 310 2984 Et
328 2930 410 3001 tu‚o
433 2921 551 2983 nedum
578 2920 661 2983 inter
685 2918 844 2996 mulieres,
861 2919 917 2981 sed
1011 2918 1144 3000 lnsuper
1158 2927 1190 2982 et
1204 2920 1373 2984 duodecim
1388 2923 1551 2986 stellarum
1566 2923 1722 2987 diadema·

50 3047 152 3096 aare.
166 3031 198 3085 et
212 3022 473 3083 interereaturas
489 3018 655 3082 benedicta
673 3018 779 3096 ldaria,
797 3017 917 3079 lumine
972 3025 1003 3079 te
1036 3016 1164 3080 lemine
1196 3017 1292 3099 hujus
1321 3027 1416 3100 caput
1444 3021 1631 3083 adornatum
1660 3030 1719 3085 est.

168 3128 320 3201 tanquam
350 3116 538 3180 vestimento
565 3116 680 3178 amicta
703 3134 739 3179 es
766 3138 773 3177 ι
799 3115 917 3197 qnippe
970 3115 1051 3189 Ouid
1066 3134 1143 3179 vcro
1157 3134 1214 3197 per
1228 3115 1396 3180 duodecim
1411 3118 1468 3181 bas
1484 3119 1590 3182 stellas
1609 3118 1721 3183 ellicu-

166 3238 235 3300 quae
252 3213 465 3279 inaccessibili
479 3214 527 3275 illi
543 3214 607 3276 luci
622 3213 667 3277 sic
682 3213 915 3291 immersa‚tam
971 3214 1041 3277 cius
1061 3213 1197 3295 intelligi
1223 3232 1280 3295 par
1299 3214 1350 3293 sit,
1368 3234 1427 3297 ego
1447 3216 1573 3279 interim
1598 3217 1722 3299 sapien-

166 3317 280 3379 intima
294 3316 416 3377 etitem
436 3321 567 3376 eatenus
589 3311 695 3375 vicina
714 3312 799 3374 lacta
820 3330 866 3391 es,
882 3319 918 3373 ut
972 3312 1044 3374 tiori
1067 3310 1223 3392 relinquo.
1243 3312 1465 3377 Verumtamen
1489 3314 1566 3395 quid
1589 3333 1647 3395 per
1667 3333 1721 3377 eas

165 3424 238 3497 post
262 3412 461 3495 personalem
481 3409 631 3473 adorandi
653 3410 698 3471 tui
719 3409 825 3471 dilecti
847 3408 954 3475 uni-B
972 3409 1087 3472 ardens
1127 3410 1254 3492 Regina
1291 3410 1383 3473 istius
1420 3420 1543 3475 amator
1577 3413 1723 3493 (Bernar-

166 3512 331 3595 genitique
344 3508 414 3572 l'ilii
429 3507 633 3571 humanitatis
647 3526 720 3569 cum
731 3507 834 3570 Verbo
849 3507 917 3569 uni·
971 3510 1046 3571 dum
1062 3508 1203 3587 insinuo)
1218 3508 1459 3591 intelligendum
1475 3511 1644 3574 arbitratus
1657 3519 1718 3589 est,

166 3630 276 3691 onem,
292 3627 357 3672 non
371 3608 475 3671 dicam
490 3606 592 3687 major
613 3614 667 3668 aut
686 3613 784 3685 tanta,
800 3607 854 3668 sed
876 3624 917 3667 ne
971 3626 1096 3688 aequnm
1113 3623 1185 3669 reor
1201 3604 1421 3688 ellari.ltaque
1435 3608 1604 3671 duodecim
1619 3608 1722 3671 Mariae

168 3706 395 3790 comparabilis
421 3704 553 3787 quidem
586 3702 723 3784 alicujus
752 3722 825 3765 cum
853 3704 917 3766 Deo
972 3704 1208 3788 prorogatum,
1236 3723 1293 3785 per
1317 3705 1485 3786 duodecim
1510 3706 1617 3769 stellas
1646 3725 1721 3770 con-

168 3807 330 3883 unio‚tuae
345 3802 540 3868 felicissimas
555 3821 628 3865 cum
642 3802 707 3865 Deo
721 3801 919 3882 conjunctio·
973 3805 1067 3886 cepit.
1096 3803 1152 3865 Est
1179 3804 1355 3885 (inquiens)
1383 3804 1417 3865 in
1450 3803 1545 3867 llaria
1574 3804 1721 3869 inveniro

168 3905 201 3966 ni
222 3903 400 3967 consistere
421 3909 527 3982 queat.
972 3902 1197 3985 prerogativae
1231 3902 1315 3980 eceli,
1346 3902 1569 3985 praerogativas
1600 3904 1718 3982 carnis,

207 4002 353 4083 Denique
372 4001 432 4063 sub
450 3999 583 4081 pedibus
597 3999 660 4061 tuis
680 3998 757 4061 luna
780 4000 838 4061 sita
858 4009 916 4063 est.
972 4001 1260 4083 praerogativasque
1279 4001 1394 4065 cordis.
1411 4000 1472 4064 Has
1491 4003 1620 4065 demum
1643 4020 1720 4084 pre

168 4102 246 4184 Ego,
261 4099 385 4163 meliori
400 4099 488 4163 salvo
500 4098 633 4179 judicio,
645 4116 703 4178 per
716 4098 837 4175 lunam,
850 4098 920 4160 uni·
973 4100 1130 4182 rogativas
1144 4098 1305 4163 trilormes
1319 4099 1565 4181 quadripartitus
1580 4108 1721 4182 est‚qua-

170 4219 298 4263 versam
312 4206 489 4262 creaturam
504 4196 647 4279 intelligo
661 4220 668 4259 :
681 4196 757 4258 luna
771 4196 919 4276 equidem
972 4205 1044 4261 tuor
1068 4215 1191 4279 ponens
1216 4197 1373 4277 eoelestes,
1393 4206 1529 4279 quatuor
1553 4199 1668 4275 carnis,
1689 4207 1721 4262 et

171 4298 334 4361 delectum
362 4295 498 4358 ubertim
523 4294 557 4356 in
585 4294 748 4375 Scriptura
775 4293 918 4357 veritatis
972 4304 1108 4377 quatuor
1130 4294 1258 4358 mentis.
1280 4295 1363 4369 Quas
1387 4314 1578 4359 enumerans
1601 4319 1610 4359 ε
1632 4297 1718 4375 blihi,

98 4405 144 4493 “0''
171 4396 329 4477 designat.
344 4393 468 4455 Etenim
484 4391 599 4455 stultns
617 4399 653 4453 ut
672 4391 749 4454 luna
766 4400 916 4473 mutatur,
972 4394 1086 4475 inquit,
1099 4392 1269 4475 singularis
1285 4393 1391 4456 rutilat
1404 4392 1522 4476 fulgor,
1534 4394 1638 4475 primo
1652 4395 1723 4477 qui-

51 4474 94 4513 m*
119 4493 136 4508 ''
173 4495 300 4575 sapiens
314 4502 419 4555 autem
434 4499 599 4573 permanet
613 4498 649 4552 ut
663 4491 721 4553 sol.
738 4491 846 4554 Omnis
864 4512 920 4554 au·
972 4493 1058 4570 dem,
1084 4492 1116 4554 in
1141 4491 1243 4553 llariae
1267 4491 1492 4572 generatione3
1516 4494 1667 4573 secundo,
1687 4494 1720 4555 in

173 4601 237 4655 tem
259 4599 404 4654 creatura
422 4610 460 4653 er
479 4608 514 4653 se
531 4590 642 4670 utique
665 4589 849 4653 defectuosa
871 4599 920 4653 est
935 4587 957 4651 G
973 4591 1118 4673 angelica
1147 4589 1356 4667 salutatione;
1385 4590 1489 4668 tertio,
1519 4590 1552 4653 in
1585 4590 1720 4673 Spiritus

171 4698 267 4771 atque
286 4687 443 4751 instabilis
460 4711 468 4750 z
483 4687 601 4770 quippe
622 4705 693 4767 quaa
714 4686 754 4749 ab
775 4688 921 4769 omnipo-
973 4689 1079 4752 Sancti
1095 4687 1362 4769 superventione;
1378 4696 1503 4769 quarto,
1519 4688 1553 4750 in
1572 4688 1641 4751 Filii
1663 4690 1720 4753 Dei

172 4788 251 4852 tenti
265 4788 329 4851 Deo
343 4787 378 4849 in
392 4804 462 4849 esse
476 4785 596 4848 etitem
611 4784 644 4847 in
663 4786 845 4848 conservari
866 4786 919 4848 de
974 4786 1178 4849 inenarrabili
1204 4786 1423 4868 conceptione.
1440 4787 1593 4849 Praeterea
1614 4788 1719 4850 carnis

173 4888 302 4969 pendet,
332 4903 437 4966 neque
471 4884 541 4947 sine
569 4883 654 4946 illius
682 4885 920 4947 manutenentia
973 4902 1099 4966 quoque
1125 4883 1328 4948 excellentias
1351 4891 1485 4965 tangens
1502 4907 1509 4946 ε
1525 4884 1560 4947 ln
1583 4885 1647 4963 bia,
1661 4884 1718 4964 ait,

173 4984 224 5049 vel
241 4985 274 5046 in
289 4991 451 5048 momento
467 4982 640 5046 subsistere
661 4984 756 5047 valet.
773 4984 842 5047 Rite
862 4982 919 5065 igi-
973 4982 1132 5045 sidereum
1148 4982 1242 5045 etiam
1257 4982 1356 5045 radiat
1369 4982 1478 5061 decus,
1488 4982 1572 5063 quod
1589 4982 1720 5065 virgini·

173 5091 227 5146 tur
247 5082 307 5145 sub
324 5082 425 5145 llariae
450 5080 586 5162 pedibus
611 5081 687 5144 luna
711 5082 916 5163 perhibetur:
972 5080 1046 5143 tatis
1080 5078 1271 5160 primiceria,
1300 5079 1384 5161 quod
1419 5078 1489 5142 sine
1517 5080 1720 5161 corruptione

174 5180 244 5261 ipsa
261 5198 401 5260 namque
423 5178 510 5241 omni
533 5186 686 5241 creature
708 5179 836 5259 praelata
859 5188 917 5257 est,
973 5178 1124 5255 lecunda,
1154 5178 1238 5259 quod
1267 5177 1336 5240 sine
1363 5177 1548 5259 gravamine
1576 5178 1718 5260 gravida,

174 5278 325 5360 quoniam
349 5275 566 5340 universitatis
590 5275 767 5339 Creatorem
791 5276 918 5341 clludit.
974 5278 1059 5359 quod
1088 5276 1158 5340 sine
1186 5275 1294 5340 dolore
1322 5294 1489 5360 puerpera.
1518 5277 1559 5339 At
1586 5295 1661 5341 vero
1689 5284 1721 5342 et
