4309 6259
472 506 512 553 us
532 504 622 554 norrrs
643 507 778 555 srmrrus
800 506 917 565 smcrr,
939 507 1116 555 reimarus
1137 508 1184 554 ru.
1205 526 1246 537 -
1266 508 1335 554 nur.
1359 508 1391 553 rr
1649 492 1708 556 ull

166 674 298 737 dientem
312 694 350 737 ιο
366 675 543 756 subjectam
557 674 834 757 dignificationem
849 698 906 741 seu
922 679 947 739 Α
963 678 1123 741 omnibus.
1140 677 1217 741 Nam
1240 678 1294 761 qui
1309 678 1508 741 voluntarius
1522 686 1571 741 est
1591 679 1629 741 ad
1645 697 1711 741 ma-

165 773 396 835 venerationem
420 774 453 835 in
473 774 622 837 omnibus
648 776 742 838 rebus
767 776 904 852 exhibet,
963 794 1027 857 gna
1047 778 1218 859 operanda,
1242 784 1291 839 est
1311 776 1408 839 etiam
1430 782 1595 859 promptus
1617 785 1710 857 atque

165 870 269 932 dicens
286 893 293 931 ε
311 870 379 933 l'iat
400 871 547 935 voluntas
562 880 626 950 tua,
643 891 707 935 non
730 892 811 935 mea.
828 873 906 937 Nam
963 882 1157 955 spontaneus
1185 875 1224 936 ad
1252 893 1368 955 magna
1392 873 1612 955 equanimiter
1635 874 1713 936 tole-

90 998 151 1033 ,ιιι
165 968 299 1031 Christus
327 970 468 1050 passioni
498 970 726 1053 propinquans,
752 972 813 1034 boc
838 991 908 1033 ver·
963 972 1071 1035 rande.

56 1053 71 1090 '·
164 1067 236 1129 bum
259 1067 298 1129 ad
322 1067 444 1130 Patrem
473 1068 506 1130 in
530 1068 709 1131 humillima
732 1070 781 1131 sui
806 1070 907 1152 ipsius

164 1165 376 1228 annullatione
403 1166 493 1228 dixit.
519 1166 656 1247 Eratque
684 1166 817 1229 verbum
845 1168 906 1231 boc

164 1264 281 1326 Christo
307 1263 481 1343 jucundius
509 1271 603 1346 atquc
637 1264 813 1341 honestius,
843 1266 907 1329 Deo
1176 1224 1422 1290 ARTIGULUS
1442 1225 1499 1289 VI·

162 1361 239 1424 Patri
275 1361 456 1440 amabiliutr,
486 1362 579 1425 nobis
614 1362 735 1438 utilius,
769 1362 906 1427 daemoni
982 1376 1030 1435 Dc
1048 1374 1192 1452 aliquali
1210 1376 1429 1434 elucidatione
1439 1375 1688 1451 predictorum.

163 1456 384 1521 confusibilius
406 1477 500 1541 qnam
522 1459 608 1521 aliud
630 1459 758 1541 aliquod
774 1461 905 1522 verbum

162 1556 240 1636 qnod
270 1574 412 1637 unquam
439 1556 563 1620 loeutus
591 1566 639 1619 est
664 1582 672 1619 ε
698 1557 847 1640 quoniam
873 1558 906 1619 in
1023 1559 1205 1640 reuereri
1233 1559 1338 1640 fallor)
1362 1580 1399 1623 ex
1424 1561 1530 1641 dictis,
1546 1560 1631 1641 quod
1656 1560 1711 1623 do-

163 1654 369 1735 abnegatione
383 1653 520 1736 proprie
542 1654 714 1718 voluntatis
729 1655 842 1718 Christi
858 1675 906 1718 se
1037 1678 1115 1721 num
1150 1658 1276 1722 consilii
1306 1659 1346 1721 sit
1375 1659 1542 1741 dispositio
1571 1658 1711 1721 radicata

162 1752 298 1813 cundum
327 1760 472 1814 naturam
501 1753 682 1831 humanam,
712 1772 823 1817 ornnes
859 1774 907 1817 re-
962 1774 1018 1819 seu
1034 1755 1205 1819 habitualis
1224 1756 1257 1817 in
1278 1757 1395 1833 anima,
1412 1776 1469 1839 per
1488 1775 1582 1838 quam
1602 1756 1634 1817 in
1654 1756 1712 1819 du-

161 1850 277 1931 dempti
314 1850 490 1933 salvatique
524 1870 645 1914 sumus.
674 1852 816 1933 lienique
843 1853 943 1917 bocB
962 1854 1036 1934 biis,
1049 1854 1083 1915 in
1098 1854 1215 1931 arduis,
1228 1854 1261 1915 in
1278 1853 1434 1917 faciendis
1449 1855 1499 1916 vel
1514 1854 1709 1933 omittendis,

161 1948 250 2012 modo
265 1947 308 2009 lit
321 1948 431 2011 divina
445 1948 591 2012 voluntas
605 1950 724 2012 amanti
738 1970 776 2013 ac
791 1951 903 2013 humili
961 1953 1001 2015 de
1024 1952 1142 2033 quibus
1171 1952 1253 2014 intra
1282 1972 1315 2015 se
1341 1952 1538 2032 consiliatur,
1565 1961 1710 2035 prompte

160 2045 283 2109 bomini
299 2046 402 2127 major
416 2066 473 2109 sua
487 2047 607 2125 laetitia,
624 2048 905 2131 vehementiorque
960 2050 1105 2113 allicitur
1129 2050 1268 2128 mobilis,
1285 2050 1399 2114 docilis
1419 2071 1455 2113 ac
1476 2050 1671 2133 inspirabilis
1691 2070 1710 2113 a

159 2144 326 2209 delectatio
346 2146 522 2208 secundum
544 2147 757 2209 sensationcm
779 2167 836 2209 seu
849 2168 907 2229 gu·
960 2148 1080 2230 Spiritu
1103 2148 1253 2227 increato,
1271 2149 1325 2231 qui
1349 2158 1463 2212 nostrae
1484 2148 1616 2212 rationis
1637 2167 1712 2211 con·

159 2252 238 2304 stum
266 2242 479 2324 spiritualem,
508 2244 582 2307 dato
610 2262 667 2325 per
694 2246 903 2326 impossibile,
960 2247 1033 2309 silia
1057 2247 1177 2329 dirigit,
1203 2256 1406 2329 nostramque
1432 2248 1650 2310 infirmitatem
1676 2247 1708 2309 in

158 2341 237 2419 quod
249 2340 335 2402 Deus
351 2340 448 2402 vellet
461 2359 534 2403 eum
549 2342 582 2403 in
598 2341 759 2405 infernum
773 2344 906 2406 descen·
960 2343 1047 2408 omni
1077 2344 1283 2426 inquisitione
1307 2345 1511 2409 corroborare
1534 2364 1571 2408 ae
1596 2364 1706 2425 regere

158 2438 228 2501 dere
261 2438 520 2521 aeternaliterque
556 2440 670 2521 perire.
700 2442 757 2504 llic
792 2452 905 2506 natura
960 2443 1054 2504 valet.
1085 2442 1241 2505 Debemus
1275 2442 1393 2523 quippe
1427 2444 1459 2505 in
1493 2442 1704 2521 consiliando,

158 2538 310 2619 usquead
327 2537 905 2619 infimumestdapressa31leusvero
960 2558 1086 2621 semper
1120 2540 1153 2601 in
1182 2540 1245 2603 Deo
1278 2540 1452 2617 confidere,
1483 2542 1554 2621 ejus
1582 2558 1708 2623 quoque

157 2635 205 2698 bic
228 2643 278 2698 est
305 2636 345 2697 ad
369 2655 555 2717 supremum
576 2638 717 2701 elevatus
737 2648 769 2700 et
789 2640 906 2702 exalta-
958 2656 1052 2720 opem
1073 2658 1200 2721 semper
1224 2646 1344 2720 optare,
1360 2640 1629 2720 quemadmodum
1652 2640 1710 2703 To-

160 2741 216 2796 tus.
236 2735 339 2798 Homo
360 2734 480 2797 etenim
502 2736 585 2812 talis,
607 2744 656 2799 est
675 2736 817 2814 humilis,
838 2756 906 2800 orn-
959 2736 1028 2798 bias
1043 2737 1088 2799 ait
1105 2760 1111 2798 :
1128 2737 1200 2799 Pete
1215 2757 1234 2799 a
1249 2738 1311 2799 Deo
1326 2745 1360 2799 ut
1375 2737 1443 2799 vias
1458 2746 1527 2800 tuas
1542 2737 1710 2819 dirigat,et
1725 2760 1855 2813 retuso.

156 2831 307 2915 ninrnque
321 2832 504 2895 divinorum
515 2834 716 2915 susceptivus
731 2836 902 2899 donorum:
958 2836 1066 2897 omnia
1092 2835 1227 2897 consilia
1252 2842 1304 2897 tua
1329 2834 1361 2896 in
1391 2836 1460 2917 ipso
1489 2844 1705 2917 permaneant.

156 2932 307 3011 quoniam
323 2950 357 2994 se
371 2931 478 3013 ipsum
499 2931 679 3013 abnegavit,
695 2934 829 3014 propriae
852 2952 906 2999 vo-
960 2932 1037 2995 Nam
1060 2932 1221 2996 Salvatore
1244 2940 1401 2995 testante:
1419 2932 1554 3014 Spiritus
1574 2932 1708 2995 Sanetus
1721 2957 1856 3009 reanum,

157 3027 264 3092 luntati
306 3030 512 3107 renuntiavit,
545 3038 576 3093 ct
611 3038 711 3093 totum
746 3049 804 3111 pro
839 3033 941 3095 totoll
960 3039 1107 3111 suggeret
1142 3030 1233 3093 vobis
1261 3030 1378 3093 omnia.
1409 3030 1495 3093 Unde
1525 3030 1556 3092 in
1585 3030 1707 3093 Psalmo
1721 3022 1755 3064 ²⁶·

157 3127 287 3209 largitus
312 3136 372 3205 est,
392 3128 502 3209 nilque
527 3146 584 3209 pro
608 3129 673 3191 illis
696 3130 829 3211 requirit
852 3130 902 3193 vel
960 3128 1278 3191 cantamuszl'ribuat
1293 3128 1350 3189 tibi
1366 3127 1518 3190 Dominus
1533 3128 1707 3191 seeundum
1721 3146 1836 3198 ranas.

156 3226 241 3306 cupit
266 3244 329 3288 nec
352 3224 431 3301 vult,
454 3225 517 3287 nisi
539 3226 623 3306 quod
650 3225 732 3289 Deus
758 3228 904 3291 conferre
960 3245 1016 3289 cor
1030 3234 1130 3304 tuum,
1148 3234 1180 3289 et
1193 3242 1288 3289 omne
1304 3226 1472 3290 consilium
1489 3233 1577 3288 tuum
1593 3226 1709 3289 confir-

156 3323 302 3401 voluerit,
318 3341 357 3387 eo
371 3324 455 3404 quod
475 3324 622 3387 voluntas
636 3324 745 3388 divina
765 3326 848 3389 facta
863 3328 905 3389 sit
960 3332 1034 3387 met.
1051 3324 1108 3387 Per
1123 3325 1242 3387 donum
1258 3324 1344 3386 enim
1361 3324 1486 3387 consilii
1503 3325 1585 3387 [leus
1600 3325 1708 3386 omnia

155 3441 209 3483 sua
229 3422 339 3503 major
354 3421 473 3483 laetitia.
490 3421 547 3496 Qui
569 3430 675 3485 autem
696 3444 730 3485 se
749 3424 853 3505 ipsum
869 3425 903 3486 in
960 3432 1068 3487 nostra
1102 3422 1273 3485 confirmat
1308 3421 1508 3485 consiliativa
1543 3423 1706 3485 scrutinia.

155 3537 259 3583 amore
275 3519 366 3598 [Deo]
383 3518 532 3599 resignat,
549 3518 681 3583 liberior
693 3530 794 3584 exstat
808 3541 904 3604 quarn
960 3522 1110 3583 Versatur
1124 3530 1229 3584 autem
1244 3522 1363 3583 donum
1379 3519 1505 3583 consilii
1521 3518 1606 3583 eirca
1620 3528 1709 3583 actus

155 3616 268 3696 aliquis
301 3616 438 3693 vivens3
464 3618 520 3679 sed
548 3626 581 3679 et
609 3618 679 3681 sine
708 3638 784 3681 cura
811 3621 901 3697 vivit,
959 3620 1128 3697 humanos,
1146 3619 1347 3699 inquantum
1370 3618 1489 3681 cadunt
1509 3618 1568 3679 sub
1591 3617 1657 3679 fide
1678 3626 1710 3680 et

154 3713 305 3793 quoniam
333 3712 415 3776 Deus
443 3715 527 3795 quod
556 3734 649 3777 suum
682 3725 741 3794 est,
771 3718 903 3799 perdere
961 3716 1141 3779 referuntur
1168 3716 1208 3778 ad
1239 3715 1340 3778 finem
1368 3714 1531 3778 felicitatis
1560 3722 1706 3793 aeternae3

153 3811 273 3893 nequit.
290 3811 373 3876 llinc
388 3831 503 3894 nempe
518 3812 611 3891 Deus,
628 3815 774 3895 quamvis
795 3816 903 3879 omnia
960 3834 1018 3878 nec
1034 3814 1136 3879 solum
1152 3812 1316 3877 concemlt
1331 3821 1420 3876 actus
1434 3812 1550 3894 quibus
1572 3831 1709 3895 evange-

155 3909 182 3970 ei
203 3917 279 3973 nota
301 3910 488 3988 consistant,
504 3911 659 3992 quosdam
679 3921 785 3975 tamen
805 3920 904 3976 tentat
959 3910 1158 3975 liea'Ghristi
1184 3910 1318 3974 consilia
1343 3910 1517 3994 adimplere
1543 3929 1705 3990 conamur,

154 4027 190 4070 aa
209 4008 325 4089 probat
344 4008 371 4070 si
393 4027 468 4071 vere
489 4009 727 4091 abnegaverunt
748 4030 782 4073 se
804 4012 900 4093 ipsos,
959 4010 1014 4073 sed
1049 4010 1145 4073 etiam
1180 4008 1380 4091 operationes
1415 4008 1532 4090 quibus
1561 4009 1709 4073 mandata

155 4106 197 4168 ita
223 4115 259 4169 ut
282 4105 456 4170 clarificari
480 4115 512 4169 et
534 4108 598 4170 lleo
615 4108 754 4176 ,honeste
778 4110 903 4193 sibique
960 4128 1134 4173 servamus.
1151 4108 1216 4172 lmo
1232 4108 1402 4171 consilium
1418 4108 1502 4169 istud
1517 4107 1707 4171 directivum

154 4204 276 4267 utiliter
290 4204 401 4267 vivere
416 4203 550 4285 possint.
564 4204 651 4267 Unde
666 4206 809 4267 vicissim
825 4208 904 4270 tales
920 4212 1008 4274 llest
1032 4208 1164 4271 rationis
1185 4208 1218 4269 in
1238 4207 1326 4271 omni
1346 4205 1530 4290 operatione
1555 4206 1705 4287 bumana,

156 4302 318 4366 adextero
338 4302 437 4365 latere
451 4303 491 4365 ad
514 4302 678 4365 sinistrum
701 4304 782 4367 latus
803 4313 906 4368 trans-
959 4307 1083 4371 faciens
1112 4306 1267 4369 rationem
1294 4304 1430 4386 Spiritus
1459 4304 1565 4367 Sancti
1596 4305 1709 4368 instin-

156 4401 256 4481 ponit,
271 4400 423 4464 videlicet
437 4400 478 4463 ab
493 4402 614 4484 ingenti
629 4402 728 4464 animi
744 4403 905 4485 voluptate
959 4414 1046 4468 ctum
1061 4404 1187 4483 sectari,
1204 4412 1297 4484 atque
1313 4402 1345 4464 in
1366 4403 1488 4483 agendo
1503 4411 1534 4465 et
1549 4402 1708 4466 sustinen-

157 4499 194 4561 ad
229 4517 384 4581 magnum
419 4499 578 4563 exsilium.
609 4500 802 4583 l'ideturque
833 4502 906 4566 talis
959 4504 1011 4580 do,
1033 4502 1159 4583 regulas
1181 4501 1260 4582 legis
1282 4500 1398 4562 divine
1424 4499 1539 4561 intueri
1565 4520 1602 4563 ac
1624 4519 1708 4563 asse-

155 4597 246 4677 quasi
261 4616 282 4659 a
297 4597 526 4679 lleoomnique
540 4607 684 4661 creatura
706 4608 906 4683 contemptus
960 4601 1025 4682 qui.
1055 4599 1276 4681 Principaliter
1304 4606 1410 4660 tamen
1445 4606 1590 4661 versatur
1623 4600 1709 4662 circa

156 4703 250 4777 atque
276 4694 416 4758 relictus.
444 4696 504 4757 Sed
530 4696 556 4757 si
581 4705 654 4760 ante
679 4698 713 4759 in
737 4717 844 4762 amore
868 4720 905 4762 ac
960 4697 1160 4781 operationes
1188 4696 1352 4773 difficiles,
1383 4696 1422 4758 de
1451 4695 1566 4776 quibus
1594 4696 1709 4759 dantur

157 4793 315 4874 spirituali
332 4792 440 4856 laetitia
454 4813 489 4856 se
504 4793 609 4875 ipsum
625 4813 661 4859 ac
676 4796 837 4879 propriam
852 4816 907 4861 vo
961 4796 1105 4873 consilia,
1132 4814 1202 4878 que
1226 4795 1264 4856 ad
1290 4792 1518 4876 perlectionem
1545 4810 1709 4876 superero-

157 4890 311 4956 luntatem
335 4892 515 4974 abnegavit,
539 4894 585 4956 sic
610 4896 694 4977 quod
719 4895 799 4957 nibil
821 4896 906 4976 quod
960 4894 1189 4976 galienumque
1210 4891 1382 4974 pertinent.

157 5008 249 5052 suum
272 4999 322 5053 est
343 4991 500 5072 quesivit,
517 4993 573 5055 sed
595 4994 828 5075 beneplacitam
850 4994 905 5056 Dei
1000 4991 1174 5056 Consilium
1191 4990 1295 5070 itaque
1310 4990 1475 5052 ordinatur
1489 4986 1527 5051 ad
1543 5006 1633 5072 opus,
1647 4995 1709 5051 est·

157 5088 353 5152 voluntatem
373 5090 406 5151 in
428 5089 599 5169 omnibus3
615 5092 648 5153 in
667 5110 762 5173 poena
780 5110 906 5174 quoque
960 5109 1022 5172 que
1037 5090 1173 5171 qualitas
1189 5087 1301 5150 rationi
1318 5088 1483 5169 impressa,
1493 5088 1532 5149 ad
1548 5089 1708 5168 sequenda

156 5194 251 5268 atque
265 5188 379 5253 exsilio
394 5206 428 5249 se
444 5187 550 5269 ipsum
571 5189 710 5253 totaliter
723 5190 904 5271 abnegabit,
963 5188 1097 5253 consilia
1122 5186 1175 5249 Dei
1201 5186 1370 5249 inclinans.
1387 5186 1508 5249 Idcirco
1528 5186 1641 5249 Doctor
1661 5186 1709 5247 di·

155 5283 200 5346 nil
223 5303 320 5347 sunm
341 5284 518 5367 requirens,
538 5286 593 5349 sed
614 5286 669 5350 [lei
693 5287 847 5351 bonorem
872 5287 905 5351 in
962 5288 1057 5351 vinus
1075 5287 1130 5366 ait,
1148 5286 1251 5369 ipsum
1271 5285 1397 5347 consilii
1422 5286 1540 5348 donum
1565 5302 1634 5347 esse
1659 5284 1707 5350 in-
