4309 6259
474 483 535 548 436
605 502 647 549 ΒΕ
666 502 869 549 audemaro
889 503 1019 549 atrabis
1040 502 1078 547 Er
1098 502 1195 547 lttssm
1217 500 1442 549 GELEBRATIONE
1464 502 1622 549 DlALOGUS.
1646 522 1687 532 -
1707 504 1779 550 ΛΒΤ.
1803 502 1896 549 mut

342 693 419 737 caat.
440 704 464 744 ιι,
476 670 612 754 quisque
640 672 780 754 ipsorum
812 695 819 732 ε
846 671 937 751 Vivo,
966 671 1033 753 jam
1060 689 1125 734 non
1153 691 1224 752 ego,
1241 674 1266 733 Α
1281 672 1341 734 tire
1369 671 1504 753 qualiter
1531 671 1674 736 Christus
1709 670 1910 754 spiritualiter
1935 673 1998 735 sumi

329 758 365 801 ²⁰·
478 769 557 833 vivit
570 789 646 834 vero
660 770 693 831 in
713 789 764 833 me
778 770 930 832 Christus.
947 770 986 831 Et
1005 768 1049 831 ita
1067 769 1227 832 consumit
1281 778 1384 851 potest
1398 770 1467 832 sine
1484 771 1697 850 Sacramenta,
1707 770 1856 852 quoniam
1871 770 1998 851 languent

477 888 544 949 eos,
567 888 632 931 non
653 868 862 931 substantiam
884 868 1077 931 destruendo
1098 887 1157 930 nec
1180 868 1227 929 vi·
1279 867 1437 930 desiderio
1465 868 1611 931 humanae
1640 869 1814 950 prasentia
1837 868 1951 931 Christi.
1972 869 1998 929 u
2093 948 2094 957 ἵ

476 986 539 1046 res,
565 967 620 1029 sed
648 966 802 1049 quidquid
831 966 968 1047 propria
992 965 1167 1028 voluntatis
1194 973 1226 1027 et
1280 983 1374 1027 nemo
1389 973 1493 1046 potest
1507 966 1553 1029 eis
1574 966 1753 1045 consulere,
1770 974 1824 1028 aut
1841 984 1893 1029 eos
1909 966 1998 1045 jurare

478 1065 663 1128 inordinatae
678 1063 860 1126 affectionis
880 1071 927 1126 est
946 1063 1061 1127 tollens
1077 1063 1118 1125 ab
1133 1064 1222 1145 ipsis,
1281 1082 1337 1125 seu
1351 1064 1568 1144 tranquillare,
1586 1063 1648 1125 nisi
1668 1064 1827 1145 accipiant
1843 1063 1998 1125 Sacramen-

476 1164 521 1226 ita
548 1170 582 1225 ut
610 1163 703 1244 plene
731 1163 796 1225 sint
824 1162 975 1243 resignati
1004 1171 1035 1224 et
1062 1160 1222 1243 abnegati.
1280 1170 1347 1223 tum
1365 1184 1371 1222 :
1389 1181 1451 1243 quo
1466 1170 1608 1243 accepto,
1625 1172 1699 1225 sunt
1714 1163 1829 1243 pacati,
1845 1171 1875 1225 et
1893 1171 1999 1223 utuntur

476 1260 640 1342 Quumque
662 1260 708 1322 sic
729 1260 855 1342 purgati
876 1260 1013 1337 fueritis,
1034 1268 1066 1322 et
1085 1260 1158 1341 igne
1178 1260 1226 1322 di·
1280 1276 1337 1319 suo
1352 1258 1472 1321 Dilecto
1496 1258 1528 1320 in
1551 1259 1659 1341 quiete
1681 1268 1712 1321 et
1733 1260 1888 1341 spirituali
1910 1278 1997 1341 sapora

476 1360 543 1421 vini
567 1360 686 1422 amoris
714 1359 871 1439 succensi,
897 1358 1039 1420 Christus
1063 1359 1165 1439 aperit
1188 1377 1223 1420 os
1279 1374 1315 1417 ac
1351 1354 1593 1437 supereffluenti
1629 1356 1811 1436 dulcedine,
1847 1377 1938 1439 usque
1969 1358 1997 1418 ad

475 1476 570 1519 suum
584 1464 620 1519 ut
633 1456 752 1533 vultur,
769 1454 801 1517 id
816 1464 875 1534 est,
892 1473 965 1517 cum
982 1454 1103 1535 ingenti
1119 1455 1224 1518 cordis
1279 1460 1403 1533 tempus
1431 1473 1493 1535 quo
1521 1454 1622 1535 gratia
1650 1462 1682 1517 et
1704 1455 1885 1519 exercitatio
1907 1455 1997 1517 ifamm

476 1554 596 1617 affectu
618 1553 786 1636 conjungit
807 1571 863 1616 vos
888 1552 948 1614 sibi
968 1560 1000 1613 et
1020 1551 1169 1614 absorbet
1191 1552 1222 1613 in
1279 1559 1450 1613 renovatur
1465 1551 1498 1613 iu
1512 1550 1580 1631 eis,
1597 1561 1737 1633 tuncque
1752 1572 1861 1615 rursus
1875 1553 1998 1616 labuntur

475 1672 521 1731 se,
551 1651 700 1733 cupitque
728 1659 762 1712 ut
797 1650 1014 1712 indesinenter
1048 1649 1223 1712 ferventius
1278 1647 1311 1709 in
1340 1649 1478 1731 priorem
1512 1650 1771 1713 communicandi
1806 1650 1947 1714 affectum
1975 1658 1997 1711 et
2094 1716 2095 1721 γ

475 1759 506 1812 et
529 1749 673 1812 intimius
700 1746 938 1810 invisceremini
963 1748 1004 1827 ei,
1027 1748 1070 1809 ita
1089 1750 1172 1828 quod
1196 1748 1220 1810 si
1278 1748 1436 1825 ecstasim,
1453 1748 1543 1830 quasi
1559 1768 1722 1831 nunquam
1737 1751 1998 1812 anteaSacramen-
2094 1744 2095 1755 ³

474 1848 608 1930 limpido
632 1846 796 1909 intellectu
820 1846 1031 1928 conciperetis
1054 1846 1259 1911 inanima-B
1278 1853 1345 1906 tum
1367 1845 1589 1926 sumpsissent.
1606 1845 1666 1909 Cor
1680 1866 1790 1909 eorum
1812 1847 1878 1910 hiat
1897 1856 1923 1909 et
1941 1866 1997 1927 ape

473 1947 572 2009 bilem
600 1945 807 2009 eminentiam
835 1963 899 2006 suaa
927 1943 1068 2005 caritatis
1096 1946 1134 2006 ad
1171 1964 1223 2007 ve·
1278 1942 1357 2005 ritur
1384 1943 1474 2026 quasi
1502 1952 1609 2007 essent
1636 1944 1801 2025 insensati,
1832 1954 1866 2008 ut
1896 1964 1996 2007 rursum

473 2053 571 2107 stram
586 2043 732 2121 salutem,
748 2042 801 2103 viu
822 2042 958 2123 possetis
979 2059 1036 2104 vos
1058 2042 1222 2105 continere
1277 2041 1525 2104 communicent.
1541 2041 1614 2105 ldeo
1628 2042 1787 2124 designati
1807 2052 1879 2106 sunt
1898 2062 1947 2125 per
1962 2063 2077 2113 reim

473 2143 552 2223 quin
574 2160 680 2205 amore
702 2140 865 2222 reciproco
886 2148 918 2202 et
940 2149 1029 2220 grata
1049 2139 1222 2203 affectione
1277 2138 1398 2219 guium,
1414 2139 1468 2220 qui
1489 2158 1552 2203 non
1575 2140 1711 2203 cessavit
1731 2141 1812 2222 quin
1831 2140 1958 2203 Christus
1972 2140 1995 2201 in
2006 2136 2052 2177 ⁸⁰⁴⁴·

473 2240 644 2303 tenderetis
666 2238 698 2299 in
721 2239 838 2320 ipsum.
861 2237 983 2299 Dicitur
1002 2255 1129 2319 quoque
1151 2238 1222 2319 plus
1277 2237 1407 2299 domum
1436 2256 1526 2299 suam
1549 2237 1768 2315 descenderet,
1795 2238 1874 2301 alias
1899 2238 1997 2321 putarit
2095 2258 2096 2275 1

474 2339 634 2420 postulare
655 2355 751 2417 quam
772 2335 901 2417 possitis
927 2335 1091 2399 exsolvere
1115 2359 1122 2397 ι
1145 2355 1223 2418 quo-
1277 2333 1382 2396 filium
1408 2354 1500 2397 suum
1522 2336 1667 2417 protinus
1689 2336 1942 2399 moriturum-
1958 2336 1998 2397 Se

474 2435 559 2497 niam
573 2432 663 2515 jubet
678 2453 711 2496 se
733 2442 798 2495 toto
819 2432 908 2513 diligi
930 2434 1035 2509 corde,
1053 2433 1137 2513 quod
1157 2450 1221 2493 non
1278 2433 1382 2493 cunda
1396 2452 1432 2495 ac
1448 2432 1542 2495 altior
1562 2433 1685 2516 species
1705 2435 1996 2509 communicantium,

473 2533 507 2595 in
524 2532 644 2595 viased
660 2532 809 2613 lupatria
827 2530 968 2613 perfecte
983 2530 1154 2611 impletur3
1171 2530 1221 2592 vel
1278 2538 1324 2592 est
1343 2530 1508 2593 hominum
1528 2531 1582 2612 qui
1602 2532 1735 2594 subtiles
1755 2540 1828 2595 sunt
1848 2532 1996 2600 intellectu,

473 2630 548 2713 quia
560 2628 722 2693 beneficia
736 2629 807 2710 ejus
821 2648 858 2690 ac
880 2629 994 2690 caritas
1013 2628 1052 2690 ad
1072 2646 1129 2691 vos
1149 2636 1223 2689 sunt
1278 2637 1309 2690 et
1334 2628 1564 2691 intellectuales
1597 2630 1630 2691 in
1646 2630 1772 2712 spiritu,
1794 2640 1825 2693 et
1849 2640 1944 2694 tamen
1963 2630 1998 2691 iu·

472 2738 538 2791 tam
563 2747 689 2810 magna,
715 2727 800 2808 quod
827 2726 928 2789 vicem
954 2726 1146 2807 condignam
1175 2744 1223 2787 re-
1278 2726 1444 2789 clinahiles
1465 2746 1502 2789 ac
1525 2726 1637 2790 lubrici
1659 2748 1697 2791 ex
1718 2737 1830 2792 natura
1848 2754 1855 2791 :
1872 2730 1920 2810 qui
1939 2729 1996 2789 dum

473 2827 613 2910 pendere
634 2844 699 2889 non
720 2824 845 2888 valetis.
1276 2825 1410 2907 gratiam
1440 2826 1495 2888 Dei
1523 2825 1696 2907 accipiunt,
1722 2836 1950 2908 perseverantes
1973 2825 1997 2885 in

515 2923 800 2988 Sacranos-En
815 2923 876 3002 his,
892 2921 1003 2999 fateor,
1020 2921 1119 2983 claret
1135 2922 1223 2984 intel·
1278 2942 1326 3002 ea,
1354 2943 1486 2987 necesse
1517 2924 1636 2987 habent
1671 2944 1754 3007 saepe
1790 2934 1915 3005 certare,
1940 2924 1997 3005 quia

474 3022 606 3103 ligentia
638 3021 851 3083 inductorum.
886 3020 1039 3082 Praeterea
1071 3019 1182 3082 scribit
1212 3020 1310 3093 :cin
1327 3022 1373 3084 eis
1394 3040 1468 3085 caro
1490 3022 1615 3104 spiritui
1638 3024 1858 3087 contrariatur.
1874 3024 1938 3087 ldeo
1956 3020 1998 3083 ali·

474 3119 578 3182 Prima
612 3118 796 3181 differentia
828 3118 1144 3197 communicantium,
1175 3126 1222 3181 est
1278 3128 1356 3201 gunt
1374 3122 1543 3202 quamdam
1563 3120 1661 3183 vitam
1683 3121 1901 3199 introversam,
1919 3128 1945 3183 ct
1960 3138 1999 3181 es·

473 3218 661 3281 devotorum
678 3217 734 3298 qui
754 3236 792 3279 ex
813 3225 926 3279 natura
944 3225 1019 3280 sunt
1032 3218 1133 3279 teneri
1154 3236 1222 3279 cor·
1277 3218 1425 3282 ercitium
1454 3219 1488 3280 in
1516 3218 1628 3300 spiritu
1658 3237 1765 3282 coram
1795 3220 1858 3283 Deo
1885 3243 1893 3281 ε
1919 3226 1946 3281 at
1967 3218 2000 3277 ita

473 3316 523 3378 dis
549 3338 556 3376 ε
582 3314 636 3396 qui
665 3315 741 3377 dum
769 3322 944 3395 tanguntur
970 3314 1071 3395 gratia
1100 3314 1166 3393 Dei,
1193 3315 1220 3376 si
1278 3314 1440 3396 effugiunt
1467 3314 1654 3378 tentationes
1682 3324 1714 3378 et
1741 3324 1846 3379 motus
1875 3312 2000 3395 coucupi-

472 3422 549 3476 tunc
571 3422 745 3495 sequantur
764 3422 884 3476 motum
903 3413 1012 3494 gratiae
1034 3422 1128 3493 atque
1148 3413 1222 3475 obe·
1279 3412 1482 3476 scentiarum.
1506 3413 1564 3487 Qui
1586 3413 1612 3475 si
1634 3422 1710 3476 tunc
1732 3414 1833 3496 magis
1860 3413 2000 3478 confidunt

471 3512 563 3574 diant
596 3511 637 3591 ei,
666 3512 699 3573 in
735 3518 858 3573 tautum
893 3510 1079 3573 accenditur
1110 3529 1220 3574 eorum
1278 3511 1311 3572 in
1326 3512 1389 3573 Deo
1404 3518 1436 3573 et
1457 3510 1490 3572 in
1511 3511 1613 3592 gratia
1626 3511 1708 3593 ejus,
1725 3530 1821 3593 quam
1835 3512 1868 3575 in
1887 3508 1999 3595 propriis

471 3608 603 3673 affectio
627 3618 660 3673 et
683 3608 850 3672 delectatio
874 3609 912 3669 ad
935 3608 1050 3671 Christi
1075 3609 1222 3670 humani·
1278 3608 1448 3687 exercitiis,
1478 3608 1609 3688 viribuS,
1639 3609 1761 3671 meritis
1789 3618 1821 3672 et
1848 3607 1998 3683 industriis,
2097 3596 2098 3627 ³

471 3717 581 3785 tatem,
604 3708 689 3789 quod
711 3707 825 3770 leviter
843 3713 1049 3769 contemnant
1071 3715 1103 3768 et
1127 3707 1222 3769 relin-
1278 3708 1442 3770 elevantur
1466 3725 1561 3788 supra
1583 3726 1672 3769 suam
1694 3708 1906 3789 cognitionem
1926 3704 2000 3767 ratio

473 3814 573 3887 quant
597 3806 704 3868 omnia
726 3824 796 3886 quae
818 3812 891 3867 sunt
920 3803 1042 3882 mundi,
1065 3815 1221 3886 qnatenus
1278 3805 1383 3867 nalem
1399 3805 1431 3867 in
1447 3805 1568 3867 lumine
1583 3805 1658 3883 llei3
1676 3806 1708 3867 in
1724 3825 1788 3888 quo
1803 3807 1828 3868 si
1851 3803 2000 3868 manserint

474 3904 597 3986 possint
618 3902 665 3965 uti
681 3920 739 3965 suo
758 3902 877 3964 Dilecto
897 3903 1072 3964 secundum
1092 3904 1221 3965 modum
1278 3903 1404 3982 elevati,
1434 3910 1465 3965 et
1494 3904 1565 3983 plus
1593 3904 1770 3967 amaverint
1797 3923 1833 3967 ae
1868 3902 2000 3965 desidera-

474 4019 539 4081 quo
553 4008 727 4081 tanguntur
741 4000 916 4062 secundum
931 3999 1116 4062 sensibilem
1133 4018 1222 4062 suam
1278 4001 1382 4064 verint
1416 4001 1500 4082 quod
1529 4019 1625 4082 supra
1659 4002 1815 4065 rationem
1841 4009 1887 4065 est
1912 4018 1943 4061 ac
1964 3998 2001 4057 iu-

476 4097 681 4161 affectiouem
697 4117 733 4160 ac
755 4097 892 4158 dulcem.
909 4098 947 4158 Et
965 4098 1040 4178 quia
1061 4117 1126 4160 nou
1148 4118 1224 4179 que·
1279 4097 1579 4179 comprehensibile,
1595 4116 1689 4179 quam
1705 4108 1814 4162 ament
1828 4107 1921 4163 totum
1934 4094 2000 4177 quod

475 4204 535 4259 unt
549 4214 606 4259 suo
627 4196 760 4258 Domino
779 4195 831 4256 hic
853 4195 953 4275 magis
967 4196 1223 4277 appropinquare
1240 4201 1263 4263 D
1279 4196 1340 4277 ipsi
1356 4215 1468 4278 capere
1483 4204 1615 4278 possunt
1630 4216 1701 4260 cum
1718 4198 1850 4277 ratione,
1868 4205 1934 4258 tunc
1948 4212 2002 4274 per

477 4313 573 4375 quam
595 4294 627 4355 in
651 4294 865 4369 Sacramenta,
887 4292 958 4355 ideo
979 4293 1098 4355 cadunt
1120 4294 1152 4355 in
1174 4314 1225 4357 ec·
1279 4294 1363 4357 fecta
1390 4293 1429 4356 fit
1456 4294 1538 4357 fides
1567 4312 1688 4375 eorum,
1713 4303 1745 4359 et
1774 4296 1885 4359 caritas
1908 4294 1936 4355 in
1957 4306 2001 4351 suo

474 4394 585 4455 stasim
601 4410 657 4455 seu
671 4390 832 4453 defectum
846 4390 1005 4453 desiderio
1016 4391 1222 4472 Sacrameuti‚
1279 4390 1378 4455 fundo
1404 4400 1487 4455 recte
1511 4390 1661 4454 fundatur
1683 4415 1690 4452 :
1712 4400 1743 4454 et
1764 4393 1808 4455 ita
1826 4400 1896 4455 sunt
1914 4387 1998 4459 liberi,

474 4492 519 4555 ita
532 4491 618 4573 quod
633 4490 679 4553 eis
700 4496 832 4572 apparet
853 4488 937 4569 quod
960 4488 1066 4550 furere
1089 4489 1225 4553 debeant
1280 4498 1311 4552 et
1325 4496 1500 4570 agnoscunt
1514 4490 1612 4552 Deum
1627 4486 1663 4552 ac
1684 4489 1848 4553 veritatem
1868 4486 2000 4554 omnium·

474 4598 528 4653 aut
552 4589 668 4671 perire,
689 4587 750 4649 nisi
776 4587 899 4668 possint
922 4585 962 4647 ad
984 4587 1222 4649 Sacramentum
1280 4606 1340 4669 que
1369 4588 1520 4649 virtutum
1547 4587 1697 4650 radicem.
1724 4588 1938 4649 Verumtamen
1959 4600 2001 4643 ua-

474 4688 636 4751 accedere.
657 4687 771 4748 Verum
787 4684 879 4765 pauci
897 4693 971 4746 sunt
985 4685 1075 4761 taleS,
1093 4693 1125 4747 et
1140 4704 1225 4747 com·
1280 4693 1350 4747 tura
1370 4692 1476 4747 manet
1494 4685 1567 4747 viva
1586 4686 1621 4747 in
1642 4704 1737 4749 carne
1759 4693 1791 4747 et
1812 4684 1962 4766 sanguine,
1976 4678 2001 4739 in

473 4786 615 4849 muniter
638 4790 712 4845 sunt
732 4782 882 4844 mulieres
903 4790 958 4844 aut
978 4782 1133 4863 virgiueS,
1154 4802 1224 4865 quae
1280 4782 1481 4864 passionibus
1506 4790 1537 4845 et
1562 4781 1825 4846 inclinationibus
1848 4782 1910 4844 suis
1935 4778 2002 4840 inor·

474 4890 549 4947 sunt
563 4892 678 4944 tenerae
693 4880 1005 4962 complexionish'ee
1020 4889 1095 4943 sunt
1110 4883 1224 4945 elevati
1280 4881 1396 4943 dinatis
1407 4904 1413 4942 :
1424 4899 1502 4962 quas
1518 4881 1593 4943 dum
1608 4882 1776 4943 actualiter
1790 4882 1822 4944 iu
1839 4900 1871 4943 se
1885 4876 2002 4941 sentiunt

474 4988 530 5045 aut
553 4980 688 5041 multum
713 4978 883 5040 illuminati
910 5002 918 5039 :
941 4978 1017 5040 hinc
1041 4980 1225 5043 exercitatio
1281 4988 1312 5041 et
1326 4980 1503 5057 advertunt,
1519 4978 1677 5059 abjiciunt
1697 4987 1729 5041 et
1744 4984 1943 5043 contemnunt
1961 4989 2002 5033 aas

476 5097 587 5144 eorum
602 5085 651 5140 est
666 5075 822 5139 sensualis
836 5084 892 5138 aut
910 5076 1223 5158 concupiscentialis,
1280 5086 1312 5139 et
1325 5095 1419 5139 omne
1439 5076 1522 5157 quod
1541 5076 1574 5138 in
1597 5076 1674 5159 ipsis
1689 5078 1751 5140 Deo
1767 5097 1804 5140 ac
1820 5073 1907 5140 saluti
1921 5076 2002 5136 exstat

477 5186 509 5240 et
533 5174 664 5241 omniuo
689 5172 912 5236 transformata
936 5194 1009 5238 cum
1031 5177 1145 5238 Christi
1168 5178 1226 5239 hu·
1281 5174 1532 5238 contrariumllt
1547 5174 1782 5239 sensualitatem
1797 5176 2001 5255 relinquentes,

478 5276 651 5351 manitate;
672 5291 730 5335 nec
752 5271 930 5353 intelligere
951 5273 1058 5335 valent
1078 5283 1133 5337 aut
1155 5295 1226 5338 seu·
1280 5272 1408 5354 fugiunt
1422 5274 1460 5335 ad
1477 5272 1560 5336 intra
1575 5274 1608 5335 in
1623 5274 1737 5356 spiritu
1752 5294 1857 5339 coram
1871 5274 1930 5336 Deo
1943 5284 2003 5333 cunt
