4309 6259
433 461 493 527 alo
759 477 800 524 os
819 476 910 524 noma
930 476 1065 523 srmrros
1087 475 1205 536 snm-rr,
1227 474 1402 522 mammos
1423 474 1468 521 m.
1491 494 1532 505 -
1552 475 1622 521 nar.
1645 475 1666 519 v

434 648 554 731 quippe
578 648 633 731 qui
662 648 743 710 nihil
772 648 934 729 inquirere
962 655 1044 729 eget,
1071 656 1102 709 et
1130 646 1182 709 cni
1197 646 1222 708 Α
1239 654 1339 722 tuum,
1360 646 1435 727 qnia
1460 653 1534 708 tunc
1553 645 1706 709 Dominus
1728 654 1775 709 cst
1795 645 1878 708 Dens
1901 653 1982 723 tuus,

433 746 543 810 omnia
570 746 772 824 arternaliter,
799 746 864 809 imo
887 754 918 808 et
942 743 1184 828 praesentialiter
1237 753 1267 805 et
1282 743 1458 806 adorabunt
1473 763 1546 805 eum
1561 762 1672 806 omnes
1687 743 1771 805 vires
1787 752 1856 806 tuas.
1871 744 1984 825 Sicque

435 852 530 926 atque
558 843 781 922 infallibiliter,
811 844 896 906 clara
923 863 960 905 ac
989 852 1064 906 nota
1096 850 1179 905 sunt.
1238 850 1390 923 perpetuo
1410 840 1585 905 offeremus
1606 842 1648 917 ei,
1671 842 1746 923 quia
1767 840 1911 922 potentia
1931 860 1984 903 uo

433 941 515 1004 llinc
549 942 636 1004 enim
670 942 882 1004 Damascenus
914 939 1067 1020 affirmat,
1097 938 1181 1021 quod
1238 948 1301 1001 stra
1327 939 1466 1001 amative
1494 958 1620 1021 semper
1653 938 1820 1001 inclinabit
1854 939 1889 1000 in
1925 940 1985 1020 spi-

434 1039 597 1102 consiliari
612 1058 676 1103 non
698 1039 848 1103 convenit
868 1038 930 1099 nisi
954 1038 1112 1119 ignoranti
1126 1056 1182 1099 na·
1238 1037 1383 1100 ritualom
1408 1038 1571 1101 unionem.
1592 1037 1664 1100 llaec
1688 1044 1794 1099 autem
1821 1035 1983 1099 inclinatio

434 1145 522 1200 turae.
538 1137 621 1199 llicit
642 1137 728 1200 enim
749 1136 968 1219 Philosophus,
985 1137 1068 1217 quod
1088 1152 1181 1217 opor·
1236 1150 1381 1195 amorosa
1395 1140 1443 1195 est
1464 1133 1569 1195 oleum
1591 1132 1679 1215 pacis
1700 1140 1816 1195 nostrae
1839 1132 1980 1209 iuterna,

433 1242 478 1297 tet
498 1236 586 1298 tarde
606 1236 736 1317 quidem
757 1234 931 1313 consiliari,
954 1234 1107 1297 velociter
1126 1253 1180 1296 au·
1235 1250 1297 1313 qua
1312 1250 1422 1294 omnes
1437 1232 1634 1294 adversarios
1649 1240 1773 1295 nostros
1789 1229 1980 1313 effugamus,

431 1341 496 1395 tem
511 1333 677 1397 consiliata
691 1334 850 1415 prosequi.
866 1332 1009 1395 Praedicti
1025 1351 1100 1395 vero
1114 1340 1178 1394 tres
1235 1338 1482 1411 perpetuamque
1498 1330 1530 1391 in
1542 1330 1606 1392 Deo
1620 1329 1759 1409 quietem
1773 1328 1980 1410 acquirimus,

431 1438 521 1493 actus
545 1432 681 1509 consilii,
707 1432 803 1494 otiam
829 1431 1005 1512 prudentia
1029 1430 1096 1491 sive
1124 1449 1178 1491 en·
1234 1426 1406 1489 dummodo
1429 1426 1601 1489 habeamus
1627 1427 1660 1489 in
1684 1446 1722 1489 ea
1746 1426 1900 1489 unionem
1923 1426 1982 1508 spi-

431 1528 526 1591 buliae
547 1537 743 1611 competunt,
760 1530 814 1591 sed
836 1548 900 1592 non
922 1529 1001 1591 adeo
1022 1526 1179 1589 excellen—
1235 1524 1313 1587 ritus
1328 1523 1389 1586 sibi
1405 1524 1477 1606 ipsi,
1490 1524 1525 1586 in
1539 1542 1646 1587 amore
1661 1524 1798 1587 demersi
1814 1524 1846 1586 iu
1863 1524 1980 1588 unione

431 1634 479 1689 ter
499 1635 535 1689 ut
554 1628 638 1691 douo
659 1627 797 1706 consilii,
813 1645 918 1707 neque
936 1626 976 1689 ad
991 1634 1055 1687 tam
1077 1626 1179 1688 excel·
1233 1622 1300 1683 Dei.
1317 1622 1432 1702 Sicque
1454 1621 1639 1684 interiorem
1658 1621 1899 1703 simplicitatem
1919 1640 1981 1685 sor-

430 1724 547 1787 lentem
577 1724 689 1804 finem,
716 1725 777 1788 nisi
808 1725 951 1789 fortassis
974 1743 1031 1807 per
1057 1724 1178 1787 donum
1233 1718 1339 1795 timor,
1349 1719 1382 1780 in
1397 1738 1459 1801 qua
1473 1728 1613 1781 nostram
1630 1718 1839 1782 clarificatam
1854 1720 1982 1800 spiritu-

430 1823 557 1886 consilii
584 1824 772 1887 ordinentur
806 1832 895 1886 actus
929 1822 1105 1905 prudentia
1137 1822 1177 1884 ad
1195 1815 1315 1879 Balem
1336 1816 1609 1879 conversationem
1630 1834 1737 1879 coram
1755 1816 1820 1879 Deo
1845 1814 1980 1880 fundare

428 1920 659 1985 beatitudiuem
674 1922 957 2004 supernaturalem.
1233 1913 1405 1991 debemus3
1429 1913 1475 1975 sic
1497 1931 1622 1993 quoque
1645 1912 1813 1976 introversi
1839 1914 1981 1977 manehi-

1233 2029 1314 2088 mus,
1335 2020 1367 2073 et
1390 2011 1473 2073 Deus
1495 2010 1614 2091 jugiter
1637 2009 1793 2074 habitabit
1816 2012 1849 2073 in
1877 2011 1979 2088 nobis,

1233 2126 1358 2189 nosque
1373 2108 1406 2169 in
1421 2109 1502 2189 ipso.

645 2179 892 2244 ARTICULUS
915 2179 956 2242 V·
1270 2206 1409 2270 atvero
1434 2206 1503 2268 istis
1528 2206 1722 2269 concordant
1745 2214 1777 2269 ct
1802 2216 1980 2271 consonant

456 2331 504 2390 De
522 2331 607 2389 dono
626 2330 769 2397 consilii,
784 2330 960 2389 secundum
977 2332 1146 2390 Ductorem
1230 2323 1299 2387 (1¹¹ae
1321 2305 1405 2367 idssffl
1427 2306 1541 2368 D⁰⁰t⁰s
1561 2306 1595 2367 5¹¹
1618 2304 1699 2367 ΗΜ)
1720 2305 1904 2387 8ΡῙΓῙῑῑῑθῙῑὸ
1929 2308 1980 2369 de·

716 2418 880 2478 diviuum,
1230 2403 1444 2483 sponsationis
1465 2404 1595 2466 adducit
1616 2403 1728 2467 :Dono
1749 2403 1883 2485 (inquit)
1906 2424 1979 2469 con-

1230 2500 1292 2562 silii
1313 2502 1395 2563 Deus
1416 2501 1507 2564 Pater
1526 2501 1689 2564 hominem
1711 2502 1845 2565 interius
1867 2504 1975 2581 trahit,

487 2602 714 2680 REQUENTER
736 2603 770 2666 in
792 2603 883 2666 libris
903 2605 969 2667 suis
988 2612 1102 2668 tractat
1116 2604 1175 2670 Do-
1229 2606 1321 2679 atque
1336 2599 1419 2661 inter
1434 2599 1551 2662 electos
1566 2618 1640 2663 suos
1655 2600 1693 2662 ad
1709 2600 1871 2663 dexteram
1888 2620 1976 2664 suam

501 2712 570 2767 ctor
583 2703 711 2767 divinus
732 2704 772 2765 de
793 2702 887 2766 donis
901 2702 1037 2785 Spiritus
1051 2703 1169 2766 Sancti.
1228 2717 1301 2760 eum
1329 2698 1493 2761 constituit
1522 2698 1554 2759 in
1580 2698 1707 2761 unione.
1734 2698 1795 2760 Sed
1821 2707 1853 2761 et
1879 2700 1976 2762 Filius

422 2803 566 2885 Denique
588 2802 622 2863 in
644 2800 726 2863 libro
747 2800 787 2861 de
808 2799 1025 2863 Tabernaculo
1045 2800 1169 2881 Moysis,
1227 2795 1435 2876 spiritualiter
1459 2796 1548 2873 dicit,
1571 2796 1709 2877 Sequere
1735 2816 1796 2873 me,
1823 2799 2088 2878 quoniamrmn.

421 2902 462 2965 de
483 2902 568 2965 dono
589 2898 715 2961 consilii
738 2897 872 2981 loquens
892 2920 900 2959 ε
921 2898 1107 2977 Consilium,
1124 2898 1172 2960 in·
1227 2912 1326 2955 unum
1349 2901 1397 2955 est
1421 2894 1648 2956 necessarium.
1676 2894 1812 2975 Spiritus
1840 2895 1976 2959 Sanctus
1988 2884 2087 2989 ἔξω·

421 2999 503 3079 quit,
525 3004 573 3061 est
600 2996 731 3077 quidam
759 2994 903 3057 internus
931 2995 1086 3057 intractus
1115 3015 1171 3058 seu
1186 2991 1208 3054 C
1226 2991 1321 3053 etiam
1336 3010 1391 3053 cor
1405 2991 1476 3072 ejus
1491 2991 1633 3072 patulum
1650 2990 1738 3070 facit,
1755 3000 1850 3074 atque
1864 2994 1976 3058 divino

421 3104 525 3157 tactus
540 3094 677 3175 Spiritus
697 3092 814 3169 Sancti,
831 3100 971 3155 nostram
992 3111 1169 3156 amorosam
1225 3107 1332 3152 amore
1357 3090 1512 3152 accendit.
1535 3089 1579 3152 Ex
1602 3108 1666 3171 quo
1688 3090 1808 3154 furiosa
1829 3094 1975 3173 quasdam

423 3193 574 3255 virtutem
589 3190 723 3252 interius
744 3199 888 3272 tangens,
905 3198 936 3252 et
950 3190 1079 3272 exigens
1094 3211 1172 3272 qua·
1226 3187 1291 3250 vita
1312 3196 1460 3250 causatur
1481 3188 1768 3270 importunitasque
1793 3190 1831 3251 ad
1857 3190 1945 3253 intra
1967 3213 1974 3252 :

424 3299 516 3352 tenus
537 3308 665 3353 omnem
690 3287 801 3349 mundi
826 3288 1082 3369 occupationem,
1104 3308 1171 3352 om·
1225 3286 1374 3365 quoniam
1403 3286 1456 3368 qui
1486 3286 1655 3350 consilium
1681 3288 1778 3365 audit,
1809 3288 1843 3350 in
1867 3308 1976 3353 amore

422 3406 542 3469 nosque
562 3386 710 3450 homines
731 3385 771 3447 ad
793 3394 881 3447 entra
902 3386 1072 3464 trahentes,
1094 3407 1171 3450 cun·
1226 3393 1459 3465 tempestuosus
1478 3384 1528 3463 fit,
1545 3404 1604 3448 nec
1624 3385 1788 3468 quidpiam
1809 3386 1873 3449 nisi
1894 3388 1976 3451 Deus

423 3491 506 3547 ctam
531 3501 658 3565 quoque
687 3481 871 3546 interiorem
900 3483 1170 3566 multiplicitatem
1226 3482 1255 3544 ei
1279 3492 1353 3546 tunc
1375 3483 1509 3546 sufficit.
1531 3484 1604 3547 ldeo
1626 3503 1659 3547 se
1680 3484 1786 3565 ipsum
1807 3494 1839 3547 et
1860 3494 1977 3549 cuncta

423 3581 584 3663 fugiamus
597 3590 692 3662 atque
714 3580 860 3656 vitemus,
877 3588 908 3642 et
929 3580 1059 3662 spiritus
1080 3582 1172 3645 unio
1227 3580 1387 3662 relinquit,
1405 3589 1560 3663 quatenus
1582 3600 1656 3644 eum
1679 3581 1710 3644 iu
1726 3600 1791 3663 quo
1806 3581 1876 3663 ipse
1899 3583 1978 3646 vivit

424 3700 498 3743 nem
522 3697 677 3743 amemus.
699 3678 764 3741 lloc
789 3678 907 3758 quippe
930 3678 1073 3741 Christus
1097 3698 1172 3743 con·
1226 3687 1258 3741 et
1285 3678 1318 3741 in
1346 3697 1409 3760 quo
1437 3680 1545 3743 omnia
1572 3700 1671 3742 unum
1703 3688 1788 3757 sunt,
1819 3680 1974 3744 inveniat.

274 3786 412 3842 Haut-¹¹1.
426 3778 524 3841 suluit
547 3777 651 3854 nohis,
677 3777 753 3839 dum
776 3776 821 3838 ait
847 3800 854 3837 :
881 3775 912 3838 Si
939 3776 987 3839 vis
1010 3778 1171 3858 perfectus
1225 3778 1259 3839 ln
1288 3777 1338 3839 his
1367 3785 1472 3841 autem
1499 3778 1593 3841 rebus
1622 3778 1841 3860 uuusquisque
1877 3780 1977 3843 Deum

275 3852 310 3894 ²¹·
426 3895 507 3954 esse,
524 3876 604 3938 vade
625 3884 657 3937 et
677 3874 779 3937 vende
794 3874 901 3939 omnia
921 3893 991 3956 quae
1012 3875 1121 3954 habes,
1139 3877 1171 3940 id
1227 3894 1304 3956 pure
1320 3874 1483 3938 intendere
1498 3893 1594 3956 seque
1610 3894 1667 3957 per
1682 3876 1837 3939 rationem
1853 3886 1976 3940 arctare

424 4078 620 4147 convertere,
637 4078 670 4131 et
689 4088 821 4149 sequere
843 4089 894 4132 mc
916 4070 949 4132 in
970 4070 1096 4134 interna
1117 4092 1171 4154 pa·
1225 4078 1296 4150 pter
1322 4070 1473 4133 unionem
1501 4089 1575 4133 cum
1603 4070 1667 4132 Deo
1695 4078 1845 4151 optatam.
1877 4072 1977 4135 Debet

422 4188 471 4247 ce,
496 4169 530 4230 in
557 4167 687 4243 unione,
718 4167 751 4227 in
779 4167 897 4247 quiete.
922 4168 1004 4230 Ecce
1032 4169 1059 4230 si
1085 4169 1351 4248 istudllquoque
1376 4187 1445 4231 eam
1471 4168 1569 4231 libere
1594 4176 1626 4230 ct
1650 4167 1845 4231 fiducialiter
1864 4190 1976 4251 exspe-

423 4266 593 4331 consilium
615 4265 786 4342 imitamur,
811 4274 886 4329 tunc
907 4266 993 4329 omni
1017 4268 1170 4349 multipli-
1226 4274 1321 4342 ctare,
1348 4284 1512 4347 quousque
1541 4266 1623 4328 Deus
1650 4286 1720 4329 eam
1749 4275 1900 4349 praestare
1929 4268 1975 4330 di·

423 4363 508 4426 citati
535 4361 679 4445 protinus
707 4362 872 4439 morimur,
898 4363 1169 4446 adipiscimurquc
1224 4373 1338 4445 gnotur
1355 4388 1361 4426 :
1378 4364 1504 4446 quodsi
1521 4365 1634 4445 egerit,
1652 4374 1728 4428 tunc
1750 4365 1883 4447 spiritus
1899 4386 1974 4431 con-

420 4480 598 4525 amorosam
614 4459 854 4523 inclinationem
868 4460 908 4521 ad
923 4461 1085 4538 unionem,
1103 4480 1170 4523 om·
1225 4463 1289 4524 silii
1313 4462 1493 4544 duplicatur
1517 4462 1550 4523 iu
1578 4480 1627 4525 co.
1654 4462 1783 4545 Magnus
1807 4472 1857 4526 est
1885 4465 1974 4528 enim

421 4561 510 4622 nium
539 4558 810 4639 multiplicitatum
838 4557 1076 4623 obliviscentes.
1103 4561 1168 4623 Hoc
1223 4562 1278 4642 qui
1293 4561 1508 4624 ordinationes
1529 4569 1623 4643 atque
1638 4561 1773 4625 consilia
1787 4562 1843 4623 llei
1863 4582 1975 4645 caspe-

420 4666 469 4720 est
489 4657 573 4739 quod
594 4656 749 4738 Propheta
769 4658 808 4718 ad
830 4665 969 4719 nostram
989 4676 1167 4722 amorosam
1224 4666 1286 4720 ctat
1314 4666 1347 4721 et
1373 4658 1516 4739 sequitur
1548 4656 1663 4740 ipsum,
1694 4659 1802 4721 omnia
1836 4660 1974 4723 derelin-

271 4767 407 4821 assuto,
421 4756 570 4818 virtutem
586 4753 848 4835 profaturmludi,
862 4754 943 4831 lilia,
956 4755 1077 4817 scilicet
1093 4775 1168 4819 con·
1223 4776 1334 4838 quens,
1366 4776 1402 4819 ac
1439 4756 1507 4818 sine
1543 4757 1779 4821 contentatione
1814 4757 1848 4820 in
1878 4760 1974 4823 rebus

273 4832 306 4874 ¹³·
421 4854 528 4916 silium
543 4852 721 4929 Domini,et
735 4852 808 4915 vide
823 4853 985 4930 unionem,
1002 4862 1033 4917 et
1049 4854 1167 4917 inclina
1221 4855 1431 4937 presentibus
1456 4874 1528 4917 cum
1553 4855 1675 4917 ardenti
1698 4863 1729 4918 ct
1751 4854 1827 4918 item
1849 4853 1974 4921 furioso

419 4971 529 5015 aurem
543 4960 641 5027 tuam,
658 4958 690 5012 ct
704 4950 893 5013 obliviscere
908 4952 1061 5033 populum
1076 4960 1166 5016 tuum
1221 4972 1327 5016 amore
1343 4953 1543 5034 proclamans
1561 4952 1736 5016 :Adveniet
1751 4972 1886 5035 regnum
1902 4955 1970 5019 Dei.

417 5058 449 5112 et
472 5050 602 5111 domum
627 5049 726 5129 patris
751 5048 807 5126 tui,
834 5049 949 5130 idest,
976 5049 1166 5113 obliviscere
1221 5052 1444 5114 l'erumtamen
1473 5050 1577 5132 major
1604 5060 1662 5128 est,
1691 5050 1869 5133 meliusque
1894 5072 1971 5117 con-

417 5166 544 5213 omnem
566 5146 808 5227 occupationem
830 5167 1022 5231 omnemque
1044 5156 1166 5213 creatu·
1221 5150 1292 5211 silla
1320 5150 1472 5231 sequitur,
1499 5150 1553 5231 qui
1582 5148 1742 5230 propriam
1771 5148 1970 5215 voluntatem

416 5264 505 5327 ram3
535 5252 566 5309 et
593 5253 669 5308 tunc
697 5244 903 5326 concupiscet
930 5264 985 5309 rex
1015 5248 1163 5311 decorem
1220 5249 1253 5311 in
1275 5266 1381 5311 amore
1406 5248 1506 5311 vincit
1527 5256 1558 5310 et
1577 5247 1724 5329 abnegat,
1746 5247 1873 5331 [leoque
1894 5250 1973 5314 ohe-

425 3982 483 4051 est,
513 3973 669 4035 exteriora
696 3972 851 4054 relinque,
879 3980 912 4034 et
940 3972 973 4034 in
1001 3981 1032 4035 te
1066 3974 1170 4055 ipsum
1226 3992 1262 4034 ac
1278 3972 1413 4053 proprias
1428 3971 1583 4036 voluntati
1600 3972 1782 4035 renuntiare
1797 3973 1892 4037 debet
1909 3992 1978 4056 pro
2120 3938 2129 4326 p
