4309 6259
446 476 485 522 oa
506 474 595 521 nouis
617 476 751 523 srtnuus
772 472 889 533 sinon,
913 472 1088 520 rascrsms
1109 472 1142 519 ιι.
1164 490 1205 501 -
1226 472 1295 517 ιιι.
1320 472 1365 527 ιιι,
1388 472 1419 517 tv
1645 452 1702 515 t77

199 644 240 707 lle
258 644 317 708 hac
337 645 453 728 triplici
476 646 631 727 sapientia
656 664 720 710 non
745 664 830 724 vera,
847 645 901 707 sed
917 644 943 709 Α
957 645 1033 707 dum
1049 643 1128 707 nihil
1145 652 1203 723 est,
1220 662 1279 706 nec
1295 661 1442 719 vacuum,
1458 658 1518 703 nec
1532 639 1633 718 locus,
1644 657 1703 701 nco

162 743 236 805 falsa
256 750 352 825 atque
373 744 537 825 culpabili,
554 745 587 807 in
612 745 771 809 Canonica
794 744 902 807 lacobi
957 750 1082 823 tempus
1096 765 1105 817 ς
1121 743 1177 805 sed
1198 750 1273 803 sunt
1298 740 1342 803 ibi
1362 740 1506 822 quasdam
1526 738 1612 799 entia
1631 736 1706 798 sim-

58 855 150 904 tuot-11¹.
163 841 311 922 seriptum
330 850 377 905 est
399 863 405 901 ε
428 842 459 905 Si
484 843 586 905 zelum
611 862 754 905 amarum
779 842 902 905 habetis
959 839 1065 921 plicia,
1082 839 1235 921 optimam
1250 838 1347 901 vitam
1363 835 1524 915 ducentia,
1539 835 1625 897 etde
1639 834 1705 897 suis

49 922 104 965 ¹⁶³⁵·
163 946 192 1003 et
212 940 442 1017 contentiones,
467 940 566 1003 nolite
590 939 740 1021 gloriari3
767 959 830 1002 non
855 948 903 1001 est
959 936 1190 1016 sufficientia),
1210 936 1257 999 sic
1279 933 1528 1018 supernaturalis
1550 931 1705 1015 sapientia

162 1037 216 1097 ista
238 1036 395 1117 sapientia
418 1036 585 1099 desursum
611 1036 819 1115 descendens,
847 1038 901 1099 sed
959 1054 1014 1097 seu
1044 1034 1263 1115 theologicalis
1290 1034 1436 1096 doctrina
1465 1038 1606 1108 vocatur,
1635 1047 1705 1109 quaa

162 1143 291 1213 terrena,
316 1134 474 1209 animalis,
501 1134 669 1197 diabolica.
698 1134 838 1214 Denique
863 1134 902 1195 de
958 1134 1134 1196 naturalem
1164 1133 1319 1194 rationem
1348 1128 1555 1208 transcendit,
1581 1146 1639 1190 nec
1667 1146 1706 1189 ex

162 1232 210 1293 tali
224 1232 380 1315 sapientia
394 1241 488 1313 atque
505 1232 672 1313 prudentia
688 1232 800 1295 vitiosa
816 1232 904 1293 uber·
958 1231 1127 1314 principiis
1146 1249 1203 1312 per
1228 1250 1261 1292 se
1286 1230 1370 1293 notis
1394 1226 1556 1306 elucescit,
1573 1226 1628 1287 sed
1649 1244 1708 1307 per

45 1354 95 1395 ιιιι.
102 1354 148 1402 ιιι
161 1330 212 1391 tim
235 1330 404 1411 Apostolus
429 1330 579 1412 loquitur,
606 1338 641 1393 ut
664 1339 745 1394 est:
772 1330 901 1393 Perdam
958 1330 1185 1393 revelationem
1200 1329 1341 1392 divinam
1360 1327 1465 1409 primo
1484 1324 1632 1387 innotuit.
1648 1323 1708 1385 Ve-

45 1419 69 1458 l*
162 1428 344 1509 sapientiam
359 1429 563 1512 sapientium,
571 1429 817 1510 etprudentiam
833 1448 903 1510 pru·
958 1436 1135 1490 rumtamcn
1161 1426 1318 1510 sapientia
1343 1426 1414 1503 ista,
1441 1423 1586 1505 quamtis
1610 1420 1707 1503 origi-

160 1527 298 1590 deutium
327 1527 512 1610 reprobabo.
539 1527 648 1591 Nonne
673 1528 800 1591 stultam
826 1526 903 1589 lecit
958 1525 1070 1589 naliter
1094 1525 1248 1588 divinitus
1274 1523 1428 1605 inspirata
1453 1528 1511 1598 est,
1538 1527 1705 1601 postquam

161 1626 236 1689 [leus
252 1625 441 1707 sapientiam
457 1626 553 1706 hujus
575 1626 686 1689 mundi
699 1628 709 1686 l
723 1662 765 1671 —
779 1626 822 1687 De
843 1626 902 1687 hac
959 1632 1063 1687 tamen
1084 1623 1244 1686 mentibus
1263 1630 1388 1704 patrum
1408 1618 1496 1681 luit'
1489 1636 1642 1699 impressa
1661 1624 1707 1678 at-

162 1723 312 1807 sapientia
331 1732 424 1804 alque
446 1724 612 1806 prudentia
638 1723 771 1805 loquens
796 1723 904 1785 Salva·
958 1723 1072 1803 quein
1094 1722 1183 1785 libris
1202 1721 1301 1783 sacris
1321 1719 1453 1800 digesta,
1470 1716 1510 1780 ab
1528 1715 1602 1778 aliis
1624 1714 1705 1777 disci

52 1832 150 1885 lautu
162 1828 227 1885 tor:
245 1820 407 1883 Confiteor
421 1821 552 1902 (iuquit)
568 1822 636 1901 tibi,
652 1821 753 1901 Pater,
770 1820 902 1884 Domine
921 1825 944 1886 B
961 1820 1072 1901 potuit,
1089 1820 1153 1883 imo
1168 1817 1310 1899 quotidie
1329 1816 1474 1895 discitur,
1490 1815 1557 1877 sive
1578 1812 1708 1875 studen-

43 1898 67 1939 ¹⁵'
160 1919 230 2003 coeli
251 1929 282 1983 et
302 1928 403 1997 terrra,
424 1920 499 2001 quia
517 1920 710 1983 abscondisti
726 1920 797 2001 ¹hacc
816 1938 835 1980 a
855 1940 903 1982 sa·
959 1920 999 1981 do
1019 1918 1087 1980 sive
1105 1917 1273 1980 audiendo.
1291 1916 1447 1990 Quantum
1470 1929 1545 1993 ergo
1566 1912 1606 1974 ad
1627 1910 1706 1973 tales

161 2018 319 2099 pientibus
342 2026 374 2079 et
398 2018 618 2098 prudentibus,
635 2026 667 2080 et
692 2017 836 2081 revolasti
866 2038 903 2081 ea
959 2016 1013 2097 qui
1028 2035 1098 2078 eam
1121 2033 1179 2077 suo
1200 2014 1306 2077 studio
1326 2012 1558 2093 adipiscuntur,
1575 2027 1638 2071 non
1658 2015 1707 2071 est

42 2114 310 2197 isunnaparvulis.
340 2116 378 2178 lit
409 2115 505 2179 lsaias
536 2141 543 2178 :
575 2116 736 2197 Sapientia
769 2116 838 2195 (ait)
872 2124 904 2178 et
960 2112 1141 2176 immediate
1165 2132 1184 2174 a
1211 2111 1274 2174 Deo
1299 2109 1416 2189 inlusa,
1443 2128 1502 2171 nec
1527 2108 1573 2169 sic
1598 2125 1707 2188 super-

160 2214 290 2277 scientia
315 2221 369 2276 tua
392 2216 586 2297 deceperunt
609 2223 651 2276 te.
673 2214 822 2288 Quamvis
848 2214 904 2277 ho·
960 2212 1112 2275 naturalis
1127 2212 1217 2293 quasi
1233 2210 1302 2272 sine
1318 2208 1449 2291 speciali
1463 2207 1564 2289 gratia
1582 2215 1706 2289 gratum

159 2331 223 2375 rum
247 2320 417 2393 utrumque
438 2312 532 2374 altius
554 2312 651 2393 possit
675 2312 801 2393 exponi,
818 2312 904 2374 vide-
959 2311 1097 2374 faciente
1118 2308 1262 2391 conquiri
1283 2326 1347 2370 non
1368 2307 1480 2385 valeat,
1497 2325 1595 2387 quum
1615 2304 1707 2367 multi

159 2410 228 2472 licet
242 2410 284 2471 de
299 2410 466 2491 sapientia,
479 2410 646 2490 prudentia
660 2418 754 2491 atque
770 2410 904 2473 scientia
960 2408 1176 2491 superbissimi
1202 2416 1297 2489 atque
1317 2406 1482 2469 vanissimi
1502 2406 1535 2467 in
1555 2425 1593 2468 ea
1613 2406 1709 2468 abuu-

159 2508 389 2591 pbilosophica,
410 2508 565 2590 acquisita
587 2528 624 2571 ac
648 2508 783 2571 naturali
806 2532 812 2571 :
834 2528 903 2590 quaa
959 2508 1036 2569 dent
1055 2527 1093 2569 ac
1112 2506 1192 2569 alios
1211 2508 1365 2583 doceant3
1383 2506 1437 2567 sed
1458 2502 1708 2586 supernaturalis

158 2604 229 2670 licet
244 2607 280 2667 in
296 2626 329 2669 se
346 2608 434 2670 bona
449 2606 594 2687 sint‚imo
609 2608 648 2669 de
663 2624 795 2669 numero
811 2607 904 2669 bono
959 2613 1101 2683 vocatur,
1128 2605 1178 2667 vel
1203 2612 1359 2686 quantum
1382 2604 1422 2666 ad
1451 2622 1542 2665 suam
1571 2601 1708 2683 primam

158 2724 224 2767 rum
239 2704 489 2783 honorabilium,
506 2705 537 2767 id
553 2714 601 2767 est
615 2724 671 2786 pcr
690 2724 724 2767 se
744 2704 904 2767 desidera·
961 2702 1264 2780 manifestationem,
1292 2702 1343 2764 vel
1371 2700 1446 2783 quia
1474 2720 1512 2763 ex
1540 2698 1708 2781 principiis

159 2802 282 2881 bilium,
313 2804 489 2867 secundum
522 2802 760 2885 Philosophum,
796 2812 903 2865 tamen
960 2801 1147 2864 naturaliter
1173 2802 1258 2863 notis
1283 2818 1320 2863 ac
1344 2799 1455 2862 inditis
1482 2816 1546 2862 non
1575 2795 1711 2879 patescit

158 2901 401 2964 occasionaliter
425 2900 589 2982 decipiunt
613 2909 644 2963 et
667 2909 826 2963 excecant
850 2901 904 2963 ha·
961 2919 1019 2963 nec
1041 2900 1185 2979 discitur,
1202 2900 1256 2961 sed
1272 2899 1305 2959 in
1322 2896 1490 2980 principiis
1503 2895 1581 2958 fidei
1596 2894 1710 2957 lunda-

158 2998 296 3076 bentem,
313 2998 465 3079 quoniam
480 3000 547 3061 sine
562 2999 692 3061 caritate
712 3006 786 3061 sunt
806 2998 942 3065 infor-C
962 3008 1022 3077 tur,
1039 3007 1070 3060 ot
1086 2997 1149 3059 illis
1165 2996 1352 3079 suppositis,
1369 2996 1401 3057 iu
1416 3003 1523 3058 mente
1544 2993 1710 3056 addiscen-

159 3116 223 3159 mes
241 3104 275 3159 et
294 3096 421 3175 inflant,
437 3116 474 3159 ac
498 3096 633 3179 Spiritus
658 3096 763 3159 Sancti
789 3096 905 3159 illumi·
961 3097 1001 3159 tis
1026 3104 1205 3177 generatur.
1223 3093 1291 3157 Pari
1315 3093 1468 3171 macerie,
1486 3090 1619 3155 scientia
1639 3109 1709 3171 qum

158 3196 320 3258 nationem
334 3194 521 3277 impediunt.
529 3195 632 3257 Simili
645 3195 739 3258 modo
751 3196 790 3257 de
805 3194 903 3257 veteri
961 3195 994 3255 in
1010 3212 1043 3255 se
1059 3192 1211 3255 naturalis
1227 3199 1286 3269 cst,
1302 3189 1553 3273 supernaturalis
1567 3189 1630 3251 dici
1645 3196 1711 3273 pot-

158 3291 238 3372 lege,
254 3309 327 3371 quae
346 3290 379 3353 iu
399 3310 432 3353 se
452 3291 534 3353 bona
553 3289 624 3369 luit,
640 3291 685 3353 ait
703 3291 871 3371 Apostolus
894 3314 901 3351 ε
961 3302 1009 3355 est
1028 3300 1182 3375 quantum
1201 3291 1239 3354 ad
1261 3291 1389 3353 modum
1407 3314 1414 3351 ε
1431 3289 1515 3351 sicut
1532 3290 1609 3351 dum
1627 3288 1710 3351 Deus

39 3404 145 3459 ιιιιιιι.
158 3388 217 3451 Lex
233 3388 437 3467 subintravit,
453 3397 487 3451 ut
502 3388 675 3451 abundaret
689 3388 851 3451 delictum.
960 3391 1058 3454 alicui
1073 3389 1249 3452 naturalem
1265 3406 1371 3450 rerum
1386 3386 1554 3449 scientiam
1573 3387 1710 3449 miracu-

961 3489 1026 3551 lose
1041 3486 1183 3550 inlundit
1185 3483 1490 3567 ,quemadmodum'
1483 3503 1516 3545 ιιι
1531 3484 1706 3547 Salomone.
1731 3506 1818 3563 ιιιιιιι.
1826 3520 1855 3560 ιιι,

960 3587 999 3649 Ει
1012 3588 1072 3651 hoc
1087 3586 1182 3648 modo
1198 3582 1470 3647 innumerabilia
1463 3602 1496 3643 ιιι
1516 3600 1605 3644 sacra
1625 3581 1710 3644 Scri·
1723 3574 1756 3621 ¹¹
1768 3573 1801 3615 ¹²·

366 3640 610 3705 ARTICULUS
634 3640 694 3704 m·
961 3693 1052 3766 ptura
1068 3683 1318 3762 tradunturque
1332 3678 1468 3742 naturali
1488 3678 1610 3742 ratione
1632 3678 1707 3741 sciri

199 3793 247 3853 Dc
265 3791 361 3849 varic
375 3790 585 3849 distinctione
599 3789 865 3865 supernaturalis
961 3789 1103 3865 possunt,
1124 3788 1156 3843 et
1178 3799 1197 3841 a
1221 3778 1421 3861 pbilosophis
1445 3776 1632 3840 melioribus
1656 3794 1709 3839 co-

443 3878 623 3953 sapientioe.
960 3875 1708 3963 gnoscebauturzutcaquacaddiviuaenaturte

961 3980 1127 4056 unitatem,
1163 3975 1372 4039 eternitatem
1407 3972 1709 4037 incommutabilita-

228 4074 492 4139 UEMADMODUM
516 4072 612 4156 igitur
636 4074 790 4155 sapientia
816 4083 906 4138 natu·
961 4086 1087 4158 temque
1107 4074 1267 4156 pertinent
1283 4096 1290 4134 :
1307 4092 1378 4154 quae
1402 4072 1478 4135 licet
1500 4072 1635 4135 naturali
1661 4072 1709 4134 lu-

241 4174 320 4237 ralis
343 4174 535 4252 nominatur,
555 4190 625 4254 qua
649 4190 705 4253 per
729 4174 905 4237 naturalem
920 4171 945 4233 l)
961 4176 1046 4237 mine
1061 4172 1135 4237 sciri
1152 4171 1408 4254 queant,sanctis
1424 4180 1529 4233 tamen
1544 4169 1707 4251 Prophetis

158 4282 313 4337 rationem
341 4292 379 4335 ex
414 4270 524 4335 ordine
560 4289 665 4333 rerum
701 4270 830 4335 inventa
858 4280 906 4335 est
959 4281 1052 4355 atque
1071 4270 1230 4353 apostolis
1247 4289 1284 4332 ac
1308 4269 1380 4332 aliis
1405 4269 1513 4331 multis
1537 4268 1647 4331 electis
1670 4286 1708 4331 ex

157 4372 240 4452 (quaa
274 4370 449 4434 secundum
479 4368 717 4451 Philosophum,
744 4377 793 4433 est
824 4389 906 4433 unus
960 4372 1068 4437 divina
1084 4369 1292 4450 inspiratione
1306 4376 1487 4449 patuemnt.

157 4470 299 4551 quinque
338 4467 503 4532 habituum
543 4467 818 4549 intellectualium,
858 4476 906 4531 est

157 4566 242 4629 enim
257 4566 440 4629 divinorum
456 4564 595 4647 cognitio
616 4574 712 4648 pmut
732 4566 906 4630 invisibilia
1170 4586 1415 4653 ARTICULUS
1439 4584 1498 4650 pq,

156 4683 193 4726 es
218 4664 400 4728 visibilibus
429 4672 550 4745 queunt
578 4664 727 4745 cognosci
757 4665 906 4747 indagine

156 4762 313 4825 naturalis
339 4762 469 4826 rationis
494 4786 501 4823 ι
523 4769 555 4824 et
578 4763 650 4825 talis
674 4762 841 4844 sapientia,
859 4783 907 4827 se-

157 4861 299 4923 cuudum
325 4860 542 4943 philosophos,
560 4860 779 4942 principaliter
800 4872 848 4925 est
867 4863 906 4925 de

156 4959 227 5040 ipso
247 4959 403 5023 altissimo
424 4966 507 5038 ente,
524 4958 587 5022 Deo
609 4958 738 5022 sublimi
761 4968 791 5023 et
813 4961 908 5023 bene-

156 5057 265 5133 dict03
291 5057 478 5120 secundario
503 5075 629 5137 quoquc
657 5058 696 5120 de
722 5058 907 5121 substantiis
1032 5055 1108 5121 ONh
1130 5058 1260 5138 insuper
1283 5054 1419 5137 Spiritus
1438 5056 1556 5136 Sancti,
1580 5056 1606 5120 si
1631 5075 1711 5139 prat·

156 5155 326 5238 separatis,
341 5154 510 5236 dequibus
524 5155 709 5219 Aristoteles
725 5156 758 5218 in
773 5156 854 5220 libro
868 5158 907 5221 de
1046 5157 1176 5219 inducta
1199 5155 1259 5217 rite
1282 5154 1394 5217 luleita
1418 5164 1502 5236 sunt,
1524 5166 1712 5237 supernatu-

156 5253 244 5319 Coelo
260 5260 293 5315 et
306 5253 425 5315 mundo
440 5260 572 5316 testatur
587 5276 595 5315 ε
610 5254 705 5317 Extra
720 5253 805 5318 hunc
821 5275 909 5319 mun·
964 5256 1046 5320 vales
1061 5264 1135 5317 sunt
1148 5254 1276 5317 habitus
1290 5253 1330 5317 ab
1345 5252 1470 5317 inllusu
1486 5254 1622 5335 Spiritus
1636 5255 1711 5319 San·

191 5452 193 5455 ,
285 5382 317 5437 ι.
335 5387 374 5437 ³⁵.
1554 5391 1584 5439 ι.)

962 4720 1053 4789 Quod
1078 4719 1242 4795 sapientia
1267 4715 1533 4793 supernaturalis
1558 4734 1596 4776 uc
1624 4718 1708 4778 theo·

1001 4810 1105 4886 topica
1126 4809 1170 4867 ad
1189 4808 1388 4866 intellectum
1408 4808 1584 4865 dumtaxat
1609 4809 1711 4883 respi-

1001 4900 1100 4968 ciens,
1121 4916 1188 4957 non
1206 4898 1249 4956 sit
1269 4898 1391 4956 donum
1410 4897 1561 4972 Spiritus
1579 4898 1706 4959 Sancti.
