4309 6259
467 442 527 507 tao
733 457 774 504 nu
795 453 953 504 rnacomo
973 455 1010 501 rr
1030 452 1194 501 nvuurrnrrr
1214 453 1331 514 uanis,
1355 453 1443 501 nmen
1464 455 1485 501 ι.
1508 473 1549 485 -
1569 456 1640 503 nur.
1663 457 1695 515 u,
1718 456 1753 504 m

462 638 549 691 tuam
573 626 796 691 excellentiam
824 626 857 688 in
883 626 954 688 luce
977 624 1119 687 veritatis
1149 624 1252 685 sin-A
1269 642 1322 685 sus
1343 622 1508 688 diabolicae
1528 626 1645 689 mentis
1666 626 1802 709 animus,
1822 628 1950 712 turpium
1967 638 1991 693 et

463 746 535 790 cere
551 724 884 806 contempler,amoris
899 722 1135 786 vehementiam
1149 740 1212 803 quo
1267 721 1505 786 immundorum
1534 723 1674 805 itemque
1703 725 1876 789 carnalium
1908 726 1990 791 faetus

462 833 550 886 tuam
585 823 758 888 bonitatem
793 821 970 885 affectuose
1005 821 1210 903 complectar,
1268 826 1316 881 est
1338 837 1471 901 operum
1495 828 1629 899 amator,
1654 822 1852 903 turpitudine
1879 824 1990 886 immun-

463 923 551 986 verhi
581 920 761 984 efficaciam
789 939 852 1002 qua
879 927 910 982 te
938 920 1034 1001 digne
1059 927 1094 980 ut
1121 918 1212 982 valeo
1268 916 1409 998 ditiaque
1429 917 1616 981 oblectatus.
1636 919 1749 982 Mentis
1769 939 1844 1003 ergo
1863 922 1991 1003 corporis

353 1054 357 1063 ·
454 1019 695 1102 commendem,
719 1026 751 1080 et
772 1018 922 1079 virtutem
944 1024 1058 1098 quate
1081 1016 1114 1077 in
1136 1034 1214 1077 cun·
1267 1032 1330 1095 que
1352 1013 1479 1077 femine
1508 1014 1562 1077 isti
1586 1016 1714 1079 castitas
1742 1020 1914 1100 praestanda
1935 1019 1989 1097 fuit

463 1116 523 1179 ctis
545 1135 603 1198 pro
624 1115 746 1179 viribus
767 1115 934 1179 honorem.
951 1114 1043 1194 Novi,
1066 1113 1210 1191 Domina,
1268 1129 1330 1191 qua
1358 1110 1614 1175 immundissimo
1638 1114 1778 1195 serpenti
1808 1116 1990 1178 mundissfm

379 1232 395 1277 a.
412 1245 449 1284 av.
462 1213 638 1295 fateorque,
655 1232 674 1277 o
692 1213 804 1275 mundi
824 1213 955 1295 Regina,
977 1212 1128 1293 quoniam
1148 1230 1211 1274 non
1269 1207 1533 1288 sanctissimaque
1547 1209 1734 1290 displiceret
1749 1211 1990 1294 Virgunculalgi-

463 1320 512 1374 est
535 1311 679 1393 speciosa
702 1311 771 1373 laus
796 1310 830 1372 in
857 1328 912 1373 ore
937 1308 1124 1391 peccatoris.
1152 1305 1212 1367 Sed
1269 1312 1319 1366 tur
1340 1324 1378 1366 ex
1398 1304 1449 1367 his
1472 1313 1503 1368 et
1524 1307 1744 1371 consimilibus
1765 1310 1941 1391 qualitatum
1956 1311 1990 1371 di

463 1429 570 1492 parco,
586 1427 653 1487 oro,
670 1427 689 1472 o
704 1408 911 1472 celeberrima
927 1425 1054 1490 sponsa,
1071 1423 1213 1467 mecum·
1268 1403 1480 1483 versitatibus,
1506 1405 1742 1471 incessabiliter
1765 1408 1939 1492 serpentino
1955 1410 1990 1471 in-

463 1527 538 1590 que,
554 1526 672 1589 quaeso,
689 1507 723 1569 in
743 1507 867 1570 cunetis
888 1514 983 1586 atque
998 1504 1134 1568 ubilibet
1148 1521 1213 1565 ma·
1268 1502 1410 1565 nascitur
1423 1502 1507 1566 livor
1519 1505 1628 1568 animo
1647 1529 1653 1567 :
1671 1507 1747 1569 dum
1768 1507 1820 1569 his
1835 1508 1888 1571 illa
1900 1509 1990 1591 stipata

462 1615 553 1670 terne
580 1613 612 1668 et
640 1605 716 1668 item
746 1605 992 1668 clementissime
1020 1603 1156 1685 procede
1182 1609 1214 1663 et
1268 1600 1450 1697 virtutihus,
1467 1602 1530 1666 Deo
1550 1605 1773 1685 approximare
1791 1604 1933 1685 festinat;
1950 1606 1989 1668 ille

463 1723 533 1785 age.
1268 1707 1385 1778 autem,
1406 1700 1440 1761 in
1459 1701 1635 1765 aversionis
1655 1721 1719 1765 suae
1738 1703 1918 1785 obliquitate
1938 1724 1991 1787 per-

1230 1800 1428 1879 Bseverans,
1454 1818 1474 1860 a
1499 1799 1597 1863 Fonte
1625 1800 1832 1864 beatitudinis
1859 1803 1991 1885 irrecupo

679 1967 925 2033 anricunus
947 1966 980 2029 11
1268 1894 1609 1980 ‘lbilffflhnaatuc

499 2119 549 2179 De
576 2116 758 2176 inimicitia
784 2134 857 2194 quae
883 2115 973 2173 inter
999 2112 1172 2172 mulierem
1471 2152 1715 2219 ARTIGULUS
1744 2155 1805 2219 ΠΙ,

611 2214 854 2282 serpentemque
870 2211 984 2263 exorta
999 2210 1056 2261 est.

1269 2301 1424 2367 Quaenam
1433 2300 1476 2359 sit
1487 2302 1554 2361 baec
1561 2303 1689 2378 semina
1699 2308 1858 2381 serpentis
1867 2306 1990 2365 inimica.

533 2391 794 2456 uhuaouoouu
817 2398 923 2453 autem
947 2388 1096 2452 amicitiae
1120 2387 1211 2471 origo

548 2490 723 2553 similitudo
743 2497 803 2570 est,
823 2488 871 2551 sic
892 2508 931 2551 ex
950 2486 1212 2550 dissimilitudine
1267 2484 1690 2650 INGOMPREHENSIBIHS
1703 2488 1759 2552 illa
1771 2498 1942 2573 aeternaque
1954 2489 1992 2551 Se

462 2589 665 2652 inimicitiam
695 2587 858 2671 proficisci
887 2586 992 2669 palam
1027 2604 1109 2649 reor.
1139 2587 1212 2649 ldeo
1319 2583 1449 2665 pientia,
1480 2584 1524 2645 nil
1553 2604 1629 2648 casu
1657 2593 1712 2649 aut
1743 2587 1874 2652 fortuito
1902 2606 1991 2669 agens,

462 2688 590 2751 mulieri
616 2688 700 2749 inter
723 2705 819 2768 quam
843 2692 1087 2766 serpentemque
1109 2684 1214 2747 iuimi-
1268 2682 1488 2745 universorum
1516 2692 1666 2747 eventum
1695 2684 1746 2747 vel
1782 2685 1992 2767 providentiam
2096 2758 2097 2777 ,

464 2786 555 2849 citias
570 2804 688 2868 ponere
704 2785 786 2848 Deus
807 2784 943 2862 censuit,
960 2782 1133 2846 contrarias
1148 2802 1213 2845 ser·
1267 2778 1393 2861 inipso
1422 2780 1605 2843 aeternitatis
1632 2789 1796 2846 momento
1819 2783 1854 2845 in
1878 2801 1908 2846 se
1934 2800 1993 2845 con
2096 2780 2097 2797 ¹

463 2883 602 2967 pentinis
621 2891 653 2946 et
672 2883 748 2946 item
767 2882 932 2946 diabolicis
950 2881 1211 2964 dispositionibus
1266 2877 1417 2960 temptata
1444 2886 1492 2940 est
1519 2886 1614 2960 atque
1642 2879 1812 2962 disposuit.
1837 2881 1993 2945 incommu-

463 2982 632 3063 qualitates
660 2980 807 3062 praestitit
841 2987 937 3062 atque
972 2978 1102 3041 infudit.
1131 2980 1211 3042 llinc
1229 2980 1250 3043 C
1267 2975 1373 3039 tabilis
1396 2975 1543 3058 equidem
1564 2978 1856 3062 sapientissimique
1876 2978 1993 3043 auctoris

463 3080 551 3143 enim
570 3079 654 3142 livor
674 3076 838 3160 profluxit.
860 3077 984 3141 Scimus
1007 3086 1113 3139 autem
1135 3097 1212 3159 quo-
1267 3074 1356 3151 ratio,
1379 3073 1500 3137 stabilis
1523 3075 1632 3157 utique
1655 3075 1913 3161 invariabilisque
1933 3095 1994 3139 con·
2097 3056 2098 3073 ¹

314 3195 449 3247 ceream.
462 3177 551 3239 niam
578 3176 682 3240 omnis
716 3175 818 3257 culpae
851 3175 893 3237 sit
926 3175 1074 3257 superbia
1110 3175 1209 3253 radix,
1266 3172 1357 3233 sistit.
1374 3172 1454 3234 Hinc
1469 3172 1588 3255 quippe
1603 3176 1759 3255 omnium,
1775 3176 1993 3258 prasertimque

463 3284 557 3357 atque
578 3275 619 3339 oh
641 3274 724 3337 hane
746 3275 779 3336 in
802 3274 866 3337 ima
884 3294 903 3336 a
922 3273 1055 3337 summis
1078 3275 1210 3355 angelus
1267 3270 1531 3333 intellectualium
1550 3281 1767 3336 creaturarum
1785 3275 1992 3348 othoninum,

463 3374 632 3457 prolapsus
651 3382 710 3436 est.
726 3372 893 3435 Humilitas
915 3372 1021 3455 itaque
1043 3372 1075 3434 in
1099 3373 1211 3453 primis
1266 3368 1498 3450 providentiam
1520 3370 1583 3433 Deo
1604 3371 1708 3435 inesse
1730 3372 1910 3437 innotescit.
1923 3372 1994 3435 ldeo

462 3470 638 3553 praeelectas
651 3468 779 3531 mulieri
793 3467 918 3531 ooelitus
933 3468 1145 3549 impertienda
1159 3488 1211 3531 ex·
1266 3485 1328 3548 que
1355 3468 1511 3548 quidquid
1544 3468 1578 3531 in
1606 3476 1786 3553 temporum
1813 3470 1924 3537 horum
1951 3486 1994 3531 vo

462 3568 564 3648 stitit3
592 3576 625 3631 et
653 3567 695 3631 ob
723 3567 755 3629 id
782 3566 845 3648 ipsi
879 3585 1010 3648 serpens
1042 3567 1211 3629 insidiatur
1267 3566 1385 3629 lumine
1400 3566 1537 3649 desuper
1551 3567 1672 3631 homini
1693 3569 1889 3651 impertitum
1902 3568 1993 3643 fuerit,

461 3686 499 3730 ac
514 3667 648 3746 invidet,
656 3665 871 3729 humillimam
885 3664 1134 3746 superbissimus
1148 3665 1211 3727 fer·
1267 3662 1307 3725 ab
1327 3672 1445 3728 aeterno
1464 3665 1511 3745 (ni
1533 3663 1641 3745 fallor)
1660 3666 1729 3729 dari
1750 3668 1910 3731 decretum
1929 3674 1992 3729 est:

461 3785 497 3828 re
524 3765 691 3847 nequiens.
722 3765 818 3828 Porro
847 3782 885 3826 ex
912 3763 1061 3844 superbia
1097 3781 1211 3827 rancor
1267 3762 1439 3825 etenimex
1454 3762 1535 3844 ipso,
1552 3763 1728 3845 peripsum
1747 3774 1779 3827 et
1797 3766 1831 3827 in
1850 3766 1918 3848 ipso
1934 3770 2084 3832 suntrana

462 3862 605 3944 scaturit,
631 3872 663 3926 et
686 3882 725 3925 ex
748 3861 926 3924 humilitate
949 3880 1049 3925 amor.
1075 3860 1211 3944 Propriae
1267 3860 1384 3922 omnia.
1415 3860 1574 3924 Elucesoit
1608 3860 1704 3943 igitur
1737 3859 1994 3946 supersapientiali

464 3981 578 4044 nempe
612 3961 769 4044 superbus
796 3960 992 4023 excellentia)
1026 3959 1151 4039 avidus,
1180 3961 1211 4024 ei
1266 3958 1382 4021 divinae
1409 3959 1525 4023 mentis
1560 3960 1695 4024 consilio
1728 3961 1812 4025 hanc
1846 3961 1994 4026 formatam

462 4078 535 4123 mox
557 4058 679 4122 invidet
698 4077 763 4139 quo
785 4058 933 4122 desiderii
960 4057 1009 4120 sui
1033 4077 1067 4121 se
1091 4055 1211 4121 effectu
1267 4055 1463 4137 electamque
1490 4057 1644 4137 Puellam,
1673 4078 1737 4141 qua
1764 4060 1881 4141 perditi
1914 4058 1995 4140 hujus

462 4157 568 4222 cernit
588 4157 729 4220 destitui.
754 4157 906 4239 Denique,
928 4175 962 4219 se
990 4154 1210 4237 contemplans
1226 4160 1252 4224 D
1266 4155 1474 4218 redimeretur
1501 4156 1607 4219 seculi
1635 4157 1753 4239 proles.
1782 4159 1855 4222 llaec
1877 4158 1927 4223 'cst
1951 4156 1995 4219 illa

461 4255 606 4334 humilis,
622 4255 787 4318 othonum
805 4273 900 4318 omne
918 4253 1057 4317 tonunae
1076 4253 1210 4317 bonitati
1266 4254 1483 4317 amantissima
1504 4254 1559 4317 Dei
1580 4272 1653 4337 qua,
1673 4256 1720 4318 uti
1745 4275 1803 4338 per
1826 4255 1995 4339 primordia

462 4354 649 4433 attribuens,
664 4353 762 4435 hujus
776 4352 945 4417 confestim
960 4352 1111 4417 bonitatis
1126 4370 1212 4416 amo-
1266 4352 1329 4417 lem
1344 4353 1497 4416 feminam
1517 4353 1603 4417 orbis
1623 4353 1756 4434 interiit,
1772 4356 1939 4419 humanam
1956 4372 1996 4415 re

462 4472 497 4517 re
525 4453 742 4531 succenditur,
771 4452 897 4534 ipsique
928 4451 1082 4515 inherere
1116 4458 1211 4532 atque
1266 4471 1377 4534 parare
1402 4452 1585 4533 progeniem
1614 4453 1696 4516 Deus
1725 4473 1799 4517 vere
1826 4455 1926 4519 bonna
1950 4471 1995 4513 na-

462 4552 525 4635 ipsi
544 4552 630 4615 uniri
651 4552 774 4633 satagit.
796 4552 845 4615 Uti
864 4551 962 4633 igitur
980 4549 1211 4632 superbissimo
1267 4551 1473 4633 turaliterque
1492 4550 1650 4632 benignus
1669 4552 1890 4635 dignatusest.
1905 4551 1996 4616 Enim-

463 4671 588 4715 summa
612 4660 662 4715 est
684 4651 794 4714 innata
812 4654 891 4732 (non
914 4669 953 4713 ex
971 4650 1034 4713 lieo
1055 4657 1208 4729 creatore,
1267 4668 1353 4729 vem,
1362 4650 1439 4711 dum
1452 4648 1520 4729 jam
1535 4650 1687 4732 temporis
1702 4650 1836 4715 instaret
1847 4648 1996 4735 plenitudo
2008 4660 2089 4711 mast

462 4751 519 4813 sed
538 4750 667 4833 propria
687 4750 864 4829 voluntate)
882 4748 1070 4827 invidentia,
1087 4748 1134 4810 sic
1153 4750 1211 4812 hu·
1266 4768 1328 4831 qua
1342 4748 1382 4811 ab
1401 4755 1520 4811 aterno
1538 4750 1748 4830 preordinata
1768 4749 1936 4815 clementia
1951 4749 1998 4810 ho

462 4848 606 4911 millimae
620 4849 743 4931 Virgini
757 4850 887 4931 plenam
905 4846 1145 4930 perfectamque
1160 4868 1211 4912 ca·
1266 4847 1346 4909 mini
1371 4848 1547 4928 prestanda
1570 4848 1700 4928 exstitit,
1720 4849 1881 4913 destinare
1901 4848 1998 4912 volens

461 4947 589 5010 ritatem
609 4948 721 5015 donari
745 4968 763 5010 a
783 4948 881 5011 Fonte
905 4947 1068 5028 virtutum,
1089 4946 1210 5028 justum
1265 4956 1401 5010 aeternus
1429 4947 1519 5010 Pater
1546 4946 1579 5008 in
1608 4947 1694 5011 hunc
1722 4949 1878 5012 mundum
1900 4946 1999 5027 Unige

461 5046 586 5129 opinor.
616 5046 787 5109 Vulnerata
814 5065 890 5129 ergo
919 5047 1048 5109 caritade
1078 5048 1209 5130 exstitit,
1265 5046 1368 5108 nitum
1390 5066 1494 5124 suum,
1518 5050 1755 5129 receptaculum
1776 5049 1805 5111 ei
1828 5050 1999 5112 tabernaou

462 5145 730 5225 quemadmodum
752 5145 853 5209 livore
876 5144 1057 5226 serpentino
1086 5146 1209 5211 daemon
1266 5151 1396 5231 lumque
1424 5147 1556 5230 paravit.
1588 5148 1668 5211 Eum
1697 5166 1825 5230 quoque
1853 5146 1998 5214 incarnari

462 5243 810 5328 torqueturllnimvero
824 5244 952 5309 alonte
965 5246 1111 5328 puritatis
1126 5266 1211 5313 aver
1266 5251 1451 5329 decernens,
1468 5258 1602 5313 matrem
1616 5250 1646 5315 ei
1659 5250 1801 5333 providit
1814 5253 1949 5333 itemque
1962 5246 2000 5312 ef-
