4309 6259
441 466 479 530 at
845 480 1002 529 rxrosrrro
1023 482 1121 529 nrum
1144 483 1152 528 :
1175 481 1260 540 conr,
1282 480 1414 529 suntuna
1435 480 1585 530 counrroa

439 672 591 735 ronymus
609 676 616 717 ε
633 650 657 715 0
676 650 808 714 humilis
827 651 970 731 lacrima,
992 660 1112 715 tuaest
1133 654 1228 735 poll
1284 655 1427 729 Infirma
1453 662 1489 712 tu
1513 655 1575 712 scis
1604 653 1742 723 virium,
1766 652 1827 715 boc
1857 661 1905 715 θεῖ
1933 652 1994 715 im·

440 753 552 830 tentia,
568 761 657 814 tuum
677 760 726 815 est
746 770 899 833 regnum;
916 751 1054 814 tribunal
1069 751 1188 833 judicis

441 870 506 914 uon
535 850 666 929 vereris,
691 849 927 913 accusatoribus
951 848 1187 912 effundentium

441 958 472 1011 te
488 948 625 1031 imponis
640 947 824 1026 silentium;
841 966 905 1011 uon
920 947 1036 1028 estqui
1052 955 1084 1010 te
1099 966 1190 1010 acce-

441 1048 516 1109 dere
531 1054 626 1124 vetet,
643 1065 701 1109 nec
718 1065 817 1108 vacua
832 1045 932 1123 redis3
949 1044 1051 1126 magis
1066 1044 1187 1125 affligis

441 1143 602 1207 diabolum
625 1162 719 1225 quam
742 1142 898 1205 infernale
920 1142 1137 1224 supplicium,
1154 1149 1188 1203 tu

442 1241 545 1305 vincis
569 1240 802 1319 invincibilem,
826 1249 857 1303 et
881 1240 960 1321 ligas
985 1240 1189 1322 Omnipoten-

442 1347 517 1402 tem.
539 1340 611 1402 ldeo
635 1339 715 1401 dixit
738 1338 903 1401 Psalmista
927 1338 966 1400 ad
986 1337 1156 1401 Dominum
1179 1361 1186 1399 :

308 1452 349 1496 rs.
362 1466 395 1504 u,
406 1456 426 1497 a
442 1437 575 1501 Posuisti
588 1436 734 1501 lacrimas
745 1456 831 1499 meas
843 1436 875 1497 in
888 1444 1061 1518 conspeetu
1077 1443 1147 1512 tu03
1158 1443 1187 1497 et

302 1551 329 1595 ιν
336 1551 428 1608 aean,
443 1536 594 1599 Dominus
609 1536 647 1598 ad
664 1535 904 1597 devotissimum
920 1534 1087 1597 Ezechiam
1098 1557 1105 1595 :
1116 1534 1188 1596 Vidi

295 1617 315 1658 ⁵'
443 1634 589 1697 lacrimas
603 1632 748 1708 tuas.0ui
764 1632 877 1694 harum
892 1632 1026 1715 gratiam
1043 1631 1190 1694 lacrima-

441 1752 510 1795 rum
535 1733 672 1813 desuper
700 1730 820 1812 appetit
850 1730 998 1812 adipisci,
1029 1729 1186 1807 levitates,

1243 749 1461 829 becillitatem,
1480 749 1755 829 insufficientiam,
1777 751 1994 834 imperfectio

1243 868 1330 926 nem,
1348 848 1551 929 fragilitatem
1572 871 1589 908 n
1606 848 1722 911 virium
1744 872 1761 908 »
1780 850 1991 912 humanarum

1244 966 1281 1008 ac
1303 946 1495 1008 naturalium
1517 947 1740 1028 potentiarum.
1757 946 1836 1009 Nam
1858 956 1891 1009 et
1912 948 1991 1011 ratio

1244 1044 1408 1106 vulnerata
1437 1052 1486 1105 est
1514 1044 1713 1125 ignorantia3
1742 1045 1900 1123 voluntas,
1927 1065 1992 1107 ma-

1246 1140 1330 1217 titia3
1347 1141 1620 1223 concupiscibilis,
1638 1142 1914 1222 concupiscentia;
1932 1142 1992 1205 ira-

1245 1238 1379 1316 scibilis,
1407 1238 1594 1301 infirmitate
1620 1262 1628 1300 :
1655 1258 1725 1319 quae
1755 1248 1829 1301 sunt
1857 1248 1991 1321 quatuor

1245 1337 1377 1399 vulnera
1398 1356 1436 1399 ex
1450 1337 1598 1419 originali
1621 1346 1752 1419 peccato
1767 1347 1885 1401 secuta.
1903 1339 1989 1401 Unde

1245 1436 1386 1499 ethome
1405 1455 1442 1497 ex
1463 1456 1508 1514 se,
1525 1436 1625 1516 gratia
1644 1436 1825 1514 destitutus,
1842 1436 1875 1497 in
1896 1455 1989 1500 omne

1244 1533 1364 1595 malum
1389 1541 1437 1595 θεῖ
1458 1553 1586 1614 pronus.
1609 1534 1731 1596 lustum
1757 1552 1832 1597 vero
1856 1535 1990 1596 deducet
2003 1558 2058 1613 sap.
2068 1572 2085 1602 1.
2094 1563 2114 1599 n.

1244 1631 1395 1694 Dominus
1410 1651 1468 1713 per
1482 1631 1550 1693 vias
1566 1639 1677 1693 rectas.
1694 1632 1767 1694 ldeo
1781 1641 1870 1713 grata
1885 1640 1989 1694 urente

1244 1728 1378 1791 Domino
1394 1728 1566 1792 confitetur
1583 1753 1589 1790 :
1608 1729 1750 1791 'lenuisti
1772 1749 1902 1791 manum
1917 1730 1989 1792 dex·
2016 1746 2055 1789 ra.
2070 1761 2114 1788 un

439 1830 677 1908 dissolutiones,
705 1829 939 1909 loquacitatem,
967 1828 1131 1910 pigritiam
1156 1836 1189 1889 ct
1207 1830 1230 1890 B
1247 1835 1344 1889 teram
1360 1846 1475 1905 meam,
1492 1827 1570 1903 etin
1587 1828 1748 1889 voluntate
1765 1835 1817 1888 tua
1830 1827 1987 1889 deduxisti
2002 1812 2037 1852 ²⁴·

439 1947 566 1992 omnem
592 1927 898 1991 consolatiunculam
929 1945 1058 2009 prorsus
1084 1926 1189 2006 despi-

439 2026 502 2089 ciat
517 2026 625 2089 vilem.
636 2029 674 2086 In
689 2028 746 2085 froc
761 2026 989 2102 sacrojejunio
1001 2026 1096 2101 susas
1110 2045 1188 2103 qua·

439 2126 653 2202 drepenario,
674 2123 707 2186 id
726 2131 774 2186 θεῖ
794 2124 826 2184 in
848 2131 990 2205 tempore
1012 2122 1188 2203 Quadrage

441 2222 529 2285 simas
551 2222 658 2303 hujus.
680 2221 829 2296 Quamvis
851 2221 936 2284 enim
960 2220 1102 2301 quotidie
1122 2228 1188 2283 toto

441 2339 525 2384 anno
540 2319 680 2402 praefatis
701 2318 911 2381 insistendum
927 2318 969 2380 sit
984 2317 1125 2381 lacrimis
1140 2323 1189 2398 (ut

305 2417 547 2483 r·.1u.a.dicere
571 2418 732 2480 valeamus
754 2441 761 2478 :
783 2417 922 2479 Fuerunt
946 2416 1025 2478 mibi
1049 2415 1187 2478 lacrimae

442 2534 520 2578 meae
536 2534 633 2597 panes
648 2514 700 2577 die
716 2534 752 2577 ac
772 2518 890 2595 nocte),
907 2514 1065 2596 praecipue
1080 2522 1186 2576 tamen

440 2613 474 2675 in
493 2612 737 2695 Quadragesima
757 2613 827 2691 ista,
845 2612 969 2676 actibus
990 2611 1186 2693 poenitentiae

439 2710 669 2794 specialissime
683 2712 842 2794 deputata.

478 2809 572 2872 Porro
587 2809 627 2871 de
643 2808 887 2890 Quadragesima
902 2816 933 2870 et
949 2806 1125 2871 rationibus
1141 2816 1187 2870 tot

437 2906 559 2969 dierum
576 2925 612 2969 ac
630 2906 862 2983 consimilibus,
881 2904 914 2966 in
930 2924 1024 2967 aurea
1039 2906 1186 2986 Legenda

1245 1944 1307 1987 rue.
1328 1923 1408 1987 Hinc
1429 1924 1531 1987 fassus
1551 1932 1599 1987 est
1622 1924 1773 1987 ieremias
1796 1948 1803 1985 ε
1826 1925 1911 2004 Scio,
1932 1925 2106 1990 Do-rema.

1244 2022 1340 2099 mine,
1357 2022 1431 2103 quia
1452 2042 1515 2085 non
1534 2031 1583 2084 est
1600 2022 1740 2086 hominis
1760 2022 1812 2086 via
1831 2023 1913 2103 eius,
1930 2042 1988 2085 nec

1244 2120 1304 2182 viri
1321 2128 1368 2182 est
1383 2128 1418 2181 ut
1428 2120 1569 2183 ambulet
1583 2128 1614 2182 et
1628 2120 1745 2201 dirigat
1758 2139 1885 2201 gressus
1902 2140 1986 2183 suos.

1243 2219 1418 2281 Concordat
1442 2227 1473 2280 et
1498 2218 1575 2279 illud
1600 2219 1741 2300 Apostoli
1769 2242 1776 2280 ε
1802 2218 1901 2300 lgitur
1924 2238 1987 2282 non
2004 2237 2113 2286 nnana

1243 2316 1392 2394 volentis,
1414 2335 1515 2397 neque
1540 2316 1708 2394 currentis,
1730 2318 1784 2379 sed
1807 2317 1988 2380 miserentis

1243 2423 1291 2477 est
1320 2414 1385 2476 Dei.
1416 2413 1526 2477 Nonne
1556 2414 1770 2477 infirmissimi
1800 2435 1922 2495 sumus,
1948 2417 1987 2478 de

1243 2512 1359 2593 quibus
1374 2512 1571 2594 deprompsit
1585 2513 1764 2594 Apostolus,
1775 2513 1899 2575 Scimus
1914 2513 1987 2595 quia
2016 2530 2112 2573 tresel.

1244 2629 1308 2673 non
1336 2629 1445 2672 sumus
1474 2610 1674 2673 sufficientes
1700 2612 1838 2692 cogitare
1867 2612 1986 2693 aliquid
2001 2596 2024 2635 ⁵·

1243 2728 1261 2769 a
1290 2708 1382 2771 nobis
1415 2708 1506 2789 quasi
1535 2728 1572 2770 ex
1602 2709 1707 2787 nobiS,
1738 2711 1792 2772 sed
1822 2709 1988 2773 sufficien-

1243 2806 1286 2869 tia
1309 2815 1415 2869 nostra
1436 2827 1473 2869 ex
1495 2808 1558 2869 Deo
1573 2810 1643 2869 estl
1658 2807 1692 2868 ln
1715 2808 1783 2871 solo
1805 2807 1903 2888 igitur
1922 2809 1986 2872 Dec

1242 2907 1284 2967 sit
1308 2912 1372 2967 tota
1393 2924 1476 2987 spes,
1493 2906 1532 2967 ad
1556 2904 1661 2986 ipsum
1681 2906 1779 2968 stillet
1797 2906 1909 2969 oculus
1931 2926 2114 2973 norman.

438 3006 625 3069 Sanctorum
648 3012 680 3067 et
700 3004 775 3067 alibi
799 3004 875 3067 satis
896 3004 1040 3067 habetur.
1058 3003 1115 3079 Qui
1131 3008 1221 3069 au-f]
1243 3012 1318 3081 ster,
1344 3003 1414 3083 ejus
1439 3002 1591 3065 auxilium
1617 3002 1849 3067 incessabiliter
1874 3005 1986 3087 implo-

436 3110 500 3165 tem
522 3104 701 3185 corporales
723 3109 754 3165 et
778 3120 894 3182 aqueas
920 3100 1030 3183 nequit
1050 3100 1185 3164 effluere

436 3200 595 3279 lacrimas,
623 3220 686 3263 non
715 3201 859 3262 turbetur
884 3198 1102 3277 immoderate,
1129 3201 1183 3261 scd

436 3298 578 3361 lacrimis
598 3299 715 3376 cordis,
736 3298 797 3361 hoc
819 3306 867 3359 est
886 3296 1076 3360 salutaribus
1099 3317 1184 3361 eom-

437 3396 674 3480 punctionibus,
705 3396 815 3477 ignitis
845 3395 878 3457 in
907 3397 970 3459 Deo
1000 3395 1180 3474 affectibus,

437 3503 617 3557 sanctarum
637 3492 845 3557 affectionum
865 3494 1037 3576 profluvio,
1054 3502 1184 3558 eonten-

438 3600 531 3654 tetur.

476 3694 648 3753 Scrutator
666 3695 750 3751 alme
768 3692 929 3763 cordium,
945 3690 1014 3753 hoc·
1027 3699 1085 3769 est,
1103 3698 1183 3768 tu,o

436 3788 537 3865 Deus,
557 3788 670 3851 intime
694 3796 726 3851 et
750 3787 930 3850 infallibilis
956 3796 1181 3871 perscrutator,

436 3886 611 3963 discussor,
628 3885 773 3967 cognitor
788 3886 942 3949 mentium
958 3886 1182 3966 humanarum,

436 3984 489 4065 qui
515 4002 580 4047 non
609 4002 647 4045 ex
677 3982 855 4065 ignorantia
878 3992 931 4045 aut
958 3984 1183 4047 incertitudine

435 4081 531 4143 corda
556 4080 718 4159 scrutaris,
745 4081 801 4143 sed
824 4099 932 4144 eorum
962 4101 1077 4144 areana
1107 4102 1184 4164 pan-

1243 3121 1360 3179 remus,
1396 3119 1523 3164 omnem
1560 3102 1655 3163 etiam
1691 3103 1983 3184 presumptionem,

1241 3199 1375 3281 gloriam
1391 3218 1515 3276 vanam,
1525 3199 1985 3280 jactantiam,elationem,tau-

1240 3317 1336 3379 quam
1357 3295 1515 3359 diabolica
1537 3297 1620 3359 mala
1643 3298 1762 3379 jugiter
1780 3300 1983 3378 detestemur,

1241 3402 1409 3477 pensantes
1425 3394 1503 3457 illud
1519 3396 1659 3476 Apostoli
1673 3417 1681 3455 ε
1694 3396 1773 3471 Quid
1788 3396 1886 3460 habes
1901 3398 1983 3478 quod
2012 3411 2022 3456 1
2037 3411 2085 3455 cor.
2096 3426 2115 3454 a.

1240 3512 1303 3557 uon
1332 3493 1506 3575 accepistil
1533 3493 1564 3555 Si
1588 3502 1694 3557 autem
1718 3494 1883 3575 accepisti,
1908 3477 2021 3576 quid⁷'

1238 3591 1385 3673 gloriaris
1406 3592 1495 3673 quasi
1517 3610 1581 3654 non
1603 3592 1785 3674 acceperisf

1278 3694 1333 3752 Ad
1353 3699 1382 3749 te
1401 3692 1540 3750 reuersis
1559 3693 1674 3750 exhibe
1693 3694 1896 3752 remissionis
1910 3712 1986 3770 qra-

1240 3790 1330 3849 tiam.
1348 3788 1543 3869 Quicumque
1565 3789 1602 3850 ad
1625 3788 1723 3850 Deum
1745 3808 1917 3852 conversus
1938 3799 1986 3852 θεῖ

1238 3906 1296 3968 per
1324 3905 1430 3949 veram
1461 3884 1697 3964 contritionem,
1726 3886 1889 3949 caritatem
1919 3888 1984 3969 jam

1239 3985 1334 4047 babet
1357 3992 1389 4046 et
1412 3983 1545 4065 gratiam
1565 3992 1690 4065 gratum
1710 3984 1893 4064 facientem,
1915 3986 1983 4048 sine

1238 4102 1371 4163 quarum
1396 4081 1556 4145 infusione
1582 4082 1714 4145 mortale
1734 4091 1901 4165 peccatum
1920 4102 1983 4147 uon

435 4177 539 4242 dendo
564 4197 600 4240 ac
626 4178 702 4240 vitia
726 4179 899 4259 puniendo,
925 4181 1066 4244 ostendis
1091 4188 1121 4243 te
1146 4201 1183 4245 ea
1198 4187 1223 4248 D
1238 4181 1409 4243 dimittitur
1432 4198 1490 4241 nec
1515 4180 1638 4242 deletur
1660 4203 1667 4240 :
1689 4180 1760 4243 idco
1784 4180 1850 4262 jam
1875 4201 1984 4245 conse-

436 4276 613 4341 clarissime
630 4276 756 4340 intueri.
771 4276 900 4359 Propter
914 4281 997 4360 quod
1015 4280 1047 4340 in
1063 4282 1184 4361 Apoea-

436 4375 518 4457 lypsi
540 4376 580 4438 de
602 4374 805 4438 fornicatrice
827 4384 857 4439 et
879 4378 1113 4439 moechantibus
1135 4400 1183 4442 se-

287 4481 421 4537 apertas.
436 4493 508 4536 cum
534 4481 665 4535 testatus
689 4493 722 4535 es
740 4497 747 4535 :
764 4474 845 4536 Ecce
870 4474 960 4537 mitto
985 4494 1053 4536 eam
1080 4475 1115 4537 in
1139 4477 1182 4537 le

287 4548 321 4589 ²³¹
436 4580 533 4648 ctum,
570 4579 601 4633 θῖ
636 4571 690 4653 qui
726 4572 924 4635 fornicantur
959 4592 1031 4635 curn
1068 4592 1115 4650 ea,
1148 4574 1180 4635 in

434 4669 637 4732 tribulatione
662 4668 797 4732 maxima
818 4678 930 4747 erunt3
947 4678 978 4732 et
998 4670 1101 4732 scient.
1116 4690 1182 4734 om·

435 4786 491 4830 ncs
506 4766 654 4830 Ecclesia
670 4766 744 4847 quia
760 4785 819 4847 ego
839 4786 908 4829 sum
926 4775 1070 4829 scrutans
1086 4771 1182 4832 corda

434 4874 465 4928 et
494 4884 596 4943 renes,
628 4873 659 4927 et
687 4864 768 4928 dabo
799 4866 971 4946 unicuique
1005 4868 1180 4929 secundum

433 4981 529 5045 opera
558 4982 624 5026 sua.
652 4963 738 5026 Unde
767 4970 799 5025 et
826 4964 908 5044 apud
939 4963 1106 5026 Jeremiam
1137 4965 1182 5028 lo·

290 5062 540 5145 rer.1v=1.r.quitur
561 5062 641 5124 Deus
660 5085 667 5123 ι
685 5060 818 5123 Pratum
841 5070 889 5123 est
911 5080 966 5124 cor
988 5062 1128 5124 hominis
1149 5072 1181 5126 et

285 5145 319 5186 ¹⁰·
432 5160 649 5238 inscrutabile,
682 5160 753 5241 quis
783 5168 954 5241 cognoscet
983 5159 1083 5223 ittudt
1113 5162 1179 5244 Ego

430 5259 582 5324 Dominus
598 5265 742 5321 scrutans
758 5257 864 5337 corda,
881 5266 941 5322 etc.

1238 4287 1329 4343 cutus
1351 4288 1399 4340 est
1421 4301 1437 4337 e
1458 4278 1592 4360 gratiam
1615 4278 1812 4341 remissionis
1835 4301 1863 4356 a,
1882 4279 1914 4343 id
1936 4288 1984 4342 est

1238 4376 1443 4458 indulgentiae
1459 4377 1573 4458 culpae,
1589 4376 1628 4438 ad
1648 4376 1755 4438 minus
1774 4384 1928 4457 quantum
1944 4379 1982 4441 ad

1238 4474 1269 4535 id
1285 4474 1368 4554 quod
1385 4474 1486 4554 culpae
1501 4481 1548 4535 θεῖ
1564 4494 1620 4535 seu
1635 4473 1779 4552 offensa,
1797 4493 1861 4537 non
1877 4484 1982 4538 tamen

1238 4590 1363 4653 semper
1378 4580 1530 4652 quantum
1551 4572 1588 4633 ad
1612 4580 1744 4650 reatum,
1761 4572 1822 4635 hoe
1842 4581 1890 4635 est
1904 4573 1984 4638 obli-

1237 4669 1397 4751 gationem
1425 4669 1463 4730 ad
1494 4687 1632 4750 poenam,
1664 4688 1723 4731 nec
1757 4679 1910 4751 quantum
1943 4673 1980 4734 ad

1237 4786 1363 4850 poenam
1380 4767 1492 4849 ipsam.
1511 4768 1548 4828 Αῖ
1569 4786 1643 4830 vero
1664 4788 1809 4831 reversus
1829 4770 1867 4832 ad
1883 4772 1981 4833 Deum

1236 4886 1293 4948 per
1317 4866 1521 4943 attritionem,
1547 4876 1690 4947 quaest
1719 4866 1907 4949 imperfecta
1935 4887 1982 4930 re-

1235 4964 1350 5042 versio,
1368 4964 1470 5027 adhuc
1486 4964 1520 5026 in
1535 4964 1601 5025 suis
1617 4972 1665 5026 est
1685 4965 1801 5045 culpiS,
1818 4973 1848 5028 et
1870 4966 1981 5047 querit

1236 5084 1252 5123 u
1277 5063 1411 5144 gratiam
1437 5062 1634 5125 remissionis
1660 5085 1689 5140 a,
1713 5062 1745 5125 id
1770 5072 1818 5126 est
1840 5064 1978 5143 veniam,

1234 5162 1300 5225 imo
1314 5170 1346 5224 et
1366 5160 1500 5244 gratiam
1522 5180 1604 5224 verra
1626 5160 1827 5225 contritionis
1849 5162 1910 5225 sibi
1932 5162 1981 5224 in-

1233 5259 1336 5322 fundi.
1361 5260 1526 5342 Quumque
1550 5259 1733 5342 ignoremus
1757 5280 1798 5323 an
1821 5260 1921 5325 simus
1944 5260 1980 5325 in
