4309 6259
448 484 488 573 28
837 518 993 566 asrosnro
1014 518 1113 565 arum
1137 518 1143 563 :
1166 518 1257 565 vanu
1278 518 1458 567 nanmrron
1479 520 1612 568 nauriunt

444 689 640 766 ‘patre3ccce
655 688 900 779 salvatorquem
916 690 1076 753 suscitabo
1091 688 1195 767 vobis,
1211 688 1236 751 Α
1252 698 1375 752 constat
1403 692 1486 771 quod
1518 693 1600 754 Deus
1637 692 1708 774 plus
1744 690 1856 773 diligat
1883 686 2000 754 Christi

445 781 512 843 crit
540 782 573 846 in
601 791 684 847 terra
713 786 782 850 sine
809 796 911 869 patre,
941 788 1024 851 sicut
1053 787 1086 850 in
1115 787 1196 851 coelo
1250 786 1492 866 humanitatem,
1504 807 1560 851 seu
1575 788 1733 851 Christum
1754 789 1929 851 secundum
1944 806 1999 852 na-

450 879 569 962 absque
592 891 701 947 matre.
1251 892 1353 946 turam
1374 895 1579 968 assumptam,
1600 907 1694 969 quam
1716 895 1815 949 totum
1836 886 1998 949 residuum

490 978 652 1059 Praeterea,
682 984 795 1065 triplex
823 984 971 1047 nativitas
1005 984 1198 1049 adscribitur
1251 981 1447 1047 universum.
1477 984 1565 1046 Unde
1593 993 1625 1047 ct
1652 984 1767 1047 Christi
1803 982 1996 1056 humanitas,

451 1075 574 1141 Christo
591 1102 597 1141 :
614 1100 677 1142 una
697 1089 825 1161 aeterna,
842 1102 880 1145 cx
899 1084 993 1147 corde
1012 1082 1133 1161 Patris3
1149 1101 1198 1144 se
1251 1079 1292 1142 ob
1307 1099 1397 1142 suam
1419 1081 1648 1163 hypostaticam
1669 1082 1820 1144 unionem
1835 1100 1908 1144 curn
1924 1081 2000 1143 Ver-

452 1175 556 1236 cunda
579 1178 725 1255 carnalis,
747 1198 784 1241 ex
808 1186 898 1241 utero
923 1179 1083 1261 Virginis;
1105 1179 1198 1241 tertia
1252 1178 1304 1254 bo,
1329 1186 1377 1241 θεῖ
1400 1179 1564 1260 dignitatis
1588 1181 1820 1261 quodammodo
1848 1178 1996 1241 infinita.

447 1270 715 1357 spiritualisque
737 1276 900 1339 incorum
922 1277 1082 1341 mentibus
1102 1296 1197 1358 gene
1250 1276 1394 1358 Insuper,
1418 1278 1564 1358 quamvis
1585 1278 1618 1340 in
1640 1278 1763 1341 Christo
1786 1286 1923 1359 ponatur
1943 1277 2000 1339 du·
2137 1287 2138 1294 ’

452 1376 539 1431 ratur
558 1371 612 1452 qui
635 1382 862 1439 convertuntur
885 1376 924 1438 ad
947 1376 1051 1457 ipsum
1074 1394 1130 1438 seu
1151 1395 1198 1437 re·
1251 1374 1324 1455 plen
1339 1374 1500 1452 nativitas,
1513 1375 1623 1438 divina
1637 1376 1786 1439 videlicet
1800 1384 1832 1438 et
1846 1375 1996 1452 hnmana,

451 1478 642 1548 generantur
657 1471 689 1533 in
705 1472 785 1555 ipso.
1252 1479 1286 1533 ut
1300 1480 1332 1534 et
1346 1473 1461 1555 duplex
1481 1481 1603 1551 natura,
1620 1493 1683 1537 non
1705 1482 1809 1537 tamen
1824 1474 1894 1535 duae
1915 1472 1999 1535 lilia-

366 1564 385 1618 2
492 1569 565 1629 Non
587 1590 627 1627 ex
649 1571 745 1631 uirili
764 1574 966 1642 seminem
984 1574 1198 1650 mysticospi·
1252 1570 1367 1648 tioneS,
1390 1571 1473 1633 sicut
1494 1591 1553 1633 nec
1577 1572 1647 1634 dure
1668 1591 1821 1654 personae,
1845 1570 1998 1633 Nativitas

451 1667 591 1737 rumine,
599 1666 630 1729 id
645 1675 693 1729 θεῖ
704 1670 828 1731 occulta
842 1688 879 1733 ac
890 1669 999 1733 divina
1013 1668 1198 1751 operatione
1252 1668 1338 1730 enirn
1353 1669 1517 1732 concernit
1531 1678 1687 1747 naturam,
1703 1668 1819 1732 liliatio
1838 1688 1913 1731 vero
1929 1688 1998 1750 per-

451 1760 586 1844 Spiritus
610 1765 729 1845 Sancti,
760 1770 896 1829 Verbum
920 1770 980 1829 Dei
999 1770 1127 1845 sactum
1151 1775 1199 1829 est
1252 1785 1375 1844 sonam,
1400 1775 1494 1848 prout
1516 1768 1583 1830 haec
1611 1768 1718 1832 omnia
1746 1787 1841 1849 super
1869 1767 1996 1829 tertium
2012 1786 2135 1841 chenu

449 1879 539 1931 caro,
559 1861 591 1925 id
613 1872 671 1942 cst,
693 1864 806 1927 unicus
829 1865 883 1926 Dei
905 1864 1004 1927 Filius
1026 1864 1129 1928 lactus
1150 1860 1235 1928 estB
1253 1864 1484 1926 Sententiarum
1500 1865 1760 1928 determinantur.
2009 1848 2136 1906 ¹²·¹⁸²⁰“‘

320 1970 402 2015 rma.
420 1984 435 2023 ι,
450 1956 557 2037 homo,
579 1960 669 2042 juxta
689 1962 768 2026 illud
793 1984 800 2023 τ
822 1962 960 2026 Verbum
983 1982 1056 2025 caro
1078 1962 1197 2026 lactum
1295 1962 1497 2042 Fractusque
1512 1965 1637 2023 ventris
1649 1965 1779 2039 (inruit,
1794 1962 1827 2024 id
1848 1970 1907 2042 est,
1923 1964 1998 2025 Ver-

307 2035 339 2076 ¹⁸'
451 2063 508 2118 cst.
524 2056 569 2119 lbi
590 2082 606 2118 u
626 2079 699 2123 caro
720 2082 736 2119 n
758 2079 815 2142 pro
834 2060 976 2138 homine,
997 2069 1106 2143 utpote
1125 2080 1198 2143 pars
1252 2059 1329 2122 bum
1356 2067 1521 2137 aetemum,
1551 2061 1634 2140 quod
1662 2062 1838 2122 secundum
1872 2060 1998 2123 deitatis
2046 2057 2054 2067 '

451 2172 508 2235 pro
530 2162 607 2235 toto,
629 2158 795 2240 accipitur.
812 2158 900 2221 Unde
923 2158 1138 2240 Archangelus
1159 2161 1198 2221 ad
1254 2165 1398 2220 naturam
1427 2166 1475 2219 est
1503 2158 1624 2221 l'rnctns
1653 2167 1684 2221 ct
1709 2158 1813 2239 proles
1838 2158 1944 2222 cordis
1967 2168 2000 2220 et

451 2253 743 2333 praeelectissimam
772 2256 936 2338 Virginem
965 2265 1013 2319 est
1037 2257 1162 2319 locutus
1189 2282 1196 2320 ε
1254 2254 1434 2318 intellectus
1454 2255 1588 2338 paterni,
1609 2257 1783 2318 seeundum
1803 2264 2000 2339 assumptam

318 2365 434 2417 auras.
451 2350 587 2432 Spiritus
612 2353 746 2415 Sanctus
770 2354 974 2436 superveniet
995 2354 1028 2415 in
1047 2362 1089 2430 te,
1113 2364 1196 2434 etc,
1253 2352 1482 2414 humanitatem
1497 2361 1545 2414 est
1560 2377 1576 2411 u
1591 2353 1714 2415 fructus
1730 2375 1746 2412 u
1762 2361 1793 2415 et
1808 2352 1897 2416 lilius
1917 2354 1999 2416 uteri

306 2460 403 2522 guarin.
420 2476 435 2514 ι,
451 2456 545 2529 atque
559 2450 603 2525 ait
617 2452 656 2514 ad
671 2452 702 2513 S.
720 2452 837 2534 loseph
854 2475 860 2513 :
878 2452 965 2527 Quod
981 2452 1014 2513 in
1036 2460 1198 2515 canatum
1253 2450 1429 2531 virginalis.
1452 2452 1494 2513 De
1509 2470 1571 2532 quo
1590 2459 1698 2514 sancta
1717 2450 1796 2513 dixit
1819 2450 1997 2513 Elisabeth:

304 2525 338 2567 '⁰'
451 2554 510 2625 est,
535 2548 575 2610 de
599 2548 719 2630 Spiritu
744 2549 859 2612 Sancto
888 2556 946 2612 θεῖ.
972 2550 1121 2624 Quamvis
1145 2571 1200 2612 au·
1253 2547 1441 2610 benedictus
1463 2548 1585 2611 fructus
1605 2549 1724 2610 ventris
1739 2549 1784 2610 tui
1799 2572 1807 2626 3
1824 2557 1855 2610 θῖ
1869 2548 2000 2611 Psalmi·
2015 2569 2134 2617 caete.

452 2652 515 2706 tem
531 2664 627 2727 opera
642 2647 917 2728 superessentialis
939 2648 1198 2730 incomparabilis
1254 2654 1302 2707 sta
1319 2669 1325 2707 :
1341 2646 1422 2707 Ecce
1445 2646 1602 2708 hereditas
1622 2646 1758 2725 Domini,
1780 2646 1854 2723 lilii,
1877 2666 2001 2709 merces
2028 2676 2139 2725 mu„

453 2742 615 2805 Trinitatis
637 2746 676 2808 ad
698 2752 785 2807 extra
806 2746 870 2807 sint
892 2745 1040 2823 indivisa,
1057 2754 1092 2807 ut
1114 2746 1199 2808 circa
1256 2743 1377 2805 lrnctus
1398 2744 1538 2822 ventris3
1556 2744 1718 2826 itemque:
1736 2744 1888 2807 Dominus
1913 2740 2053 2843 dabitjg⁸
2070 2813 2134 2842 um

453 2842 591 2923 primum
620 2842 773 2924 hymnum
802 2852 851 2905 θεῖ
881 2844 1097 2921 declaratum,
1127 2843 1200 2906 elli·
1255 2841 1495 2922 benignitatcm,
1515 2850 1576 2904 etc.
1593 2842 1636 2904 De
1660 2862 1723 2924 quo
1745 2842 1840 2905 lsaias
1862 2866 1869 2903 ε
1890 2843 1926 2904 ln
1947 2831 2062 2905 dieras
2136 2831 2139 2839 ⁸

453 2938 570 3002 cientia
585 2947 690 3002 tamen
706 2939 934 3004 incarnationis
945 2961 1001 3023 per
1014 2941 1199 3023 appropria·
1255 2939 1310 3002 illa
1331 2940 1391 3001 crit
1412 2959 1542 3020 germen
1557 2939 1682 3002 Domini
1704 2940 1737 3001 in
1759 2939 2001 3021 magnificentia
2014 2924 2052 2966 1⁸·
2065 2927 2123 2974 ”³²

452 3037 571 3101 tionem
591 3038 782 3100 adscribitur
804 3038 935 3121 Spiritui
958 3040 1084 3117 Sancto,
1100 3059 1196 3121 qumn
1213 3039 1235 3103 C
1255 3045 1286 3099 ct
1300 3038 1411 3118 gloria,
1428 3046 1459 3100 et
1474 3037 1596 3100 fructus
1610 3045 1702 3100 terrae
1722 3038 1879 3100 sublimis.
1895 3038 1953 3113 Qui
1969 3046 2002 3100 et

454 3134 495 3199 sit
510 3155 589 3218 opus
605 3136 749 3199 maximat
760 3137 1055 3218 benignitatisque)
1066 3138 1197 3219 Spiritui
1254 3135 1429 3198 «floruit»
1446 3136 1478 3196 in
1501 3135 1560 3197 hoc
1575 3136 1695 3198 mundo
1716 3135 1803 3197 omni
1820 3136 1999 3215 sanctitate,

454 3234 569 3298 Sancto
583 3234 816 3317 appropriatur.
827 3234 956 3316 Propter
969 3236 1052 3316 quod
1068 3236 1101 3297 in
1117 3255 1200 3317 sym-
1254 3232 1422 3316 sapientia,
1444 3233 1539 3310 lama,
1563 3233 1800 3314 predicatione,
1824 3233 2000 3310 miraculis,

454 3332 527 3396 bolo
552 3332 773 3414 Apostolorum
797 3332 949 3394 asseritur
974 3356 980 3393 ε
1005 3333 1062 3408 Qui
1087 3352 1200 3398 conce·
1255 3331 1288 3392 in
1310 3338 1432 3392 tantum
1455 3333 1538 3412 quod
1562 3332 1657 3393 etiam
1679 3337 1821 3413 tempore
1844 3331 2001 3413 passionis

454 3437 527 3512 ptus
549 3437 597 3492 θεῖ
617 3429 656 3492 dc
679 3429 797 3512 Spiritu
819 3430 945 3507 Sancto,
962 3430 993 3491 id
1016 3439 1063 3493 θεῖ
1082 3431 1199 3493 virtute
1253 3428 1362 3490 retulit
1382 3428 1422 3490 de
1443 3447 1478 3490 se
1500 3428 1569 3510 ipso
1587 3452 1593 3490 :
1611 3428 1642 3489 Si
1665 3429 1698 3491 in
1717 3426 1813 3490 viridi
1833 3428 1920 3510 ligno
1941 3429 2001 3491 hoc
2026 3450 2139 3494 amm

453 3536 485 3590 et
506 3527 702 3610 benignitate
717 3526 852 3608 Spiritus
873 3528 991 3605 Sancti,
1006 3528 1061 3609 qui
1083 3548 1121 3591 ex
1142 3550 1200 3611 pu·
1254 3525 1388 3598 faciunt,
1402 3534 1462 3588 etc.
1479 3526 1558 3588 llinc
1574 3526 1657 3607 apud
1672 3525 1784 3587 isaiam
1797 3550 1804 3587 :
1815 3525 2002 3606 Egredietur
2015 3515 2054 3619 j}
2070 3590 2092 3619 n
2112 3579 2131 3618 ¹·

453 3624 590 3689 rissimis
612 3626 820 3707 sanguinibus
843 3626 1109 3707 praestantissimae
1131 3627 1200 3689 Vir·
1254 3624 1344 3705 virga
1358 3624 1398 3686 dc
1419 3623 1524 3685 radice
1538 3624 1637 3701 lasse,
1653 3631 1713 3685 etc.
1731 3623 1773 3685 De
1788 3642 1851 3704 quo
1871 3623 1904 3685 in
1924 3624 2002 3687 Can·
2093 3608 2101 3627 ’

453 3724 538 3807 ginis
563 3743 678 3805 corpus
702 3723 816 3787 Christi
842 3724 874 3786 in
901 3724 1029 3787 instanti
1050 3724 1200 3790 formavit
1253 3721 1327 3783 ticis
1348 3721 1394 3783 ait
1413 3722 1534 3803 Sponsa
1551 3744 1558 3783 ι
1575 3720 1713 3783 Dilectus
1735 3741 1825 3783 meus
1847 3722 2000 3784 candidus
2017 3737 2139 3789 Carsu

454 3831 485 3886 ct
499 3820 706 3904 organizavit,
714 3821 852 3884 animam
867 3822 980 3884 Christi
997 3824 1118 3886 crearit
1131 3842 1200 3886 cor·
1254 3828 1287 3883 et
1301 3819 1509 3896 rubicundus,
1525 3819 1644 3881 electus
1659 3837 1697 3881 ex
1713 3818 1866 3882 millibus.

455 3920 587 4004 porique
602 3919 768 4000 conjunxit
785 3944 791 3982 :
809 3939 846 3981 ex
859 3939 993 4001 quorum
1017 3920 1199 3984 immediata
1294 3923 1399 3980 Alvus
1425 3920 1572 3977 tumescit
1605 3919 1749 3994 Virginis
1767 3938 1779 3976 .·
1798 3918 1830 3979 id
1854 3925 1913 3995 est,
1940 3918 2002 3980 vir·
2075 3932 2095 3988 3

454 4018 682 4099 conjunctione
711 4018 875 4080 resultavit
902 4038 976 4080 vera
1004 4026 1035 4080 et
1059 4020 1200 4101 perlecta
1255 4018 1368 4100 gineus
1393 4022 1515 4091 venter,
1540 4014 1597 4078 toti
1622 4014 1753 4093 mundo,
1780 4014 1844 4077 imo
1873 4024 1904 4077 et
1931 4016 2003 4077 nni-

453 4116 647 4193 humanitas‚
670 4135 764 4197 quam
788 4116 819 4177 in
841 4116 952 4179 eodem
975 4116 1104 4179 instanti
1130 4137 1201 4200 per·
1256 4134 1355 4178 versae
1369 4112 1578 4194 triumphanti
1594 4112 1743 4175 Ecclesia
1763 4112 1952 4176 venerabilis
1971 4121 2003 4175 et

454 4234 533 4279 sona
558 4213 652 4276 Verbi
676 4214 786 4276 aeterni
811 4214 994 4297 assumpsit,
1020 4223 1052 4279 et
1080 4215 1113 4277 in
1142 4235 1199 4279 suo
1216 4213 1240 4273 D
1256 4211 1468 4289 venerandus,
1495 4218 1643 4291 tanquam
1669 4210 1918 4272 sacratissimum
1947 4211 2002 4272 Dci

454 4332 524 4375 asse
548 4311 706 4394 personali
731 4312 870 4374 increato
895 4313 1116 4395 suppositavit.
1142 4314 1200 4377 Eo
1257 4309 1424 4391 templum,
1446 4310 1578 4371 thronus
1598 4328 1635 4370 ac
1654 4309 1789 4387 mansio,
1812 4317 1934 4387 venter,
1956 4309 2003 4370 in-

454 4410 526 4474 dam
556 4411 683 4473 demum
717 4408 848 4471 instanti
882 4409 1028 4491 implevit
1060 4410 1198 4474 animam
1256 4427 1363 4490 quam,
1380 4406 1482 4469 llariae
1502 4406 1706 4483 dulcissimae,
1724 4429 1740 4465 ι(
1761 4406 1954 4485 tumescit»,
1970 4407 2002 4469 id

454 4508 567 4572 Christi
584 4508 671 4572 omni
687 4506 919 4588 supernaturali
935 4506 1125 4569 charismate
1136 4509 1201 4590 Spi-
1255 4514 1315 4584 est,
1331 4504 1485 4588 paulatim
1506 4504 1648 4566 tumebat
1666 4524 1722 4566 seu
1742 4504 1934 4582 elevabatur,
1955 4524 2003 4567 se-

455 4607 533 4669 ritus
562 4606 681 4684 Sancti,
707 4604 982 4686 imperfectionem
1011 4605 1044 4666 in
1073 4625 1130 4667 sua
1153 4626 1201 4669 ra·
1255 4604 1395 4667 cundum
1420 4602 1504 4683 quod
1529 4620 1644 4683 corpus
1666 4601 1737 4663 Filii
1758 4602 1828 4682 eJus
1849 4602 1951 4664 crevit
1971 4610 2002 4664 et

455 4702 541 4767 tione
570 4724 632 4766 non
663 4702 857 4779 includente,
889 4700 953 4763 imo
986 4709 1018 4763 et
1052 4701 1200 4765 beatifica
1255 4702 1429 4783 augebatur
1440 4700 1472 4762 in
1483 4708 1572 4762 utero
1586 4699 1757 4781 ejnsQuod
1768 4700 1883 4782 loseph
1895 4701 2002 4783 depre

455 4802 578 4865 visione
592 4800 722 4863 Deitatis
744 4807 807 4861 tam
828 4799 912 4877 clara
931 4806 966 4860 ut
985 4800 1078 4862 modo
1093 4799 1198 4863 habet.
1255 4801 1410 4877 hendens,
1428 4798 1579 4881 cogitavit
1597 4798 1721 4861 occulte
1740 4798 1899 4861 dimittere
1919 4818 2000 4878 eam,
2016 4837 2134 4885 mh,

454 4901 617 4981 Quumque
644 4899 726 4961 Deus
754 4896 879 4959 dicatur
907 4904 1083 4959 creaturam
1114 4906 1201 4962 tanto
1255 4898 1306 4960 vel
1328 4897 1401 4979 quia
1416 4896 1637 4977 suspicabatur
1650 4897 1726 4977 quid
1741 4896 1817 4958 mali
1836 4897 1875 4958 de
1890 4916 1938 4975 ea,
1955 4916 2003 4963 se·⁴
2135 4875 2139 4892 ⁸

455 4999 526 5081 plus
561 4996 695 5078 diligere
728 5002 847 5078 quanto
883 4994 984 5075 magis
1019 4996 1138 5057 bonum
1171 4997 1200 5058 ei
1256 4997 1396 5060 cundum
1411 4995 1666 5076 Chrysostomum
1683 4994 1715 5055 in
1730 4994 1877 5073 llomilia,
1893 5015 2003 5076 quam-

455 5096 681 5174 communicat,
706 5103 737 5157 ct
761 5112 830 5157 esse
859 5092 938 5155 illud
963 5094 1128 5175 personale
1155 5094 1203 5156 in·
1257 5093 1306 5157 vis
1331 5092 1466 5175 ipsemet
1493 5091 1569 5154 alibi
1596 5092 1689 5155 aliter
1715 5092 1820 5169 dicat3
1850 5093 1900 5155 vel
1928 5092 2003 5173 quia

456 5202 597 5259 creatum
626 5192 817 5255 humanitati
842 5190 957 5254 Christi
986 5192 1202 5255 communica·
1258 5192 1353 5275 (quod
1373 5198 1406 5253 et
1424 5190 1589 5253 decentius
1608 5192 1711 5269 sonat)
1726 5190 1886 5272 reputavit
1904 5210 1938 5253 se
1957 5191 2004 5251 in·

455 5303 534 5375 tum,
551 5292 656 5374 majus
677 5310 714 5354 ac
736 5290 864 5372 dignius
885 5290 928 5353 sit
945 5299 1010 5354 toto
1030 5290 1200 5371 universo,
1258 5290 1391 5371 dignum
1408 5288 1617 5353 contubernio
1638 5296 1731 5371 atque
1746 5288 1906 5353 consortio
1920 5289 2002 5369 ejus,
