4309 6259
464 442 524 509 ιιι
755 462 795 511 aa
816 464 904 512 coms
925 464 1059 512 sciamus
1079 462 1198 521 savera,
1218 462 1393 509 autmarus
1414 462 1457 509 ιιι.
1480 482 1520 492 -
1540 426 1610 507 abr.
1626 462 1714 509 xxxu

328 645 452 695 lma-¹1.
465 634 589 698 duauus
613 635 782 699 defunctus
806 636 996 714 resurrexit,
1017 636 1101 717 quod
1126 632 1214 696 Chri·
1228 633 1253 696 A
1269 634 1367 715 ribus,
1385 634 1476 697 tertia
1490 652 1565 698 vero
1580 633 1732 715 utrisque.
1749 633 1783 695 ln
1800 631 1900 715 prima
1920 632 1997 714 poni-

319 710 453 821 aava,
466 740 534 795 stus
553 733 658 796 ventis
671 741 704 796 et
717 735 797 797 mari
821 734 965 816 imperat,
982 752 1118 815 moxque
1139 732 1213 794 obe-
1267 739 1319 794 tur
1332 732 1422 795 cibus
1438 732 1589 813 grossior,
1604 732 1638 793 in
1654 731 1793 794 secunda
1809 730 1957 807 subtilior,
1969 730 1995 793 in

319 833 395 882 Μ’·
466 831 559 894 diunt
572 832 728 914 eiltaque
742 832 833 895 turba
848 832 1043 913 simplicium
1059 831 1210 913 pascitur,
1268 830 1359 893 tertia
1373 830 1507 893 dulcior.
1524 829 1628 892 Prima
1643 830 1783 892 continet
1803 847 1941 911 saporem
1954 848 1995 891 ex-

466 930 542 993 dum
553 929 636 993 tides
649 930 803 1011 exemplis
814 939 847 993 et
858 930 1021 994 miraculis
1033 930 1209 994 roboratur.
1269 928 1457 1010 emplorum,
1475 929 1615 991 secunda
1628 926 1833 990 dilectionem
1850 927 1994 1009 mysterio

466 1028 611 1092 Secunda
645 1037 693 1091 est
726 1048 836 1093 mensa
873 1029 1043 1111 allegoriae,
1081 1027 1114 1089 in
1150 1044 1212 1107 qua
1270 1045 1351 1103 rum,
1368 1026 1459 1088 tertia
1479 1025 1680 1089 dulcedinem
1695 1043 1831 1089 morum.

468 1126 649 1190 subtiliores
668 1135 699 1189 ct
723 1127 755 1188 in
780 1127 850 1209 lege
875 1126 981 1209 periti,
998 1123 1212 1207 profundiori·
1309 1123 1544 1203 Verumtamen,
1561 1123 1711 1205 quoniam
1738 1142 1828 1186 sacra
1852 1120 1994 1203 Scriptura

467 1224 526 1287 bus
548 1244 585 1287 ac
604 1225 814 1306 sapidioribus
835 1224 996 1288 alimoniis
1015 1223 1209 1301 nutriuntur,
1269 1222 1519 1304 quadrupliciter
1545 1222 1724 1303 exponitur,
1750 1221 1855 1303 aptius
1878 1220 1996 1283 arbitror

325 1336 409 1380 vm.
423 1349 453 1389 n,
467 1322 541 1385 dum
566 1322 645 1404 ipsis
669 1324 760 1405 panis
787 1324 841 1405 qui
870 1324 910 1385 de
939 1322 1019 1386 coelo
1047 1320 1211 1383 descendit
1270 1339 1388 1402 ponere
1407 1329 1542 1401 quatuor
1561 1340 1686 1383 mensas
1706 1319 1739 1381 in
1762 1317 1914 1400 spirituali
1935 1337 1996 1380 con-

322 1403 348 1443 ²²
362 1404 443 1456 Μ·
467 1419 684 1501 promittitur:
701 1439 739 1482 cx
760 1420 852 1501 cujus
876 1419 1121 1483 manducatione
1145 1437 1211 1481 om·
1270 1418 1354 1481 vivio
1370 1419 1561 1500 mentalique
1578 1417 1745 1481 refectorio
1764 1416 1840 1479 doni
1861 1415 1993 1478 scientiar.

466 1518 556 1581 nium
575 1518 756 1582 divinorum
776 1518 1002 1582 charismatum
1022 1518 1138 1599 gratias
1157 1517 1212 1579 ob
1270 1516 1307 1578 Et
1321 1525 1438 1598 quanto
1453 1516 1607 1597 expositio
1623 1515 1719 1577 luerit
1733 1514 1836 1591 altior,
1854 1522 1934 1576 tanto
1946 1513 1995 1575 erit

466 1615 614 1678 tinemus.
631 1615 789 1697 Allegoria
809 1616 895 1679 euim
915 1615 991 1698 quid
1018 1615 1211 1678 credendum
1270 1634 1379 1677 mensa
1393 1615 1519 1677 suavior
1534 1633 1571 1676 ex
1586 1633 1642 1675 sua
1657 1622 1779 1676 natura.
1797 1614 1882 1676 Unde
1901 1612 1995 1693 praia-

466 1714 508 1777 sit
530 1715 651 1776 docet:
673 1714 756 1793 ide0,
780 1714 915 1778 dumea
939 1733 1035 1776 sensu
1059 1711 1212 1774 historico
1267 1713 1306 1774 tis
1332 1712 1499 1793 Scripturas
1523 1712 1642 1774 mensis
1666 1712 1810 1774 addenda
1833 1720 1880 1773 est
1902 1728 1995 1772 mensa

464 1811 541 1892 quid
556 1812 643 1874 credi
658 1811 772 1875 debeat
786 1812 1035 1890 consideramus,
1052 1810 1085 1871 in
1101 1827 1211 1871 mensa
1229 1806 1252 1868 B
1267 1810 1461 1891 tropologias,
1478 1810 1554 1872 dum
1574 1829 1612 1871 ex
1634 1828 1739 1871 rerum
1762 1808 1994 1873 consideratione

464 1908 624 1990 allegoria
658 1908 835 1972 reficimur.
865 1909 970 1971 Tertia
998 1909 1127 1970 demum
1163 1916 1210 1970 est
1266 1918 1437 1989 gestarum,
1474 1916 1528 1971 aut
1566 1907 1735 1970 moralium
1770 1914 1992 1989 pracceptomm.

463 2026 575 2069 mensa
589 2007 876 2089 anagogiae,inqua
892 2005 1127 2088 contemplativi
1145 2024 1213 2086 per·
1266 2006 1342 2087 quid
1366 2024 1459 2087 agere
1488 2007 1660 2068 debeamus
1684 2006 1886 2085 attendimus,
1911 2013 1938 2067 et
1962 2022 1992 2066 er

463 2104 603 2186 lectique
618 2105 678 2166 viri
694 2104 888 2167 dulcissimis
903 2111 997 2185 atque
1012 2102 1211 2185 dignissimis
1267 2104 1378 2167 morali
1400 2103 1608 2167 instructione
1630 2102 1806 2166 relicimur.

463 2222 501 2266 ex
535 2202 804 2283 contemplatione
833 2202 1010 2265 coelcstium
1040 2200 1212 2283 promisso

463 2298 1211 2480 circellum{tilletum

462 2496 516 2577 giss
530 2496 648 2558 etenim
664 2503 712 2558 Ost
726 2495 861 2576 Simplex
882 2495 1018 2559 θιθνᾶῑιο
1040 2494 1156 2557 mentis
1178 2495 1211 2556 in
1286 2510 1341 2569 Αη
1360 2509 1481 2567 donum
1501 2506 1645 2566 scientioe
1665 2514 1795 2566 maneat
1814 2507 1850 2566 in
1869 2506 1976 2567 Bautis,

463 2594 730 2675 contemplatione
744 2594 925 2657 divinorum
943 2618 949 2655 :
968 2594 1078 2675 sicque
1097 2611 1213 2675 anago-

462 2692 513 2773 gia
534 2692 654 2755 ratione
669 2691 855 2755 elevationis
874 2691 1070 2754 transcendit
1084 2692 1212 2753 narrati-
1336 2692 1551 2757 lFFlCULTAS
1572 2712 1672 2775 pauca
1687 2693 1737 2755 vel
1762 2691 1848 2755 nulla
1870 2700 1948 2755 esset
1964 2692 1997 2753 de

462 2808 557 2853 ouem
576 2789 781 2867 historicam;
798 2789 920 2852 ratione
944 2798 1050 2851 autem
1075 2798 1212 2852 contem·
1350 2792 1421 2870 hoc,
1438 2812 1478 2853 an
1494 2791 1626 2855 scientia
1645 2792 1704 2853 ista
1718 2791 1750 2852 in
1766 2790 1869 2853 Beatis
1890 2809 1999 2873 perma-

464 2888 612 2970 plationis
624 2887 861 2969 supergreditur
872 2886 1029 2968 allegoriae
1040 2887 1209 2961 velamina,
1265 2897 1349 2969 neat,
1374 2889 1437 2951 nisi
1466 2889 1635 2971 Apostolus
1661 2890 1823 2953 caritatem
1853 2908 1998 2953 common·
2102 2948 2103 2953 ,

463 2993 571 3066 utpote
586 2986 654 3047 sine
670 2985 814 3048 sensibili
830 3004 867 3047 ac
884 2986 1038 3048 materiali
1060 2985 1208 3067 imagine,
1230 2988 1369 3051 Cdando
1394 2995 1549 3049 assereret
1566 3010 1573 3048 ι
1590 2986 1662 3050 Sive
1684 2986 1860 3069 prophetia
1878 3005 1998 3049 evacua·
2010 2988 2103 3052 accat?

462 3083 573 3146 divina
604 3083 673 3146 acie
706 3084 823 3145 munda
860 3083 1091 3166 contemplans.
1127 3084 1210 3146 Talis
1266 3086 1394 3165 buntur,
1420 3086 1486 3147 sive
1515 3085 1646 3148 scientia
1670 3086 1870 3163 destruetur3
1896 3083 1997 3147 caritas

462 3199 539 3243 vero
569 3180 813 3261 contemplativa
838 3182 985 3243 ascensio
1014 3201 1144 3243 suavem
1173 3201 1210 3243 ao
1267 3201 1518 3263 veronunquam
1535 3182 1999 3265 excidit.Denique,juxtarlpo

463 3298 611 3360 magnam
635 3277 739 3359 gignit
757 3278 970 3341 dulcedinem.
988 3279 1076 3341 Unde
1096 3278 1211 3360 Grego
1267 3280 1394 3360 stolum,
1425 3279 1518 3358 lides,
1550 3300 1622 3361 spes
1650 3289 1745 3361 atque
1775 3280 1908 3343 scientia
1937 3280 1998 3341 ideo

463 3376 529 3438 rius
544 3395 640 3457 super
658 3376 855 3438 Ezechielem
873 3400 880 3437 :
898 3376 1141 3457 Contemplatio,
1164 3377 1211 3437 in·
1267 3379 1455 3440 evacuanda
1474 3378 1634 3458 dicuntur,
1652 3378 1727 3459 quia
1749 3398 1786 3440 ex
1807 3387 1896 3460 parte
1916 3385 1996 3453 sunt;
2010 3396 2098 3438 naar.

462 3474 542 3557 quit,
559 3475 649 3537 valde
664 3473 812 3537 amabilis
831 3483 879 3536 est
897 3474 1044 3554 dulcedo,
1060 3475 1210 3555 quoniam
1267 3484 1298 3537 et
1323 3494 1385 3538 non
1411 3476 1535 3554 caritas,
1561 3496 1659 3557 quum
1684 3485 1789 3539 tamen
1819 3485 1852 3539 ct
1879 3476 1943 3557 ipsa
1968 3494 1998 3536 rr

463 3574 602 3636 animam
622 3592 771 3654 superse
791 3572 917 3654 recipit,
939 3573 1081 3635 coelestia
1096 3574 1208 3654 aperit,
1268 3583 1356 3656 parte
1382 3574 1445 3636 sit:
1463 3594 1500 3637 ex
1523 3582 1611 3655 parte
1634 3573 1720 3637 euim
1741 3574 1915 3657 diligimus,
1930 3574 1998 3635 sicut

465 3680 673 3735 terrenaesse
688 3671 866 3751 spemeuda
880 3671 1212 3752 ostendit,spiritualia
1267 3692 1305 3735 ex
1329 3680 1416 3753 parte
1442 3672 1570 3751 scimus,
1598 3680 1632 3733 ut
1654 3672 1697 3733 ait
1720 3671 1894 3754 Hesychius
1917 3688 2087 3753 superrima

465 3769 568 3832 oculis
602 3767 806 3830 interioribus
843 3768 1004 3849 patefacit,
1035 3770 1212 3850 corporalia
1266 3768 1455 3833 Leviticum.

467 3866 1002 3949 quoqueabscondit,itautanima
1018 3866 1090 3928 talis
1105 3867 1212 3930 dicere
1307 3869 1346 3931 Et
1361 3868 1614 3950 respondendum
1630 3888 1703 3931 cum
1718 3868 1866 3950 Magistro
1885 3868 2001 3931 Sentcn·
2101 3878 2102 3883 ’

322 3986 390 4033 cm.
403 3993 452 4041 aa.
468 3966 568 4048 possit
584 3988 591 4027 ε
609 3965 673 4045 Ego
688 3964 821 4042 dormio,
839 3972 871 4026 et
889 3984 944 4027 cor
963 3984 1069 4027 meum
1090 3965 1210 4046 vigilat.
1268 3966 1381 4028 tiarum
1398 3966 1490 4029 tertio
1505 3966 1596 4046 libro,
1604 3965 1679 4047 quia
1693 3974 1724 4029 et
1738 3966 1852 4029 caritas
1868 3966 1901 4029 in
1914 3985 2001 4047 quan-
2012 3950 2102 4029 acme

467 4062 626 4145 vigilante
650 4062 769 4124 etenim
794 4063 899 4140 corde,
922 4063 992 4144 ipsa
1012 4063 1140 4141 dormit,
1157 4084 1215 4146 per
1269 4072 1335 4126 tum
1360 4083 1397 4127 ex
1422 4072 1509 4145 parte
1538 4072 1596 4144 est,
1622 4064 1828 4127 evacuabitur
1854 4088 1861 4126 :
1887 4064 2003 4128 tolletur

468 4161 528 4224 hoc
552 4161 635 4241 quod
655 4160 899 4241 contemplando
918 4161 1051 4223 interius
1071 4161 1209 4242 prolicit,
1228 4162 1252 4225 D
1269 4180 1405 4241 namque
1421 4160 1620 4241 imperiectio
1640 4160 1722 4241 ejus,
1739 4169 1770 4224 et
1792 4160 1924 4224 addetur
1943 4180 2003 4241 pcr—

467 4266 498 4321 et
512 4258 552 4320 ab
566 4257 717 4339 inquietis
731 4258 880 4339 operibus
895 4259 973 4321 loris
988 4258 1135 4339 quiescit.
1269 4258 1386 4337 iecti03
1412 4258 1649 4339 remanebitque
1679 4258 1746 4340 ipsa
1776 4258 1822 4321 sic
1852 4268 1951 4338 auch,
1976 4264 2002 4319 ct

506 4356 648 4437 Denique
667 4355 870 4437 praeinductis
894 4358 990 4420 verba
1013 4357 1156 4439 Hugonis
1180 4358 1212 4419 in
1269 4365 1357 4419 actus
1373 4357 1442 4438 ejus
1463 4364 1494 4419 et
1515 4356 1625 4418 modus
1644 4356 1771 4437 agendi,
1788 4364 1822 4418 ut
1844 4357 2002 4439 diligamns

467 4455 548 4518 libro
562 4456 603 4517 de
617 4454 759 4516 Claustro
774 4454 888 4517 anima
904 4462 1090 4517 consonant.
1100 4455 1212 4529 Quem·
1268 4456 1367 4517 Deum
1384 4462 1511 4535 propter
1526 4472 1560 4516 se
1575 4473 1612 4516 ex
1633 4462 1697 4516 toto
1719 4454 1826 4533 corde,
1843 4464 1909 4519 tota
1926 4475 2003 4517 mru-

466 4554 648 4631 admodum‚
664 4552 720 4629 ait,
736 4552 831 4614 bomo
847 4552 982 4615 exterior
1001 4552 1034 4613 in
1054 4553 1210 4615 materiali
1269 4562 1310 4629 te,
1327 4560 1391 4615 tota
1416 4552 1540 4629 virtute,
1558 4551 1736 4634 proximum
1762 4562 1906 4617 nostrum
1930 4554 2003 4615 sicut

467 4650 646 4729 refectorio,
655 4649 726 4711 cibo
741 4668 778 4711 ac
793 4656 869 4731 potu
884 4649 1101 4728 relicitur3sic
1118 4651 1211 4713 homo
1268 4668 1326 4713 nos
1355 4650 1452 4733 ipsos.
1480 4650 1571 4713 Fides
1599 4660 1704 4713 autem
1729 4659 1760 4713 et
1784 4670 1858 4733 spes
1882 4672 2003 4715 evacua-

466 4748 598 4814 interior
611 4748 645 4809 iu
661 4747 829 4810 refectorio
845 4755 961 4811 sanctae
982 4748 1209 4827 meditationis,
1268 4748 1388 4811 buntur
1411 4748 1551 4811 omnino.
1575 4747 1713 4811 Scientia
1737 4767 1812 4811 vero
1837 4750 2002 4811 secundum
2100 4778 2101 4831 ι

466 4847 682 4928 exemplorum
704 4845 862 4907 variorum
883 4844 1014 4908 lerculis
1033 4846 1213 4928 impingua·
1267 4856 1373 4909 actum
1389 4854 1421 4908 et
1440 4845 1567 4908 modum
1589 4864 1684 4925 quem
1705 4865 1790 4909 nunc
1810 4846 1906 4910 habet
1923 4848 2003 4911 tolle·
2100 4832 2101 4894 l

465 4958 527 5025 tur,
558 4943 877 5026 compunctionisque
907 4944 981 5007 vino
1011 4952 1146 5026 potatur.
1177 4947 1210 5008 ln
1268 4953 1328 5021 tur,
1346 4963 1409 5007 non
1434 4952 1539 5006 autem
1564 4945 1739 5007 secuudum
1765 4946 1935 5007 essentiam
1957 4946 2003 5007 de

465 5049 525 5110 hoc
542 5043 709 5107 refectorio
724 5051 787 5105 tres
802 5061 921 5107 mensae
934 5044 1148 5125 ponuntur,id
1164 5053 1211 5106 cst
1267 5052 1405 5107 struetur
1435 5067 1442 5105 :
1474 5062 1547 5105 nam
1582 5042 1707 5106 habitus
1741 5045 1926 5125 remanebit,
1955 5045 2001 5107 scd

464 5154 528 5209 tres
554 5142 733 5205 intellectus
757 5141 875 5205 divinae
898 5141 1078 5223 Scripturas.
1106 5142 1210 5205 Prima
1266 5142 1364 5205 aliurn
1379 5161 1472 5204 usum
1487 5150 1519 5203 et
1534 5141 1661 5204 modum
1677 5141 1815 5205 habebit.

464 5243 594 5327 ponitur
617 5238 877 5323 simplicioribus,
894 5241 1034 5303 secunda
1058 5240 1210 5303 eruditio·
1305 5240 1376 5303 Haec
1391 5257 1466 5302 vero
1483 5240 1657 5321 responsio,
1675 5240 1715 5302 de
1730 5240 1862 5304 scientia
1876 5262 1945 5325 quae
1961 5250 2001 5305 cst
