4309 6259
290 508 331 555 aa
351 504 552 553 sacuxxsxro
573 504 702 551 xxraars
724 503 761 549 rr
781 503 879 549 mssa
900 502 1127 549 canuaxxnour
1148 504 1308 551 nraxocus.
1331 522 1372 534 -
1390 506 1461 552 xer.
1484 508 1569 553 xxxrr
1646 491 1703 555 tur

159 679 365 742 verberantur
378 682 410 738 et
423 675 633 739 obscurantur
654 673 739 738 oculi
754 673 788 736 in
803 673 902 738 solem
918 673 943 735 Α
960 673 1151 756 praevafeudi
1180 674 1383 757 passionibus
1407 695 1444 740 ac
1469 675 1555 739 vitiis
1580 678 1706 759 elegan-

158 776 265 856 defixi,
281 776 328 838 sic
349 774 507 838 offuscata
527 782 560 836 et
578 780 733 836 excaecata
752 781 800 835 est
819 772 904 835 acies
958 780 1007 835 ter
1033 772 1246 851 disseruisset,
1272 775 1450 837 aedificatus
1476 775 1568 838 vaide
1597 795 1703 853 senex,

157 875 272 937 mentis
287 871 576 953 illorumllenique
591 870 743 935 solitariis
756 870 803 933 tui
819 870 905 932 simi·
959 870 1123 952 respondit
1153 895 1160 933 ε
1192 872 1271 936 Vere
1299 874 1366 936 beo
1400 882 1449 936 est
1482 873 1545 953 via,
1575 882 1606 937 et
1640 893 1705 937 non
1720 895 1852 947 unsar.

158 974 240 1037 libus
261 991 327 1035 non
347 970 475 1053 expedit
499 970 745 1033 considerationi
775 968 906 1031 mirabi-
958 977 1006 1031 est
1027 969 1102 1032 aliu.

157 1072 235 1133 lium
259 1070 356 1151 hujus
380 1068 523 1150 mysterii
545 1068 707 1131 immorari
725 1090 732 1128 z
749 1068 805 1129 sed
826 1066 904 1130 fidei
998 1066 1166 1131 Sxoaucos.
1197 1104 1236 1115 -
1263 1068 1375 1132 Omnia
1404 1070 1463 1132 ista
1497 1071 1705 1135 saluberrime

156 1169 289 1231 veritate
312 1166 490 1230 certissime
509 1184 547 1228 ac
566 1183 697 1248 prorsus
717 1164 904 1227 firmissime
957 1173 1032 1227 sunt
1062 1165 1202 1245 inducta,
1230 1175 1261 1228 et
1285 1166 1457 1247 expediunt
1484 1187 1541 1251 pro
1570 1170 1703 1233 cautela.

157 1265 394 1349 praesupposita,
415 1264 529 1327 devote
553 1283 590 1326 uo
614 1263 761 1341 dulciter,
783 1263 848 1325 imo
872 1270 905 1325 et
957 1262 1023 1344 Ego
1037 1282 1163 1345 quoque
1182 1264 1270 1344 juxta
1292 1263 1550 1329 informationem
1573 1275 1706 1348 tuam,a

157 1365 312 1447 profunde
326 1364 442 1425 mirare
456 1362 496 1424 de
510 1370 575 1423 tam
590 1360 802 1423 inestimabili
819 1360 906 1424 boni·
958 1362 1084 1424 curiosa
1103 1363 1354 1443 perscrutatione
1378 1364 1506 1442 cavebo,
1524 1384 1582 1427 nee
1599 1368 1706 1429 termi-
1720 1394 1787 1439 pm„
1802 1408 1852 1447 m,

156 1472 230 1542 tate,
257 1461 400 1539 caritate,
421 1460 652 1536 misericordia,
680 1458 904 1522 munificentia
958 1477 1016 1521 nos
1043 1460 1123 1521 mibi
1150 1460 1297 1541 praefixos
1325 1462 1501 1543 transgredi
1532 1463 1703 1525 attentabo
1721 1459 1754 1501 ²⁸·

155 1561 210 1623 Dei
230 1579 327 1642 super
350 1578 451 1641 genus
475 1558 662 1634 bumanum,
689 1565 721 1619 et
743 1557 783 1620 de
807 1556 904 1619 tantis
958 1557 1088 1637 Tamen,
1105 1558 1131 1619 si
1147 1558 1261 1639 piacet,
1279 1558 1399 1640 aliquid
1415 1580 1511 1642 super
1529 1560 1580 1622 bis
1599 1568 1705 1642 tange,

40 1691 141 1737 amun,
156 1658 325 1721 beneficiis
338 1657 424 1738 ejus,
440 1663 535 1737 atque
551 1656 583 1717 in
599 1656 711 1719 borum
726 1655 904 1718 meditatio
959 1663 993 1717 ut
1017 1655 1067 1718 vel
1088 1656 1280 1719 studiositati
1301 1657 1350 1719 vel
1370 1658 1546 1721 curiositati
1571 1659 1707 1721 satisfiat

40 1784 44 1791 ’
155 1778 194 1820 ne
215 1757 399 1819 exardescat
414 1754 498 1836 ignis
511 1754 611 1817 divini
633 1754 750 1817 amoris
766 1754 798 1815 in
813 1762 856 1831 te,
872 1761 904 1817 et
959 1755 1180 1835 quorumdam,
1196 1762 1229 1817 et
1252 1754 1430 1836 ignorantia
1455 1756 1637 1838 nugationis
1659 1776 1708 1821 re·

40 1878 138 1927 mu.
155 1876 191 1918 ex
206 1854 330 1918 intimis
351 1852 460 1936 profer
478 1852 659 1934 praecordiis
682 1875 690 1913 ε
713 1851 794 1925 Quid
813 1844 940 1914 ratri-B
960 1853 1063 1917 cedat.

155 1955 250 2017 buam
265 1952 399 2016 Domino
421 1969 479 2033 pro
497 1949 647 2013 omnibus
666 1970 736 2031 quae
758 1950 905 2014 retribuit
1000 1952 1147 2015 l'eurrxs.
1167 1988 1208 1999 -
1226 1952 1337 2017 Fateor
1360 1954 1500 2035 aliquam
1524 1974 1594 2017 esse
1620 1976 1708 2018 scru-

40 2070 67 2112 e.
79 2084 109 2119 ω,
120 2072 139 2112 a.
154 2052 252 2114 mibit
267 2052 306 2114 Et
319 2051 424 2113 denuo
440 2049 609 2127 :Benedio,
627 2049 734 2111 anima
747 2068 829 2126 mea,
846 2049 904 2112 Do
959 2048 1111 2112 tutionem
1138 2050 1367 2115 credendorum
1393 2053 1587 2115 moderatum
1611 2061 1706 2135 atque

154 2151 295 2231 mino,et
308 2149 375 2212 noli
389 2147 538 2212 oblivisci
553 2166 664 2211 omnes
679 2146 903 2211 retributiones
959 2146 1180 2209 laudabilem:
1204 2148 1274 2211 ideo
1299 2158 1360 2211 tuce
1384 2148 1570 2214 intentionis
1596 2152 1705 2233 pietati

154 2250 235 2329 ejus.
251 2249 291 2311 Et
310 2266 436 2310 rursum
452 2265 525 2308 cum
540 2264 656 2327 magno
670 2244 750 2308 isaia
765 2246 903 2309 devotis·
959 2245 1088 2327 parebo.

40 2365 140 2417 truita.
154 2348 234 2409 sime
247 2346 337 2409 dicas
351 2370 358 2407 ι
372 2344 606 2407 bfiserationum
621 2343 746 2407 Domini
761 2345 903 2407 recorda·

154 2444 220 2524 bor,
237 2444 365 2506 faudem
390 2440 515 2504 Domini
539 2460 635 2523 super
659 2440 807 2504 omnibus
831 2460 902 2522 quaa

154 2541 293 2605 reddidit
314 2540 418 2618 nobis,
441 2547 473 2602 ct
497 2558 593 2622 super
617 2538 822 2602 multitudine
845 2539 902 2603 bo
1121 2518 1367 2583 ARTICULUS
1395 2518 1538 2581 XXXII·

153 2659 268 2704 ¹¹⁰¹'11ffl
287 2658 358 2721 (111ae
377 2638 509 2719 largitus
534 2644 582 2700 θεῖ
605 2637 699 2700 ¹¹⁰bl⁸
724 2638 899 2700 ⁵⁰⁰¹¹¹¹d¹¹¹¹¹
957 2667 1049 2734 Quod
1072 2666 1242 2726 mirabilia
1265 2666 1464 2725 sacramenti
1485 2666 1705 2725 Eucharistiae

153 2737 385 2819 indulgenlistffl
414 2754 514 2798 suam·
541 2734 739 2797 memmi
763 2743 793 2797 le
822 2754 900 2816 ‘1¹¹⁰'
995 2756 1170 2815 credibilia
1185 2757 1276 2832 sacto
1294 2762 1371 2814 sant
1392 2755 1491 2813 nimia
1510 2762 1540 2813 ct
1559 2756 1703 2813 rationa-

153 2838 298 2899 rumdam
313 2833 469 2916 exempla,
486 2832 541 2913 qui
556 2833 633 2895 dum
647 2834 687 2895 ad
702 2841 826 2914 tempus
840 2833 899 2895 mi·
997 2846 1110 2904 bititer
1119 2846 1376 2920 persuadeatur.

154 2955 186 2997 ra
212 2934 424 2997 afficerentur
455 2930 542 2995 circa
572 2931 634 2994 boc
664 2938 898 2993 sacramentum
1389 2942 1397 2955 ·

152 3033 322 3097 devotione
343 3038 437 3111 atque
458 3029 641 3107 dulcedine,
661 3048 698 3092 ac
717 3028 936 3093 adversarioG
995 3032 1143 3095 Vsnrrxs.
1159 3026 1282 3093 -Dixi
1297 3030 1355 3093 tibi
1370 3030 1437 3113 jam
1452 3038 1536 3109 ante,
1553 3030 1703 3112 quemad·
1717 3054 1827 3110 puro.

153 3138 342 3214 suggerente
356 3128 529 3209 coepissent
543 3129 582 3191 de
596 3126 796 3191 mirabilibus
808 3128 900 3191 istius
955 3131 1084 3193 modum
1100 3129 1244 3211 quaedam
1259 3128 1425 3191 credibilia
1440 3146 1544 3209 perse
1560 3146 1702 3191 seorsum

153 3229 274 3307 rimari,
304 3226 450 3305 scrutari,
476 3226 541 3289 imo
566 3225 693 3287 incaute
719 3225 898 3307 imaginari,
954 3227 1181 3309 sigillatimque
1210 3236 1348 3311 sumpta,
1373 3227 1465 3289 valde
1489 3226 1649 3289 mirabilia
1673 3235 1704 3290 et

152 3326 296 3389 exhausti
321 3333 407 3404 sunt,
434 3333 465 3387 et
489 3324 572 3388 mole
596 3324 828 3405 magnitudinis
852 3344 900 3387 sa·
955 3326 1045 3406 quasi
1061 3325 1263 3389 incredibilia
1277 3326 1702 3407 videanturztamen,quum

153 3424 309 3488 eramenti
330 3422 487 3505 oppressi.
955 3432 1070 3486 cuncta
1092 3424 1250 3486 credenda
1275 3442 1348 3486 cum
1374 3424 1550 3487 rationibus
1576 3424 1642 3486 suis
1667 3442 1704 3487 ac

190 3523 273 3597 Quid
298 3520 462 3603 respondit
484 3519 582 3582 abbas
600 3518 717 3601 Coprcs
738 3520 900 3583 iratribus
955 3522 1150 3603 argumentis
1169 3530 1264 3603 atque
1284 3521 1538 3585 connexionibus
1559 3539 1705 3603 compor-

154 3621 434 3704 interrogantibus,
458 3620 538 3695 Quid
563 3628 611 3681 est
634 3619 718 3700 quod
744 3620 899 3702 scriptum
956 3629 1073 3698 tantur,
1087 3627 1189 3683 cessat
1204 3638 1318 3701 magna
1333 3639 1371 3681 ex
1385 3626 1474 3701 parte
1489 3619 1632 3697 miratio;
1645 3639 1703 3682 nec

42 3730 210 3801 nemost,
236 3720 315 3784 coeti
338 3738 403 3783 non
427 3726 502 3781 sunt
525 3717 636 3780 mundi
666 3717 699 3779 in
728 3727 901 3801 conspectu
956 3719 1059 3783 solum
1082 3717 1259 3798 credibilia,
1276 3718 1331 3779 sed
1355 3724 1387 3779 et
1411 3716 1622 3797 rationabilia,
1639 3718 1704 3781 imo

153 3818 224 3881 Dei'l
235 3817 347 3882 Nonne
362 3815 452 3894 dixit,
469 3814 676 3895 deliquerunt
690 3816 814 3877 Fratres
828 3836 901 3898 pec·
956 3814 1253 3899 superrationabilia
1271 3834 1308 3877 ac
1330 3814 1610 3877 rationabilissima
1634 3835 1703 3878 esse

154 3926 221 3981 cata
243 3935 313 3994 sua,
328 3924 361 3978 et
379 3922 560 3977 scrutantur
581 3912 745 3976 eoelestiat
759 3914 826 3989 Quo
848 3934 902 3977 au·
955 3916 1114 3978 videntur.
1144 3913 1252 3995 Itaque
1290 3932 1406 3996 corpus
1446 3921 1477 3975 et
1515 3914 1701 3996 sanguinem

153 4016 228 4093 dito,
246 4014 330 4096 fugit
344 4012 563 4094 unusquisque
577 4010 611 4073 in
626 4011 774 4074 cellulam
797 4031 898 4075 suam.
955 4013 1068 4075 Cbristi
1093 4013 1125 4073 in
1145 4011 1349 4074 Sacramenta
1370 4012 1526 4075 contineri
1546 4012 1618 4093 quis
1638 4030 1701 4075 non

153 4113 203 4175 Sic
217 4120 250 4176 et
264 4112 315 4175 vir
329 4111 384 4173 ilie
398 4110 522 4173 eximia
540 4110 742 4173 discretionis
764 4130 801 4174 ac
823 4130 902 4194 prae-
955 4111 1110 4173 miraturi
1135 4109 1195 4171 Sed
1220 4109 1348 4172 adverte
1372 4109 1431 4173 boc
1460 4127 1576 4191 corpus
1605 4109 1701 4171 simul

153 4210 254 4293 cipuae
288 4208 476 4286 sanctitatis,
512 4207 611 4270 abbas
645 4209 763 4287 Pastor,
793 4228 900 4272 nonne
915 4211 940 4272 D
955 4228 1028 4272 cnm
1049 4207 1157 4270 anima
1182 4226 1239 4269 sua
1259 4216 1457 4290 assumptum
1477 4226 1547 4270 esse
1565 4226 1583 4271 a
1598 4206 1701 4271 Verbo

153 4309 259 4371 timuit
272 4308 360 4389 loqui
374 4308 414 4369 de
429 4305 598 4387 profundis
613 4306 782 4388 Scripturas
797 4306 899 4369 locist
954 4315 1071 4369 aeterno
1086 4305 1120 4367 in
1135 4304 1256 4367 unitate
1270 4323 1425 4386 persona,
1442 4312 1473 4367 et
1491 4303 1564 4367 vide
1587 4304 1613 4366 si
1635 4324 1699 4369 non

153 4406 240 4469 Vnde
254 4406 330 4469 dum
344 4404 474 4486 quidem
489 4423 625 4486 mugnus
644 4423 739 4466 senex
759 4405 901 4467 venisset
953 4402 1133 4465 mirabilius
1162 4409 1246 4464 esset
1273 4401 1378 4483 ipsum
1403 4420 1517 4483 eorpus
1542 4420 1605 4465 non
1629 4422 1699 4465 esse

154 4506 191 4568 ad
219 4523 293 4567 eum
320 4523 339 4565 a
366 4503 437 4566 foco
469 4502 656 4584 longinquo,
686 4502 898 4584 coepissetque
954 4501 1148 4581 ubicumque
1162 4508 1210 4562 est
1225 4499 1363 4562 Verbum
1377 4507 1530 4562 eternum
1552 4520 1607 4563 seu
1630 4504 1700 4565 uni-

154 4604 191 4665 dc
205 4602 278 4665 ultis
288 4602 523 4683 Scripturarum
538 4600 685 4683 passibus
700 4618 809 4662 secum
824 4600 896 4681 fari,
954 4600 1079 4682 genitus
1094 4597 1193 4660 Filius
1208 4597 1275 4677 Dei,
1291 4615 1387 4678 quam
1401 4597 1484 4678 quod
1500 4597 1541 4659 sit
1555 4598 1649 4662 simul
1665 4602 1699 4664 in

154 4700 286 4764 Sanctus
301 4700 356 4762 illc
369 4699 501 4764 omnino
516 4698 682 4761 conticuit.
699 4698 808 4761 Postea
822 4718 899 4763 vero
953 4697 1099 4781 pluribus
1120 4696 1211 4760 focis.

155 4819 228 4862 sene
249 4799 305 4862 iilo
322 4816 445 4862 morem
470 4797 572 4859 sancti
597 4796 656 4858 riri
683 4804 846 4875 noscente,
861 4817 898 4859 uc
993 4797 1161 4859 channos.
1191 4830 1231 4841 -
1258 4794 1322 4857 Hoc
1355 4812 1419 4857 non
1452 4794 1550 4858 miror
1584 4820 1591 4859 ι
1624 4797 1702 4878 quia

154 4899 304 4961 redeunte
318 4905 412 4978 atque
427 4896 564 4971 dicente,
574 4894 654 4969 Quid
670 4894 897 4975 faciam,abbu,
953 4914 1051 4976 quum
1077 4892 1216 4955 Verbum
1242 4900 1393 4955 aeternum
1419 4891 1461 4953 sit
1485 4912 1579 4957 verus
1603 4894 1697 4975 Deus,

154 4998 228 5076 quia
251 4996 354 5058 adbuc
377 4994 541 5077 passiones
565 4992 770 5055 dominantur
791 4994 899 5057 animo
953 4992 1034 5054 Patri
1049 4990 1181 5072 equale,
1195 4989 1506 5071 incircumscriptum
1522 4999 1554 5053 et
1568 4991 1696 5074 ubique,

155 5098 246 5158 meof
261 5094 452 5156 exhilaratus
476 5092 527 5154 vir
550 5098 679 5154 sanctus
701 5115 707 5153 :
728 5092 830 5172 blodo,
853 5092 901 5154 in·
954 5109 1068 5172 corpus
1088 5107 1163 5152 vero
1183 5088 1225 5150 sit
1244 5106 1322 5169 pura
1341 5096 1494 5167 creatura,
1513 5108 1576 5152 non
1596 5098 1700 5171 potest

44 5216 72 5261 e.
85 5230 141 5272 rm,
154 5194 233 5273 quit,
250 5193 330 5256 bene
343 5190 460 5254 venisti
474 5213 482 5267 ς
497 5190 563 5271 jam
578 5208 614 5253 os
628 5209 736 5252 meum
757 5191 899 5273 aperiam
954 5208 1023 5252 esse
1045 5188 1240 5268 ubicumque
1262 5194 1310 5248 est
1331 5186 1481 5249 Verbum.

45 5283 56 5323 l·
155 5299 186 5355 et
199 5292 338 5375 implebo
351 5289 431 5353 illud
445 5288 549 5352 bonis.
565 5288 731 5369 Quumque
745 5289 784 5352 de
803 5289 899 5354 modo
994 5288 1140 5350 Vsmrxs.
1160 5320 1201 5332 —
1221 5283 1332 5349 Nonne
1356 5284 1388 5346 in
1414 5284 1536 5349 Christo
1558 5286 1698 5352 bumana
