4309 6259
413 471 451 534 Sl
857 484 1014 531 uxrosrrm
1035 481 1135 529 uvrrru
1158 488 1165 528 :
1189 481 1261 540 ava,
1282 481 1378 529 uams
1399 482 1512 528 smnus

263 672 398 724 Dauum
412 655 537 739 vigilia,
554 654 636 720 siout
649 663 681 718 et
699 654 821 719 Danieli
841 674 877 719 ae
897 652 1064 731 Zachariae,
1081 654 1198 734 quo-d
1212 654 1335 730 Profer
1350 657 1460 714 lumen
1475 651 1567 712 cecis
1578 672 1590 711 .·
1601 651 1633 713 id
1648 658 1707 729 θεῖ,
1722 650 1889 715 excaecatis
1903 671 1959 735 per

264 735 340 787 Μ’
352 737 385 778 ¹¹·
413 776 484 827 rum
499 756 623 817 nullum
638 762 702 817 tam
718 754 940 817 solennissime
962 753 1112 816 salutavit
1125 760 1160 814 ut
1213 758 1343 830 peccata
1357 747 1540 811 bominibus
1555 749 1675 829 produc
1691 758 1722 811 et
1737 750 1873 831 impetra
1888 750 1960 813 illu-

395 891 399 899 =
413 863 455 933 te,
470 856 592 930 sanda,
613 852 644 915 id
667 860 726 932 est,
743 850 878 914 sinniter
897 852 1018 915 colloca
1039 860 1069 913 et
1088 868 1161 913 con·
1213 847 1419 911 minationem
1435 847 1543 929 gratiae
1557 846 1668 927 Dei,ut
1682 867 1739 910 sua
1754 858 1958 931 cognoscant,

413 970 514 1029 serva,
532 952 640 1012 cosin
656 968 737 1027 pace
755 950 903 1031 pectoris,
920 968 989 1031 quea
1008 958 1057 1011 est
1075 957 1160 1010 tran·
1212 946 1350 1024 doleant,
1380 944 1531 1023 defleant,
1562 944 1787 1023 confiteantur,
1817 947 1960 1009 devitent

412 1046 553 1129 quillitas
575 1046 691 1109 mentis
717 1046 751 1107 in
776 1048 849 1125 Deo,
866 1046 905 1108 de
929 1065 991 1127 qua
1016 1046 1156 1127 legitur:
1214 1054 1353 1125 peccata,
1380 1054 1412 1107 et
1433 1063 1490 1105 sua
1513 1044 1679 1106 advertant
1701 1044 1864 1126 pericula,
1887 1045 1959 1109 vita

294 1174 306 1203 ι
353 1174 397 1213 vn,
411 1144 472 1207 Par
500 1144 599 1207 multa
627 1143 835 1225 diligentibus
864 1144 966 1225 legem
996 1152 1093 1205 tuam,
1123 1143 1157 1204 In
1214 1142 1483 1222 incertitudinem,
1509 1142 1661 1222 temporis
1686 1141 1886 1221 brevitatem,
1913 1143 1959 1205 di-

413 1261 489 1323 pace
514 1260 640 1323 quoque
664 1240 826 1322 temporis,
852 1260 922 1322 quae
946 1249 994 1302 est
1021 1241 1112 1321 quies
1140 1259 1160 1301 a
1213 1239 1279 1300 vini
1297 1239 1411 1320 J'udioii
1432 1240 1569 1319 rigorem
1587 1258 1625 1301 ac
1651 1246 1756 1301 cetera
1780 1258 1959 1304 memoren-

411 1339 587 1404 visibilium
620 1339 760 1402 hostium
795 1358 851 1401 seu
886 1338 1157 1420 perturbationum
1212 1344 1283 1414 tur3
1300 1336 1549 1417 provideantque
1566 1334 1752 1415 novissima,
1768 1344 1800 1398 et
1814 1335 1859 1399 ita
1878 1336 1957 1399 illud

412 1437 662 1521 impugnatione,
682 1454 741 1501 nos
767 1445 850 1499 tene.
867 1436 953 1498 Unde
975 1436 1054 1497 dixit
1078 1437 1158 1518 Apo
1212 1433 1425 1497 Ecclesiastici
1442 1432 1660 1513 adimpleant:
1677 1433 1832 1498 Memento
1853 1433 1959 1498 novis-
1988 1456 2064 1500 aare.

337 1561 396 1601 ‚nc
410 1534 510 1597 stolus
531 1558 538 1597 :
560 1534 638 1597 Cum
662 1533 811 1598 omnibus
835 1532 1020 1597 hominibus
1045 1551 1156 1614 pacem
1212 1531 1365 1594 simorum
1379 1539 1517 1610 tuorum,
1534 1522 2104 1625 etdesincinimicar13ne03J⁰¹·‘i

409 1633 543 1711 habete3
560 1640 592 1695 et
614 1632 758 1694 Salvator
774 1655 781 1693 z
797 1630 910 1694 Pacem
935 1631 1049 1693 habete
1073 1631 1157 1691 inter
1211 1628 1358 1691 irascaris
1373 1628 1529 1710 proximo,
1545 1636 1577 1691 et
1590 1628 1715 1691 abstine
1728 1637 1760 1691 te
1774 1649 1793 1692 a
1808 1630 1875 1693 lite.

291 1766 296 1777 ·
408 1747 475 1793 vos.
493 1730 608 1792 Verum
623 1747 831 1811 quacumque
847 1728 1031 1805 adversitas,
1050 1746 1156 1809 perse-
1252 1731 1343 1789 Mala
1358 1738 1471 1788 nostra
1481 1732 1578 1804 pelle,
1594 1725 1626 1787 id
1642 1735 1701 1805 est,
1717 1728 1801 1789 mala
1824 1727 1958 1809 culpaea

407 1828 504 1907 cutio,
512 1826 871 1909 correptio‚exercitati0
884 1825 1035 1890 acciderit
1049 1825 1153 1905 nobis,
1173 1829 1197 1891 B
1213 1824 1305 1888 nobis
1324 1825 1436 1903 avelle,
1458 1843 1568 1905 poenas
1587 1842 1714 1906 quoque
1733 1844 1813 1906 quas
1832 1844 1891 1908 pro
1910 1827 1957 1889 eis

406 1944 606 2007 nequaquam
631 1944 650 1986 a
673 1944 750 2006 pace
771 1924 907 2007 pectoris
928 1924 1152 1985 retrahamur:
1211 1941 1382 2001 meremur,
1408 1922 1657 1985 misericorditer
1680 1923 1856 2002 moderare,
1882 1942 1959 2005 qua-

404 2024 469 2087 imo
490 2024 522 2085 iu
542 2022 684 2086 adversis
705 2032 854 2103 tanquam
875 2023 908 2084 in
930 2022 1054 2084 cunctis
1074 2022 1156 2083 divi·
1210 2029 1303 2083 tenus
1318 2022 1399 2083 Deus
1419 2039 1483 2083 non
1503 2020 1678 2082 secundum
1698 2029 1829 2101 peccata
1849 2029 1956 2085 nostra
1971 2042 2093 2094 macra

405 2120 458 2183 tiis
483 2120 667 2202 gloriantes,
693 2139 804 2201 pacem
833 2119 948 2181 mentis
978 2126 1094 2182 nostrae
1122 2119 1154 2180 iu
1210 2118 1307 2180 laeiat
1331 2119 1434 2197 uobis,
1451 2136 1555 2199 neque
1575 2118 1750 2180 secundum
1770 2119 1955 2201 iniquitates

405 2226 559 2300 potestate
596 2218 731 2281 aliorum
766 2217 948 2279 nullatenus
980 2226 1156 2279 statuamus
1211 2224 1333 2279 nostras
1353 2216 1506 2279 retribuat
1524 2215 1627 2278 nobis,
1646 2220 1738 2278 Bona
1762 2228 1882 2279 cuncta
1900 2238 1959 2295 po-

405 2316 459 2393 ita,
476 2317 562 2398 quod
584 2315 646 2399 ipsi
666 2317 742 2378 dum
763 2315 934 2396 voluerint,
952 2314 1079 2378 valeant
1097 2333 1156 2378 nos
1211 2334 1271 2385 sce,
1287 2314 1319 2377 id
1339 2323 1397 2395 est,
1414 2314 1539 2395 postula
1560 2313 1653 2377 nobis
1676 2314 1745 2377 dari
1769 2314 1879 2378 omnia
1903 2335 1959 2378 nc·

404 2415 543 2477 turbare.
560 2418 697 2477 Mutatus
717 2434 833 2475 nomen
851 2416 944 2484 Ecce,
958 2432 1029 2495 quaa
1055 2422 1157 2477 mater
1212 2411 1348 2473 cessaria
1372 2412 1411 2474 ad
1431 2412 1577 2491 salutern,
1594 2411 1677 2474 bona
1696 2412 1805 2492 gratias
1825 2412 1860 2475 in
1879 2432 1959 2495 praa-

406 2513 595 2596 perditionis
618 2520 650 2575 et
673 2512 792 2576 doloris
821 2521 962 2591 vocatur,
990 2521 1025 2575 tu
1049 2520 1156 2575 autem
1211 2510 1293 2572 senti
1308 2530 1346 2574 ac
1360 2512 1443 2574 dona
1457 2510 1567 2591 gloria
1587 2510 1621 2571 in
1640 2510 1759 2593 luturo,
1776 2512 1957 2593 pmlectum

406 2619 507 2675 mater
531 2612 641 2674 salutis
669 2619 701 2673 et
728 2610 847 2692 gaudii.
871 2611 1013 2692 Denique
1042 2611 1156 2674 litterae
1211 2607 1351 2671 inomni
1371 2608 1487 2671 virtute
1510 2627 1547 2670 ae
1571 2609 1655 2671 dono
1679 2608 1816 2690 Spiritus
1836 2609 1956 2691 Sancti,

404 2710 502 2790 hujus
526 2709 665 2773 nominis
685 2731 702 2769 u
722 2710 787 2771 Eva
808 2732 824 2769 n
845 2709 1055 2791 transposita,
1073 2727 1157 2773 com·
1211 2706 1294 2769 sieut
1307 2706 1666 2788 oratApostoluszlleus
1681 2707 1749 2789 spei
1764 2725 1822 2770 vos
1836 2708 1959 2790 repleat
1971 2732 2108 2781 amera

404 2808 558 2890 paginarat
578 2808 711 2872 verbum
733 2807 795 2871 hoc
817 2830 834 2868 u
850 2826 910 2871 ave
926 2831 955 2873 n.
1210 2803 1297 2867 omni
1312 2804 1429 2885 gaudio
1444 2811 1475 2866 et
1489 2822 1567 2885 pace
1583 2804 1616 2865 in
1631 2805 1844 2884 credendo,ut
1857 2805 1959 2869 abun-

444 2910 540 2969 Sotoe
559 2908 670 2967 vincla
691 2908 765 2967 reis.
782 2906 849 2969 Hoc
871 2914 966 2987 atque
990 2905 1156 2988 sequentia
1211 2902 1292 2964 detis
1317 2901 1351 2964 in
1375 2920 1432 2984 spe
1459 2910 1491 2965 et
1518 2902 1634 2965 virtute
1661 2902 1797 2984 Spiritus
1825 2904 1956 2983 Sancti3

405 3003 550 3085 piissima
575 3023 612 3066 ac
636 3004 859 3086 potentissima
882 3002 1016 3067 Domina
1044 3005 1192 3085 opera-tl
1211 3001 1321 3084 sicque
1336 3000 1415 3063 illud
1431 3002 1470 3063 ad
1485 3000 1664 3065 Corinthios
1679 3020 1755 3066 vere
1773 3001 1900 3065 dicatur
1917 3003 1959 3065 de

405 3110 468 3181 tur,
489 3120 552 3165 uon
578 3109 614 3163 ut
636 3120 731 3165 causa
749 3101 971 3184 principaliter
989 3101 1152 3184 effectiva,
1210 3100 1304 3163 nobis
1324 3123 1335 3165 ε
1353 3099 1388 3162 ln
1407 3099 1556 3163 omnibus
1579 3099 1695 3165 divites
1719 3099 1796 3164 lacti
1822 3101 1900 3164 estis
1922 3100 1959 3163 in
1973 3125 2108 3181 semgar.

406 3200 461 3261 sed
490 3199 776 3263 instrumentaliter
806 3208 839 3263 et
872 3200 1089 3283 procuratorio
1116 3218 1154 3263 ae
1210 3199 1278 3278 illo,
1294 3199 1328 3261 in
1343 3197 1431 3263 omni
1445 3199 1543 3264 verbo
1558 3206 1590 3261 et
1604 3199 1638 3262 in
1652 3198 1741 3263 omui
1756 3199 1902 3281 seientia,
1913 3199 1960 3263 ita

406 3298 592 3361 mediatoris
606 3299 818 3381 cooperativa,
826 3299 1033 3363 excellentius
1047 3307 1154 3363 tamen
1212 3306 1246 3361 ut
1259 3296 1341 3360 nihil
1356 3297 1448 3361 vobis
1462 3298 1546 3360 desit
1559 3298 1594 3359 in
1609 3297 1675 3361 ulla
1688 3297 1801 3379 gratia.

407 3414 504 3477 quam
532 3396 587 3459 alii
617 3396 724 3459 Sancti
753 3404 785 3459 et
814 3398 935 3461 Sanctae
962 3420 970 3459 ε
996 3397 1155 3478 siquidem
1250 3401 1402 3459 Monstra
1427 3407 1457 3457 te
1480 3416 1546 3457 esse
1567 3399 1742 3459 Matrem:
1761 3396 1793 3459 id
1817 3404 1960 3479 est,tam
2033 3414 2052 3470 a

407 3512 541 3575 regnum
561 3494 787 3558 misericordia
806 3496 991 3578 perhibetur
1015 3496 1046 3559 ei
1071 3514 1158 3559 com·
1212 3494 1385 3577 magnifice
1413 3515 1451 3558 ac
1482 3503 1638 3577 potenter,
1668 3503 1734 3559 tarn
1760 3498 1899 3578 gratiose
1927 3504 1962 3559 et

407 3592 552 3655 missurn.
570 3592 699 3675 Propter
724 3594 808 3675 quod
834 3594 954 3675 Regina
977 3594 1158 3657 misericor·
1212 3593 1429 3657 maternalitar
1457 3594 1578 3675 agendo
1607 3593 1787 3675 nobiscum,
1815 3614 1874 3677 per
1900 3595 1962 3659 hos

406 3690 467 3753 diae
486 3700 699 3773 nuncupatur,
715 3699 817 3754 mater
839 3693 948 3774 gratia
972 3713 1009 3757 ac
1033 3692 1156 3774 salutis,
1213 3693 1348 3757 allectus
1362 3694 1494 3756 ostende
1509 3699 1540 3755 to
1559 3711 1629 3755 esse
1648 3692 1778 3756 hlatrem
1796 3693 1869 3755 Filii
1890 3694 1961 3774 bei,

408 3790 560 3871 quoniam
575 3790 783 3871 praemgativa
806 3798 839 3853 et
856 3790 926 3871 jure
946 3790 1158 3854 maternitatis
1213 3791 1268 3872 qui
1283 3798 1330 3854 tot
1344 3798 1376 3854 et
1389 3799 1476 3853 tanta
1497 3798 1627 3873 propter
1645 3799 1676 3855 to
1693 3792 1866 3874 operando,
1884 3811 1964 3874 pau-

408 3888 475 3967 Dei,
493 3888 773 3951 subauctoritatem
792 3890 963 3969 quamdam
983 3889 1016 3951 in
1035 3890 1075 3951 iis
1091 3908 1159 3953 ere-
1213 3890 1261 3952 dit
1281 3908 1315 3952 se
1335 3897 1366 3952 te
1385 3889 1541 3953 honorare
1560 3897 1592 3950 et
1610 3890 1759 3952 exaudire
1779 3898 1814 3953 ut
1831 3891 1964 3953 Matrem

409 3986 496 4047 ditur
510 4004 579 4048 esse
595 3986 716 4065 sortita,
723 3987 992 4067 quemadmodum
1002 3987 1156 4067 Christus,
1215 4007 1304 4050 suam
1322 3987 1545 4070 dignissimam
1564 3995 1659 4068 atque
1679 3988 1898 4067 carissimam
1915 3988 1964 4053 sic

411 4085 586 4147 secundum
611 4092 754 4146 naturam
779 4095 985 4168 assumptam,
1003 4086 1037 4147 in
1059 4105 1159 4149 sacra·
1214 4105 1341 4168 quoque
1356 4087 1570 4149 succurrendo
1585 4086 1678 4149 nobis
1692 4086 1965 4168 piissime,osten·

410 4190 589 4245 mentorum
615 4181 796 4262 ellectibus,
814 4187 988 4249 secundum
1012 4186 1157 4249 doctores
1173 4189 1198 4252 b
1214 4185 1253 4247 de
1273 4192 1304 4246 te
1324 4204 1393 4247 esse
1411 4191 1545 4246 matrem
1565 4192 1718 4265 nostrum,
1735 4193 1800 4249 tam
1819 4194 1963 4249 materne

262 4302 395 4361 cccxxiv
411 4299 506 4362 super
537 4290 685 4361 quartum
713 4282 957 4347 Sententiarum.
988 4284 1108 4365 ltaque,
1138 4302 1157 4347 o
1214 4301 1272 4346 nos
1296 4282 1614 4347 relovendoSumat
1633 4301 1697 4359 per
1716 4293 1907 4361 capream,
1927 4284 1962 4347 id

251 4382 274 4427 Ρ·
285 4368 394 4412 ⁸²⁸'⁰²⁸‘
410 4379 514 4457 hieria,
537 4401 554 4439 u
579 4380 666 4443 solve
689 4403 717 4459 »,
740 4381 772 4444 id
797 4391 855 4463 est,
872 4383 1022 4461 dissolve,
1040 4382 1155 4462 relaxa,
1213 4389 1339 4463 est,per
1351 4387 1382 4443 te
1397 4398 1508 4462 preces
1523 4389 1646 4443 nostras
1660 4381 1887 4462 exaudiat,qui
1896 4402 1961 4459 pro

409 4478 511 4557 auler,
538 4500 556 4538 u
581 4479 687 4542 vincla
714 4502 730 4539 n
760 4480 910 4545 vitiorum
936 4504 953 4542 c
980 4480 1042 4543 reis
1068 4503 1098 4560 n,
1125 4480 1155 4542 id
1212 4482 1429 4550 nomenatus
1444 4481 1522 4539 tulit
1541 4500 1607 4539 esse
1625 4490 1714 4551 tuus,
1730 4479 1762 4542 id
1781 4490 1830 4544 est
1849 4481 1962 4564 Unige-

408 4583 467 4657 est,
484 4586 665 4658 peccatores
681 4598 699 4641 a
713 4578 850 4642 vinculis
865 4579 1071 4661 iniquitatum
1086 4598 1157 4641 sua·
1212 4576 1298 4640 nitus
1317 4578 1385 4658 bei,
1401 4578 1457 4659 qui
1479 4596 1536 4661 pro
1555 4587 1663 4641 nostra
1683 4579 1815 4643 salute«
1835 4580 1909 4643 tulit
1928 4602 1958 4658 a,

407 4695 478 4738 rum
503 4676 626 4739 meritis
652 4676 713 4739 tuis
738 4696 775 4740 ae
800 4676 950 4759 precibus
976 4677 1088 4757 libera,
1108 4696 1156 4739 re·
1210 4675 1243 4738 id
1271 4683 1329 4754 est,
1351 4676 1498 4757 dignatus
1528 4684 1576 4739 est
1606 4685 1638 4739 et
1669 4677 1841 4758 consensit,
1868 4701 1886 4739 u
1910 4697 1961 4742 es-

406 4774 593 4838 missionem
627 4794 664 4838 ac
692 4776 801 4857 gratiae
829 4776 1025 4839 inlusionem
1054 4776 1155 4858 impe-
1211 4794 1245 4837 se
1269 4782 1361 4837 natus
1381 4774 1427 4855 (id
1452 4783 1500 4837 θεῖ
1524 4774 1626 4856 lilius)
1648 4785 1719 4838 tuus
1740 4798 1770 4855 n,
1790 4776 1874 4839 sicut
1896 4777 1959 4841 hoc

405 4874 528 4937 trando.
544 4874 670 4937 Etenim
686 4874 766 4936 nihil
783 4875 851 4937 vult
866 4894 923 4937 nos
938 4875 1020 4937 Deus
1035 4875 1154 4938 habere
1210 4892 1306 4956 supra
1335 4873 1369 4934 in
1396 4873 1509 4955 primis
1533 4874 1660 4956 hymnis
1688 4876 1868 4957 expositum
1895 4885 1957 4940 θεῖ.
1972 4906 2109 4961 ,223320

403 4974 489 5053 quod
505 4991 569 5036 non
585 4980 723 5036 transeat
742 4991 799 5052 per
818 4992 931 5035 manus
949 4974 1062 5037 Mariae.
1079 4976 1153 5039 ldeo
1209 4972 1384 5053 Quumque,
1400 4988 1420 5034 o
1435 4971 1618 5034 beatissima
1632 4972 1740 5056 Virgo,
1755 4983 1885 5056 propter
1899 4992 1960 5038 nos
1973 4974 2000 5012 0‘
2010 4982 2031 5013 ⁸·

404 5070 560 5152 quidquid
576 5070 651 5134 boni
667 5070 702 5131 in
716 5070 810 5133 nobis
826 5078 884 5149 est,
900 5089 958 5151 per
976 5090 1046 5133 eam
1066 5092 1154 5137 reco·
1209 5079 1241 5134 et
1259 5089 1355 5133 causa
1378 5069 1477 5133 nostri
1498 5089 1535 5133 ac
1555 5088 1612 5152 pm
1637 5079 1745 5135 nostra
1768 5072 1869 5134 salute
1893 5082 1960 5136 tam

404 5188 596 5250 gnoscamus
611 5186 669 5232 nos
684 5168 874 5249 suscepisse,
892 5170 967 5233 etei
989 5169 1064 5234 inde
1082 5191 1153 5253 gra·
1209 5168 1578 5250 incomprehensibiliter
1591 5170 1761 5234 sublimata
1774 5171 1831 5250 sis,
1843 5180 1876 5234 θῖ
1889 5173 1959 5235 veri

406 5268 467 5331 tias
483 5267 658 5330 releramus
670 5266 703 5329 in
716 5267 948 5350 lleo,tanquam
960 5270 1149 5337 mediatrici.
1209 5271 1264 5333 Dei
1281 5288 1355 5332 vera
1369 5270 1465 5333 blatcr
1484 5268 1612 5351 ellecta,
1627 5271 1890 5335 decentissimum
1909 5281 1962 5335 est
