4309 6259
431 508 472 555 nr
493 507 650 557 rucuma
670 508 708 556 rr
727 508 893 557 aremare
911 509 1030 571 naara,
1052 510 1141 557 nmen
1161 512 1182 556 ι.
1205 528 1246 539 -
1264 510 1333 557 aar.
1359 511 1399 569 iv,
1421 510 1441 557 v
1652 493 1708 556 tal

40 707 72 738 ιι.
82 708 96 743 ι,
108 696 144 738 ai.
160 674 251 739 fecit.
267 676 340 741 liec
354 685 403 741 est
423 678 479 741 illa
499 698 589 742 sacra
609 680 699 763 virgo
721 680 772 744 cui
790 698 908 743 nomen
923 680 948 743 l
964 700 1026 763 que
1039 680 1134 760 Deus,
1151 681 1205 763 qui
1220 681 1364 745 absoluta
1378 699 1436 743 sua
1449 678 1590 762 potentia
1605 678 1713 743 omnia

157 773 268 854 llaria,
297 775 547 839 Patriarcharum
575 777 655 856 filia,
686 779 799 841 Vatum
827 777 910 840 desi·
962 778 1051 860 juxta
1078 798 1173 843 omne
1202 798 1294 841 suum
1322 778 1557 860 beneplacitum
1581 795 1713 858 quomo-

156 872 370 951 deratissima‚
387 874 609 955 Apostolorum
625 875 768 955 Domina,
785 884 817 939 et
835 876 910 959 ipsi·
963 875 1084 940 dolibet
1105 885 1219 959 potest,
1235 877 1398 941 hominem
1420 875 1644 940 decentissime
1665 893 1713 936 re·

156 988 198 1031 us
214 970 301 1034 unici
316 971 386 1033 Filii
402 973 519 1035 summi
532 972 690 1037 (ianitoris
704 974 800 1037 hfater
819 993 909 1057 pror·
964 974 1073 1037 demit.
1184 1050 1188 1055 Ι

157 1086 216 1129 sus
237 1068 436 1150 dignissima.

1181 1235 1427 1301 ARTIGULUS
1451 1236 1492 1299 V.

368 1350 614 1417 ARTIGULUS
638 1352 696 1415 IV·
1029 1386 1122 1453 Quod
1135 1387 1174 1445 ab
1188 1386 1318 1462 origine
1335 1386 1463 1455 mundi,
1475 1388 1648 1461 preelecta

158 1498 256 1565 Quod
265 1514 328 1572 pe,
349 1498 445 1559 pergi
458 1499 733 1570 incarnacionem,
746 1504 908 1561 mundum
962 1475 1026 1535 Dei
1037 1474 1194 1536 Genitrz'e
1204 1476 1406 1551 praesignata
1417 1476 1643 1554 descriptaque
1657 1476 1710 1537 sit.

200 1586 244 1644 ab
266 1594 397 1646 oeternoe
418 1588 615 1664 obligatione
637 1591 725 1649 necis
745 1592 834 1652 Deus
849 1592 908 1668 ju-

200 1683 274 1734 stus
291 1684 389 1753 atque
406 1678 592 1737 misericors
610 1680 751 1739 liberare
771 1682 910 1740 rectissi-
1031 1656 1129 1720 ATES
1162 1656 1283 1739 anthffi
1321 1659 1472 1741 lempffl'ls
1502 1659 1714 1742 l)¹'ffldi¹‘³¹'²¹¹¹t

198 1784 257 1823 ma
270 1765 399 1824 ratione
412 1767 565 1827 decrevit.
1045 1756 1130 1837 quod
1155 1755 1273 1819 factum
1299 1764 1347 1818 est
1369 1780 1375 1817 :
1398 1758 1471 1837 quia
1491 1758 1587 1839 Virgo
1608 1756 1713 1821 eonci-

926 1854 950 1916 B
964 1861 1100 1936 perstet
1117 1861 1244 1936 pareret
1257 1853 1455 1917 Emmanuel.
1466 1854 1625 1935 ldagnifici
1641 1872 1714 1936 pro-

39 1974 143 2018 men
229 1952 396 2014 ERBUM
416 1972 493 2013 earo
518 1954 644 2031 factum
673 1964 720 2015 est
751 1973 789 2017 ex
817 1954 911 2019 fdaria
964 1950 1093 2031 vidique
1113 1950 1242 2013 factoris
1261 1957 1320 2028 est,
1337 1958 1372 2012 ut
1391 1948 1527 2012 sublime
1547 1950 1712 2031 quidpiam

47 2069 142 2124 eece.
243 2048 381 2129 virgine.
402 2048 498 2112 Paulo
521 2057 605 2128 ane,
627 2051 654 2113 si
680 2050 739 2114 rite
764 2052 909 2131 memini,
964 2056 1103 2129 acturus,
1130 2049 1270 2111 vicissim
1295 2048 1426 2111 diflerat
1451 2072 1458 2110 :
1485 2055 1641 2129 quatenus
1664 2048 1712 2110 in-

156 2145 267 2210 fessus
288 2166 358 2210 sum
378 2148 410 2212 id
428 2149 546 2213 divine
567 2150 752 2232 congruisse
772 2152 912 2215 clemen·
964 2146 1058 2209 terim
1077 2155 1255 2210 ceteromm
1277 2146 1399 2210 animus
1421 2152 1557 2209 attentos
1576 2144 1710 2225 efficiet,

156 2244 225 2323 tie,
250 2253 287 2307 ιιι
310 2245 439 2309 aliunde
466 2247 611 2330 decepto,
635 2248 762 2311 aliunde
784 2268 911 2331 quoque
965 2244 1086 2325 etquid
1101 2245 1133 2307 in
1152 2244 1294 2308 futurum
1313 2253 1499 2325 operaturus
1520 2244 1571 2321 sit,
1588 2242 1712 2306 cunctis

158 2351 375 2423 succurreret,
391 2343 606 2427 infemalique
620 2347 764 2428 nequitia
782 2348 912 2411 damna·
965 2343 1116 2424 insinuet,
1133 2351 1226 2424 atque
1246 2342 1495 2424 congruentibus
1510 2340 1713 2424 preambulis

157 2447 223 2519 tus,
254 2440 376 2504 coelesti
411 2441 552 2505 bonitate
583 2443 710 2507 celitus
738 2446 911 2527 eriperetur
964 2442 1124 2504 excelsum
1140 2459 1220 2522 opus
1234 2441 1418 2523 preveniat.
1434 2440 1548 2503 Annon
1568 2440 1713 2503 ordinem

157 2537 344 2602 salvandus.
376 2539 436 2603 Sed
464 2539 627 2604 offensum
656 2543 756 2607 lleum
784 2544 910 2625 placare
964 2540 1050 2602 hunc
1075 2539 1109 2601 in
1138 2538 1365 2602 torneamentis
1394 2538 1461 2600 suis
1489 2538 1617 2601 etitem
1644 2556 1714 2620 spc-

155 2636 233 2718 quis
261 2637 401 2720 poteritt
430 2638 460 2701 Si
490 2637 585 2722 culpa
617 2659 655 2705 eo
686 2642 815 2723 gravior
846 2660 910 2723 quo
964 2638 1108 2717 ctaculis,
1130 2656 1220 2719 reges
1242 2637 1386 2719 gentium
1410 2636 1635 2718 principesque
1658 2653 1715 2716 po-

155 2735 307 2799 offensus
326 2737 535 2818 prestantior,
552 2738 716 2802 immense
734 2738 910 2821 majestatis
964 2736 1111 2818 palorum
1127 2732 1318 2799 observanti
1335 2735 1472 2817 Tempus
1486 2752 1624 2815 namque
1638 2751 1714 2814 pre·

156 2832 317 2897 altissimo
340 2834 411 2915 quis
434 2833 607 2899 satisfaciet
630 2836 707 2918 llegi
731 2837 909 2919 indignanti
964 2833 1081 2915 figunt,
1114 2852 1277 2915 precones
1311 2832 1483 2909 destinant,
1519 2840 1552 2894 et
1585 2831 1713 2913 previis

156 2940 256 3013 atque
283 2932 385 2995 iratol
405 2930 517 2995 Nullus
545 2934 686 3014 omnino,
713 2942 748 2996 ut
773 2954 856 3014 reor,
882 2935 910 2997 si
963 2932 1155 3012 quibusdam
1174 2930 1348 3013 preludiis,
1365 2932 1453 2993 velut
1472 2930 1651 2992 futurorum
1672 2929 1713 2991 si-

157 3049 226 3093 non
254 3030 323 3112 ipse
351 3048 478 3111 qnoque
501 3032 785 3116 incircumscripte
808 3033 911 3097 excel·
929 3030 1034 3112 anis
1059 3038 1154 3113 atque
1183 3028 1323 3107 indiciis,
1349 3028 1506 3091 intentum
1530 3046 1610 3109 opus
1636 3046 1714 3107 pre-

156 3127 293 3191 lentiam
317 3128 479 3210 dignitatis
508 3131 637 3193 sortitus
662 3131 704 3193 sit
727 3140 759 3194 et
783 3132 907 3195 habeat.
964 3136 1132 3209 occupant.
1170 3128 1221 3191 Sic
1256 3146 1387 3209 prorsus
1422 3144 1566 3188 summus
1601 3124 1713 3188 mnndi

156 3227 256 3291 Porro
279 3234 346 3290 tota
372 3226 472 3309 gratia
500 3229 651 3293 destituto
679 3230 812 3308 homini,
837 3232 909 3312 quis
963 3225 1082 3308 opifex,
1107 3226 1189 3289 Deus
1214 3225 1360 3288 sublimis
1389 3232 1421 3288 et
1447 3223 1646 3301 benedictus,
1672 3222 1712 3285 ab

156 3324 311 3386 amissam
331 3324 394 3386 nisi
417 3333 528 3389 auctor
550 3326 721 3408 gratiarum
743 3346 909 3410 reeupera-
964 3324 1042 3405 ipsis
1061 3323 1249 3387 seculorum
1268 3323 1464 3405 primordiis,
1486 3321 1587 3404 magis
1607 3329 1712 3384 autem

157 3442 192 3484 rc
214 3429 331 3503 potens
352 3422 424 3503 erit,
446 3430 502 3485 aut
522 3432 608 3487 certe
628 3425 783 3489 idoneust
797 3426 908 3488 Adhuc
963 3420 1003 3484 ab
1023 3428 1152 3499 eterno,
1176 3438 1234 3501 pro
1254 3420 1365 3481 mundi
1386 3418 1580 3482 beatitudine
1605 3437 1713 3481 aman-

156 3530 279 3599 autcm,
295 3528 440 3583 naturam
454 3521 594 3584 totaliter
612 3522 764 3585 infectam
782 3524 908 3587 etitem
963 3518 1123 3581 tissimum
1144 3535 1236 3579 suum
1254 3516 1650 3598 precordialissimumque
1663 3515 1713 3578 Fi-

155 3627 286 3681 eterne
315 3618 407 3681 morti
435 3618 616 3698 obnoxiam,
645 3638 744 3701 quum
772 3622 811 3683 sit
838 3623 909 3704 ipsa
964 3618 1043 3680 lium
1071 3613 1231 3677 incarnari
1258 3614 1445 3695 disponens,
1475 3632 1540 3677 non
1573 3614 1607 3676 id
1639 3632 1712 3677 mox

157 3715 493 3780 communicabilitatis
510 3715 658 3797 infinite,
678 3718 750 3799 quis
768 3718 830 3781 nisi
850 3719 909 3782 im·
964 3721 1149 3796 pmsecutus
1178 3719 1237 3793 est,
1262 3713 1317 3774 sed
1342 3710 1575 3793 supersublime
1604 3729 1712 3792 super-

156 3834 279 3878 mense
308 3814 490 3896 redemptor
517 3812 674 3879 efficacia
703 3815 826 3878 salvare
855 3837 909 3880 va·
961 3812 1249 3896 dignissimumque
1272 3829 1352 3893 opus
1377 3810 1409 3871 in
1434 3809 1501 3871 fine
1523 3809 1711 3873 seculorum

156 3912 257 3975 lebitt
271 3911 351 3974 ffinc
365 3911 632 3993 Protoplastomm
647 3912 751 3976 scelus
771 3913 908 3977 inultum
962 3910 1094 3992 peregit,
1117 3916 1152 3971 ut
1171 3907 1298 3971 interim
1324 3905 1490 3969 hominum
1516 3914 1638 3968 mentes
1664 3906 1711 3968 in-

154 4011 273 4074 nolcns
297 4008 406 4073 divina
427 4028 615 4092 permanere
633 4010 768 4091 justitia,
790 4012 909 4076 denuo-
963 4009 1133 4071 flammans
1156 4015 1249 4088 atque
1273 4005 1432 4082 erudiens,
1457 4004 1606 4085 congruis
1630 4022 1711 4086 opus

154 4128 220 4191 que
250 4107 498 4171 lamentabiliter
529 4108 669 4172 sauciato
701 4110 822 4173 mederi
854 4130 909 4175 vo-
963 4113 1086 4169 tantum
1114 4103 1285 4181 vaticiniis,
1314 4102 1461 4180 oraculis,
1491 4100 1645 4182 prodigiis
1672 4102 1712 4165 fi-

154 4207 228 4271 lens
255 4224 380 4269 summa
402 4204 583 4284 clementia,
603 4206 761 4288 equitatis
786 4207 909 4272 miseri·
924 4208 948 4270 Ι)
962 4204 1113 4286 gurisquc
1127 4202 1326 4285 preveniret.
1342 4200 1367 4263 A
1383 4200 1498 4263 seculo
1518 4199 1616 4281 igitur
1632 4219 1712 4282 pre-

156 4305 340 4387 cordiisque
364 4295 616 4386 temperamento
639 4323 720 4387 opus
748 4308 909 4389 compegit
964 4320 1060 4366 eones
1089 4300 1186 4378 misit,
1212 4298 1384 4381 Pmphetas
1412 4297 1620 4376 constituens,
1651 4297 1712 4361 mi·

154 4402 423 4487 pulcherrimum,
439 4411 596 4484 quatenus
615 4422 701 4467 mors
722 4412 824 4468 morte
842 4405 909 4469 ulta
964 4399 1076 4463 rabilia
1090 4398 1166 4481 egit,
1182 4396 1362 4460 futuromm
1382 4396 1521 4477 speciem
1536 4405 1710 4480 typumque

155 4502 332 4582 desineret,
368 4500 569 4582 occisusque,
599 4502 694 4565 amici
730 4502 779 4565 sui
814 4512 908 4586 atquc
963 4497 1130 4581 gestantia.
1146 4497 1281 4577 Ideoque
1294 4495 1399 4576 justus
1413 4494 1578 4557 Zacharias
1592 4496 1632 4558 de
1647 4496 1710 4559 lleo

155 4599 331 4665 confratris
359 4618 438 4663 nece
471 4600 664 4682 redemptus,
690 4599 905 4665 revivisceret.
963 4616 1054 4661 orsus
1078 4620 1085 4659 :
1109 4594 1214 4659 Erexit
1238 4592 1368 4674 (inquit)
1394 4610 1493 4655 comu
1518 4591 1629 4653 salutis
1654 4610 1711 4655 no-
1725 4618 1777 4663 re,
1792 4630 1804 4672 q
1821 4620 1856 4674 a,

154 4698 222 4763 Hoc
248 4704 298 4761 est
320 4698 501 4761 christiane
523 4697 687 4779 religionis
709 4699 905 4781 mysterium,
963 4696 1025 4775 bis,
1046 4695 1129 4757 sicut
1153 4694 1277 4756 locutus
1301 4698 1349 4754 est
1375 4709 1433 4772 per
1455 4708 1491 4753 os
1515 4696 1709 4769 sanctorum,
1724 4686 1759 4726 ⁷⁰·

155 4797 219 4861 hoc
241 4796 359 4860 divine
380 4795 459 4859 fidei
481 4804 715 4859 sacramentum
733 4820 740 4858 ε
757 4797 908 4878 quoniam
963 4793 1018 4876 qui
1039 4812 1058 4855 a
1078 4790 1194 4855 seculo
1215 4798 1300 4868 sunt,
1326 4787 1553 4870 Prophetarum
1574 4788 1656 4870 ejus.

39 4906 141 4961 ‘saara
156 4896 251 4959 Pater
270 4894 360 4956 misit
377 4893 493 4957 Filium
517 4914 610 4957 snum
633 4895 666 4956 in
687 4896 855 4974 mundum,
874 4905 910 4959 ut
1003 4892 1068 4955 lloc
1092 4891 1197 4968 mode,
1219 4908 1238 4953 o
1262 4886 1469 4951 celeberrima
1493 4885 1713 4968 prestantissi-

39 5018 76 5051 αι.
91 5020 105 5058 ι,
122 5010 141 5051 ι.
157 4994 302 5057 salvetur
323 4993 464 5055 mundus
486 5010 545 5073 per
567 4992 693 5074 ipsum;
713 5002 745 5055 et
765 4994 841 5075 quia
865 4994 911 5057 fa·
964 5008 1079 5071 meque
1094 4988 1200 5070 Virgo,
1217 4996 1248 5049 te
1267 4994 1331 5048 tam
1352 4984 1643 5067 incomparabiliter
1661 5003 1714 5046 ex-

157 5100 229 5155 ctus
257 5098 306 5154 est
333 5090 362 5153 ei
389 5110 429 5153 ex
456 5091 579 5153 semine
606 5090 704 5153 David
734 5094 909 5155 secundum
964 5091 1062 5153 altare
1083 5088 1194 5151 volens
1215 5083 1463 5167 benignissimus
1478 5082 1614 5162 Creator,
1629 5082 1713 5145 hanc

39 5202 142 5256 «uena.
157 5208 301 5269 carnem,
317 5189 422 5252 factus
441 5208 480 5252 ex
497 5188 643 5270 muliere,
664 5188 830 5271 factusque
850 5191 909 5253 sub
964 5197 1052 5251 tuam
1067 5184 1285 5249 excellentiam
1301 5183 1341 5246 ab
1355 5182 1478 5263 origiue
1494 5178 1715 5262 multipliciter

156 5288 242 5370 lege.
267 5288 334 5350 lloc
356 5288 469 5351 ordine
492 5286 669 5351 ineffabilis
693 5288 910 5369 omnipotens-
965 5284 1072 5349 verbis
1100 5283 1256 5363 factisque
1285 5280 1435 5343 innotuit.
1461 5277 1586 5340 Etenim
1615 5278 1654 5340 de
1682 5285 1714 5341 te

284 5416 317 5471 τ.
335 5418 376 5470 aa.
402 5398 406 5405 ’
1555 5410 1590 5473 31
