4309 6259
455 478 515 542 464
734 492 773 538 aa
794 489 995 539 exhausere
1016 486 1226 535 undulatam
1248 486 1406 537 SEEUONES
1427 488 1494 537 SEX.
1517 507 1558 518 -·
1578 490 1676 537 SEEHO
1696 489 1731 537 111

457 673 508 727 tus
522 664 624 744 fuisti,
639 670 672 726 et
690 661 824 725 turbasti
845 660 1002 743 insipiens
1017 658 1208 741 insipienter
1222 660 1247 721 Α
1263 657 1360 740 igitur
1392 659 1558 741 diligentia
1591 668 1623 723 et
1654 681 1783 744 pavere,
1815 682 1886 726 cum
1916 666 1990 728 omni

336 790 351 819 a
391 789 441 826 nu.
456 770 488 825 te
510 763 627 845 ipsum,
647 762 771 841 videns,
794 760 970 841 hypocrita,
991 759 1148 821 festucam
1173 756 1207 818 in
1261 757 1409 837 puritate,
1428 758 1605 821 reverentia
1620 778 1657 821 ac
1676 761 1814 843 fervere,
1832 781 1902 825 cum
1920 782 1990 825 sum

456 859 550 923 ocule
578 859 684 922 fratris
712 857 770 939 tui,
801 857 922 919 trabem
951 854 1140 919 turbationis
1169 872 1206 915 ac
1261 874 1312 917 me
1327 856 1471 919 custodie
1489 864 1521 919 et
1539 860 1785 939 compunctione
1806 869 1836 923 te
1855 880 1988 943 praepara,

456 957 559 1021 felleae
578 955 800 1021 amaritudinis
820 963 852 1017 et
869 953 1057 1038 pharisaice
1078 952 1207 1015 simule·
1260 951 1394 1032 discute,
1421 951 1587 1031 confitere,
1615 955 1755 1036 satisfac,
1778 967 1810 1021 et
1834 959 1942 1021 aceede
1963 960 1988 1021 in

456 1056 554 1119 tionis
578 1074 615 1117 ac
643 1054 786 1118 fictionis
810 1054 844 1115 in
869 1052 998 1134 proprie
1022 1049 1117 1114 ocule
1142 1067 1206 1112 nen
1261 1048 1458 1130 plenitudine
1477 1048 1556 1113 fidei
1576 1051 1809 1136 devotioueque
1828 1055 1938 1133 alacri;
1952 1056 1987 1119 sie

456 1154 675 1235 perpendens3
693 1161 746 1215 eut
759 1151 911 1215 subverso
925 1150 1037 1213 ordine
1051 1147 1205 1227 caritatis,
1261 1146 1386 1225 inchoa,
1404 1146 1447 1209 ita
1467 1166 1670 1230 prosequere,
1688 1151 1733 1215 sic
1755 1171 1823 1231 ere,
1844 1153 1888 1216 sic
1909 1152 1986 1234 effer,

457 1254 602 1336 proprias
632 1253 814 1334 iniquitates
842 1260 873 1314 et
901 1250 1011 1331 culpas
1038 1267 1103 1311 nen
1129 1266 1206 1327 pen·
1261 1242 1306 1307 sie
1322 1262 1484 1323 consecra,
1501 1253 1532 1307 et
1547 1246 1696 1311 universe
1710 1268 1747 1312 ec
1768 1249 1892 1331 singule
1908 1250 1987 1315 verba

456 1352 582 1432 derens,
613 1351 747 1414 eliemrn
779 1349 966 1426 observasti,
996 1344 1202 1427 exaggerasti,
1260 1361 1333 1404 cum
1353 1343 1526 1407 attentione
1545 1344 1679 1425 ingenti,
1699 1347 1849 1411 distincte
1867 1366 1986 1430 pronun

457 1449 621 1511 revolvisti
647 1446 801 1524 defectus,
824 1446 920 1510 stulta
945 1445 1127 1509 curiositate
1151 1444 1205 1505 de
1260 1437 1313 1501 tia.
1340 1439 1470 1520 Deinde,
1500 1441 1624 1523 explete
1651 1442 1776 1523 officie,
1806 1445 1934 1529 ferventi
1957 1465 1985 1508 ee

456 1556 588 1629 ceptus;
605 1565 661 1609 seu
680 1546 888 1624 turbulenter,
910 1544 1099 1627 impetuose,
1116 1541 1206 1603 iuhe
1260 1537 1466 1601 devotissime
1480 1540 1575 1603 corde
1590 1540 1707 1621 gratias
1722 1561 1794 1623 ege,
1809 1551 1911 1625 gratus
1930 1563 1986 1624 pcr-

456 1654 545 1708 neste
567 1644 713 1707 habende
734 1653 776 1722 te,
798 1641 1017 1705 scandalizasti
1039 1639 1202 1722 pusillos:
1260 1652 1373 1713 meue;
1399 1642 1492 1716 atque
1517 1636 1550 1697 in
1575 1637 1663 1700 omni
1689 1640 1923 1703 conversatione
1944 1648 1986 1702 tua

456 1761 552 1825 super
576 1742 627 1804 his
654 1741 834 1805 deleresius
862 1738 1050 1821 ingemisce,
1075 1738 1204 1801 uberius
1260 1741 1327 1795 este
1347 1732 1502 1796 sellicitus
1523 1754 1562 1797 ne
1581 1734 1740 1818 ellandeo,
1756 1746 1824 1801 este
1842 1738 1985 1803 timoratos

456 1842 556 1924 plere,
582 1839 755 1904 cerdielius
778 1847 809 1901 te
832 1857 958 1918 accuse,
985 1837 1090 1900 acrius
1113 1836 1202 1917 puni,
1221 1839 1244 1901 B
1260 1838 1291 1892 el
1312 1832 1500 1911 custoditus,
1517 1851 1557 1895 110
1579 1843 1759 1916 susceptam
1781 1836 1911 1918 gratiam
1930 1856 1987 1918 per·

455 1938 677 2003 vehementius
700 1956 827 2020 sperne,
843 1935 1031 2000 custoditier
1051 1942 1140 2011 esto;
1161 1942 1206 1997 at·
1260 1930 1327 2008 dee,
1349 1949 1389 1992 ne
1413 1929 1551 1993 fructum
1576 1931 1702 1995 emittas
1727 1935 1884 2016 adeptum,
1903 1936 1984 1998 etsie

455 2039 549 2101 tende
573 2056 670 2120 quam
696 2056 808 2119 parum
831 2034 996 2118 profecisti
1022 2033 1054 2095 in
1076 2032 1204 2111 Ordine,
1261 2034 1326 2091 tote
1350 2036 1403 2091 tua
1426 2028 1492 2091 vita
1515 2030 1557 2092 sit
1575 2032 1764 2114 preparatio
1786 2033 1825 2095 ad
1846 2032 1985 2096 celebrae

456 2144 574 2216 quauta
600 2135 747 2199 emiseris
777 2134 870 2211 bone,
901 2140 933 2196 et
964 2130 1143 2193 efficaciter
1175 2138 1206 2193 te
1261 2127 1337 2189 dum
1359 2127 1521 2191 contiuua.

456 2234 603 2296 emenda,
1301 2225 1416 2303 Tertio,
1443 2227 1659 2291 animadverte
1688 2228 1741 2290 eui
1770 2229 1882 2293 offeras
1905 2230 1985 2295 sacri-

496 2327 653 2408 Secunde,
670 2331 831 2412 perpende
852 2329 929 2410 quid
951 2346 1038 2409 agas,
1060 2326 1138 2408 quid
1159 2326 1206 2390 ef·
1260 2322 1372 2386 ficium
1391 2332 1526 2405 tantum,
1546 2334 1578 2389 et
1601 2328 1710 2410 utique
1729 2329 1795 2394 Dee
1817 2330 1903 2411 Patri,
1921 2330 1983 2411 liegi

456 2429 551 2507 feras,
575 2448 632 2492 seu
656 2428 732 2509 quid
756 2427 789 2489 in
814 2426 926 2490 officie
951 2426 1051 2489 llissee
1075 2433 1205 2488 acturus
1261 2422 1435 2504 mejestatis
1464 2422 1638 2506 immensae,
1668 2428 1814 2491 emnium
1842 2428 1980 2502 Creatori3

456 2529 512 2609 sis,
533 2529 610 2611 quid
632 2528 862 2591 immolaturus.
886 2526 1010 2588 Intuere
1031 2524 1115 2606 quod
1139 2532 1205 2587 tan-
1260 2520 1312 2583 cui
1337 2540 1411 2583 cum
1435 2530 1572 2586 tremere
1596 2525 1723 2589 adstant
1746 2528 1882 2591 universi
1904 2527 1982 2590 caele

455 2645 551 2708 quem
573 2625 736 2690 officiatus
756 2644 792 2688 ec
812 2624 958 2687 minister
979 2622 1129 2686 Ecclesia
1151 2624 1205 2686 ob
1260 2638 1330 2682 rum
1362 2620 1539 2697 exereitus;
1569 2640 1662 2703 quem
1693 2624 1861 2690 Cherubim
1889 2634 1918 2688 et
1940 2626 1982 2687 Se

455 2726 576 2788 laturus
601 2726 645 2787 sis
673 2724 738 2788 Dee
761 2723 843 2786 Patri
865 2722 1065 2804 unigenitum
1089 2721 1204 2783 Filium
1260 2718 1384 2799 raphim
1399 2719 1452 2782 vix
1466 2719 1585 2783 audent
1604 2722 1791 2804 adspicere;
1808 2724 1893 2806 cujus
1912 2742 1981 2787 cem

454 2823 996 2905 ejus,consecraturus,tractaturus
1010 2827 1104 2901 etque
1120 2839 1205 2881 sum-
1259 2818 1422 2900 paratione
1434 2825 1517 2881 tetus
1531 2821 1664 2883 mundus
1676 2830 1725 2883 est
1737 2830 1884 2904 tauquam
1893 2821 1982 2904 pulvis
1991 2840 2077 2887 icam:

456 2930 568 3003 pturus
596 2939 712 3002 corpus
739 2928 772 2983 et
803 2918 990 3001 sanguinem
1019 2918 1202 2997 Salvatoris,
1259 2924 1291 2977 et
1318 2934 1414 2978 arena
1442 2916 1567 2999 exigua,
1597 2918 1662 2982 ime
1690 2928 1840 3002 tanquam
1866 2920 1980 2983 nihilum

456 3028 488 3081 et
516 3037 575 3101 pre
603 3027 668 3082 teta
694 3017 837 3081 Ecclesia
864 3026 896 3079 et
922 3035 981 3099 pre
1009 3024 1040 3079 te
1067 3017 1137 3099 ipse
1165 3036 1203 3079 ec
1220 3014 1241 3078 C
1259 3021 1291 3076 et
1310 3012 1404 3076 inane
1426 3038 1434 3077 :
1456 3022 1487 3076 et
1509 3016 1667 3096 quemodo
1691 3025 1725 3080 tu
1750 3019 1877 3082 audebis
1896 3026 1923 3081 te
1944 3016 1981 3079 illi

456 3135 513 3198 pre
534 3116 608 3180 aliis
629 3115 712 3179 vivis
733 3136 770 3179 ec
791 3115 924 3179 mortuis
945 3121 1102 3178 oraturus.
1125 3115 1204 3178 Cen·
1259 3112 1459 3195 imparatum,
1489 3113 1702 3195 immundum,
1736 3118 1914 3182 distractum
1943 3136 1982 3178 re

458 3215 563 3277 sidera
577 3214 744 3278 veritatem
757 3232 793 3277 ee
808 3214 996 3295 dignitatem
1012 3214 1202 3276 sacramenti
1259 3221 1460 3293 presentare,
1487 3212 1698 3277 irreverenter
1720 3216 1856 3279 hostiam
1878 3232 1980 3279 sacram

455 3332 493 3376 ac
518 3311 669 3375 sacrificii
694 3312 802 3393 hujus,
828 3319 923 3394 prout
951 3312 985 3373 in
1011 3311 1202 3392 praecedenti
1258 3309 1388 3390 efferre,
1413 3311 1611 3394 negligenter
1634 3322 1667 3376 et
1688 3333 1762 3377 cum
1788 3324 1890 3399 tepere
1914 3312 1982 3377 adsi-

456 3428 602 3474 sermene
616 3429 801 3494 expressum
819 3418 868 3472 est
884 3433 891 3471 z
908 3409 1018 3490 sicque
1033 3410 1203 3473 vehemen·
1260 3412 1363 3472 steref
1378 3411 1496 3491 ltaque,
1518 3410 1607 3491 juxta
1627 3420 1778 3494 praetacta
1799 3422 1829 3476 ta
1849 3430 1979 3496 prepara,

456 3508 579 3573 tissime
608 3510 761 3572 erubesce
788 3528 826 3571 ac
852 3526 1027 3590 expavesce
1055 3508 1203 3571 manibus
1259 3516 1290 3570 te
1321 3516 1519 3589 repraesenta,
1544 3526 1582 3573 ac
1611 3518 1711 3574 tetum
1741 3519 1830 3574 tuum
1856 3511 1980 3575 efficiam

455 3607 632 3689 inquinatis
661 3608 812 3669 Sanctum
840 3606 1027 3669 Sanctorum
1055 3614 1201 3685 tractare,
1259 3606 1361 3687 exple.

455 3705 754 3789 praestantissimum
769 3724 806 3769 ac
821 3703 1072 3767 illibatissimum
1088 3704 1202 3767 Christi
1299 3705 1426 3783 Quarto,
1455 3704 1584 3769 intende
1612 3726 1670 3769 cur
1698 3708 1839 3771 celebres
1865 3706 1982 3771 celebra·

455 3823 571 3887 cerpus
585 3804 752 3885 attingere,
769 3802 1035 3884 pretiosissimum
1049 3802 1121 3883 ejus
1136 3820 1205 3864 sen·
1260 3820 1356 3883 reque
1371 3802 1496 3865 debeas¹
1514 3802 1634 3885 Nempe
1648 3812 1778 3887 propter
1792 3806 1910 3869 easdem
1923 3822 1983 3867 eeu-

453 3904 583 3986 guinem
599 3903 719 3985 polluto
738 3920 794 3965 ere
813 3899 985 3982 suscipere,
1001 3900 1118 3981 Regem
1137 3900 1204 3981 glo-
1260 3919 1311 3961 sas
1333 3900 1375 3962 eb
1397 3918 1475 3981 quas
1500 3901 1642 3964 Christus
1665 3922 1700 3967 se
1723 3904 1837 3967 obtulit
1857 3904 1982 3967 inemec

454 4002 510 4063 ria
521 3999 917 4081 bominumquevirtutum
932 3998 966 4059 iu
981 3997 1088 4059 anima
1102 3998 1204 4059 detur
1260 3998 1323 4061 Dee
1346 3998 1440 4076 Patri,
1464 4007 1498 4061 tu
1521 4018 1646 4082 queque
1670 4020 1744 4065 eum
1770 4002 1883 4067 offerre
1904 4000 1981 4065 debes

454 4108 539 4182 pata,
562 4099 648 4163 foeda
669 4108 701 4162 et
724 4097 851 4162 sordide
872 4098 1044 4179 hospitare.
1067 4097 1203 4159 Advertc
1260 4096 1364 4159 eidem
1389 4096 1422 4158 in
1446 4097 1549 4175 alteri,
1572 4098 1632 4162 hoc
1657 4108 1716 4179 est,
1733 4102 1837 4184 prime
1859 4120 1892 4165 ae
1912 4098 1982 4181 priu-

365 4217 393 4261 ·.
433 4217 550 4280 ,quem
565 4198 770 4261 vehementer
783 4195 985 4259 beatissimus
1000 4195 1137 4259 loannes
1152 4195 1206 4258 Ba·
1219 4194 1246 4256 h
1261 4196 1407 4277 cipaliter
1421 4214 1479 4278 pre
1499 4203 1563 4260 tete
1577 4198 1731 4279 Ecclesia,
1747 4220 1807 4282 pre
1826 4198 1979 4263 infidelium

336 4313 342 4324 ·
455 4298 552 4380 ptista
576 4296 745 4361 verebatur
767 4314 841 4358 eum
869 4294 1058 4376 baptizando
1087 4293 1205 4355 extrin-
1260 4295 1480 4374 conversione,
1509 4314 1567 4378 pre
1594 4296 1742 4360 fidelium
1770 4298 1979 4373 reformatione,

455 4415 548 4459 secus
568 4415 605 4459 ac
625 4395 750 4459 medice
774 4401 942 4457 attrectare
964 4416 971 4454 :
993 4400 1026 4455 et
1045 4392 1205 4474 quomode
1260 4411 1317 4475 pre
1332 4394 1552 4457 universorum
1568 4395 1679 4474 salute,
1693 4414 1751 4479 pre
1765 4394 1980 4461 occurrentibus

456 4496 553 4559 audes
573 4503 607 4557 tu
629 4513 702 4556 eum
720 4492 787 4574 jam
808 4491 1023 4574 glorificatum
1046 4492 1132 4553 intus
1153 4510 1205 4553 ac·
1260 4491 1365 4555 causis
1399 4500 1432 4555 et
1464 4494 1708 4557 necessitatibus
1741 4497 1978 4578 quibuscumque,

456 4594 576 4675 cipere,
598 4611 785 4656 consecrare
814 4610 851 4655 ac
876 4592 980 4669 edere,
1003 4597 1035 4652 et
1059 4590 1204 4653 secretis-
1260 4609 1317 4672 pre
1340 4591 1539 4673 propinquis,
1565 4592 1745 4656 commissis
1768 4603 1800 4657 et
1827 4592 1981 4657 benefacto

455 4693 572 4755 simum
600 4682 789 4773 sanguinem
817 4690 887 4771 ejus
904 4684 1037 4770 petere,
1061 4689 1203 4751 nendum
1260 4690 1347 4751 ribus
1369 4689 1445 4768 tuis,
1468 4688 1681 4772 fidelibusque
1703 4690 1871 4771 defunctis,
1892 4698 1920 4754 et
1936 4704 1981 4771 pre

455 4798 607 4875 purgatus
627 4810 686 4853 nec
706 4789 813 4852 debite
831 4789 1045 4869 preparetusl
1065 4786 1205 4861 Qualiter
1259 4788 1375 4870 quibus
1390 4808 1428 4851 ex
1443 4790 1573 4871 speciali
1589 4809 1683 4853 cause
1696 4792 1746 4855 vis
1761 4798 1980 4873 enormesque

455 4890 501 4953 ita
524 4888 730 4966 obsurduisti,
757 4896 880 4950 utnon
906 4885 1078 4948 exsuscitet
1101 4905 1204 4968 neque
1259 4906 1316 4970 pre
1339 4888 1386 4951 tui
1411 4888 1511 4971 ipsius
1536 4889 1693 4971 condigna
1722 4891 1932 4956 emendatione
1954 4886 1980 4946 in

455 4994 630 5071 perterreat
652 4993 685 5047 te
708 5003 770 5049 vex
793 4983 847 5046 illa
872 4982 1037 5061 terribilis,
1061 4992 1205 5046 metueu-
1259 4987 1418 5052 omnihus.
1445 4988 1482 5050 Ut
1509 5006 1584 5070 ergo
1607 4998 1779 5073 utcumque
1802 5010 1859 5075 pre
1881 4986 1979 5053 viribus

307 5098 441 5152 themar.
455 5089 496 5150 de
525 5085 599 5149 tube
630 5084 813 5166 apostolice
843 5081 1113 5161 comminationis,
1145 5084 1203 5158 Qui
1259 5087 1322 5149 tuis
1341 5087 1472 5150 exsistas
1492 5087 1625 5151 idoneus
1643 5090 1808 5171 deprecari
1827 5110 1862 5153 ac
1884 5086 1980 5153 efferre

455 5186 626 5249 manducat
647 5191 680 5246 et
699 5182 781 5246 bibit
802 5181 943 5263 indigne,
965 5200 1037 5244 reus
1055 5182 1117 5245 erit
1136 5201 1205 5245 cer·
1259 5188 1433 5270 protentis
1455 5207 1492 5251 ec
1513 5186 1629 5252 talibus
1651 5192 1769 5270 causis,
1786 5200 1887 5271 satage
1900 5196 1927 5253 et
1943 5185 1980 5245 in

455 5286 543 5373 peris
571 5294 603 5349 et
633 5284 798 5367 sanguinis
827 5284 976 5349 Domiuil
1004 5286 1081 5349 Cum
1114 5289 1202 5352 emui
1259 5287 1383 5353 defesse
1412 5306 1527 5352 eonere
1559 5295 1589 5353 te
1622 5288 1727 5372 ipsum
1757 5290 1820 5355 Dee
1851 5288 1980 5374 placitum
