4309 6259
599 506 757 555 rxrosrrro
777 504 876 553 rrum
899 505 907 577 ².
929 504 1056 551 mmm
1076 503 1181 553 umor
1200 504 1350 553 muorrou
1689 487 1749 554 lDD

200 685 318 741 eterne
350 674 556 754 credentium,
584 694 647 741 non
678 676 762 757 quod
791 676 834 738 ab
860 682 949 739 eter-
962 674 989 737 Α
1004 693 1068 737 non
1084 674 1203 738 babens
1219 694 1347 739 sensum
1363 674 1507 757 loquele,
1524 679 1557 738 'et
1574 681 1623 737 est
1640 682 1749 738 tecens

200 795 243 839 no
269 796 319 839 res
343 775 428 858 ipsas
453 774 582 853 creavit,
604 781 657 842 eut
678 774 719 837 ab
739 782 857 837 eterno
882 792 949 836 cre-
1004 774 1107 835 sciens
1126 782 1251 855 tempus
1270 775 1334 856 apti
1355 773 1516 855 temporis.
1533 773 1621 836 Unde
1640 773 1673 835 in
1692 774 1750 837 Ec-

202 875 313 939 dentes
343 872 545 951 illuminavit,
581 871 699 954 quippe
730 872 785 953 qui
810 892 869 935 nec
908 871 949 933 ab
1003 870 1147 934 clesiaste
1162 871 1419 953 legiturzomnin
1433 881 1559 954 tempus
1575 873 1702 951 habent,
1717 879 1894 944 etratus.

202 980 320 1035 eterno
346 971 475 1059 luerunt
499 994 505 1032 :
530 970 649 1033 idcirco
674 970 818 1033 conditor
842 987 947 1032 rerum
1004 970 1068 1031 suis
1093 971 1201 1051 spatiis
1224 979 1389 1035 transeunt
1407 972 1556 1034 universa
1576 971 1635 1033 sub
1654 970 1746 1034 coelo.

202 1078 339 1133 aeternus
362 1070 478 1133 dicitur
502 1068 705 1131 materialiter
729 1067 947 1149 potiusquam
1002 1068 1144 1149 Denique
1158 1070 1197 1131 de
1213 1069 1273 1133 bac
1288 1078 1467 1152 temporum
1482 1068 1682 1132 distinctione
1703 1069 1749 1131 di-

202 1167 387 1245 lormaliter,
405 1166 554 1248 quoniam
581 1165 648 1247 ipse
673 1166 726 1247 qui
751 1174 865 1228 cuncta
881 1184 948 1228 cm-
1003 1167 1119 1229 riuitus
1141 1167 1282 1231 instituta
1301 1169 1455 1250 scriptum
1479 1175 1527 1231 est
1551 1166 1582 1228 in
1608 1166 1746 1230 Genesi:

202 1266 266 1327 arit
289 1284 327 1329 ex
356 1274 509 1345 tempore,
536 1284 610 1327 vere
635 1263 667 1325 iu
702 1284 736 1327 se
765 1263 834 1346 ipso
859 1271 947 1327 aeter-
1003 1264 1091 1327 Fient
1119 1265 1286 1329 luminaria
1314 1267 1347 1328 in
1375 1266 1578 1329 firmamento
1608 1265 1691 1342 eoett,
1717 1274 1845 1339 stem.
1863 1294 1896 1335 u.

201 1383 262 1426 nus
281 1372 339 1427 est.
356 1365 469 1445 Atque,
488 1370 522 1424 ut
541 1362 637 1425 llsbbi
657 1362 777 1443 bloyses
797 1369 947 1443 proteste-
1002 1362 1143 1425 diridant
1166 1364 1250 1427 diem
1269 1374 1300 1427 et
1320 1373 1457 1442 noctem,
1474 1374 1507 1427 et
1526 1364 1640 1426 sintin
1659 1364 1749 1445 signa

201 1470 263 1540 tur,
285 1462 356 1525 ideo
375 1480 439 1524 non
460 1461 500 1523 ab
523 1469 641 1523 eterno
665 1460 720 1523 sed
744 1478 781 1523 ex
805 1468 946 1541 tempore
1002 1469 1033 1523 et
1059 1470 1210 1543 tempora,
1227 1472 1258 1525 et
1281 1463 1348 1525 dies
1372 1471 1405 1525 et
1427 1482 1548 1537 annos3
1564 1460 1597 1523 in
1622 1462 1748 1525 Daniele

131 1600 184 1636 ,m
201 1560 396 1637 aestinavit,
413 1567 445 1621 et
463 1559 495 1620 in
517 1558 700 1621 memoriam
717 1556 947 1621 bcueliciicre-
1001 1576 1127 1639 quoque
1144 1582 1151 1619 :
1169 1558 1239 1641 lpse
1261 1567 1362 1622 mutet
1382 1568 1524 1641 tempora
1546 1569 1577 1622 et
1598 1567 1715 1623 etates.
1764 1586 1896 1638 naemu.

199 1656 324 1734 ebonis,
354 1656 438 1719 diem
475 1654 594 1718 sabbati
622 1654 716 1736 jussit
744 1673 814 1717 esse
844 1654 947 1717 solen·
1042 1658 1085 1719 De
1099 1657 1300 1721 distinctione
1317 1676 1391 1721 vero
1406 1658 1557 1740 temporis
1578 1659 1610 1721 in
1631 1659 1698 1724 dies
1717 1669 1749 1722 et

199 1774 286 1831 nem,
298 1754 447 1835 quoniam
462 1754 529 1815 brec
544 1760 592 1815 est
606 1751 756 1815 facillima
770 1762 802 1815 et
816 1752 946 1816 omnino
1001 1763 1111 1817 noctes
1126 1756 1281 1819 subtiliter
1295 1755 1434 1838 loquitur
1451 1764 1483 1819 et
1503 1757 1594 1837 quasi
1614 1758 1749 1840 pmpbe

198 1852 375 1915 certissima
393 1852 445 1914 via
469 1850 621 1932 probandi
646 1850 744 1913 Deum
774 1870 843 1914 esse
873 1858 944 1913 ante
963 1858 986 1921 Β
1002 1862 1045 1915 tat
1070 1853 1243 1931 Psalmista‚
1269 1854 1404 1916 dicendo
1431 1877 1438 1915 :
1464 1853 1550 1917 Fecit
1578 1855 1687 1918 lunam
1714 1857 1746 1919 in
1765 1882 1894 1937 recturo,

197 1950 305 2013 omnia
329 1951 369 2013 ab
397 1957 526 2027 eterno,
552 1958 582 2011 et
613 1957 727 2011 cuncte
756 1949 943 2027 voluntarie,
1002 1960 1154 2034 tempora,
1172 1952 1219 2014 sol
1235 1952 1546 2033 cognovitoccasum
1563 1972 1675 2029 suum;
1693 1949 1889 2036 po²⁰·²²·²³·

197 2067 262 2111 non
297 2048 484 2112 necessitate
519 2056 648 2126 nature,
681 2046 870 2129 profluxisse
906 2048 946 2111 ab
1001 2050 1090 2111 suisti
1113 2050 1270 2127 tenebras,
1292 2058 1324 2113 et
1347 2050 1432 2114 lacta
1455 2060 1504 2114 est
1527 2070 1600 2128 nox,
1622 2052 1655 2113 in
1680 2052 1748 2133 ipsa

197 2144 268 2226 ipso
294 2168 301 2207 ι
329 2145 414 2225 quod
438 2164 548 2207 rerum
574 2162 644 2207 esse
670 2153 862 2207 monstretur
890 2164 948 2227 per
1001 2148 1237 2229 pertransibunt
1260 2166 1371 2212 omnes
1397 2150 1504 2213 bestiae
1528 2150 1635 2227 silve,
1658 2160 1747 2214 ortus

196 2242 304 2305 omnia
319 2242 471 2306 miracula
486 2242 569 2305 lecte
584 2242 616 2304 in
632 2242 730 2305 veteri
747 2243 947 2305 Testamenta
1000 2254 1048 2308 est
1063 2246 1122 2323 sol,
1138 2256 1170 2309 et
1184 2256 1381 2329 congregatae
1395 2257 1479 2325 sunt,
1496 2256 1528 2311 et
1542 2248 1575 2309 in
1591 2249 1748 2313 cubilibus

196 2361 215 2403 a
242 2342 344 2423 Moyse
369 2341 501 2422 aliisque
526 2340 700 2422 Prophetis,
727 2350 758 2403 ct
786 2340 860 2405 item
891 2360 948 2423 per
1002 2345 1066 2407 suis
1091 2345 1351 2421 collocabuntur3
1368 2346 1464 2410 exibit
1487 2346 1583 2410 bomo
1607 2348 1647 2409 ad
1667 2367 1748 2430 opus

196 2439 304 2501 omnia
323 2438 438 2519 quibus
462 2436 646 2519 evangelica
672 2438 721 2501 lex
746 2458 764 2500 e
789 2438 852 2501 Deo
876 2458 946 2503 esse
1001 2462 1095 2504 suum
1114 2452 1146 2505 et
1164 2445 1204 2507 ad
1228 2445 1442 2525 operationem
1468 2464 1557 2507 suam
1584 2465 1683 2527 usque
1707 2448 1746 2509 ud

196 2537 385 2600 ostenditur.
410 2537 518 2599 Posset
541 2536 671 2617 insuper
699 2537 772 2614 dici,
798 2538 944 2618 quamvis
1002 2560 1180 2623 vesperum.
1207 2543 1250 2605 Ex
1275 2544 1389 2625 qtribus
1413 2543 1460 2606 vir
1485 2553 1625 2623 sanctus,
1648 2546 1747 2608 admi-

195 2636 381 2717 impmprie‚
412 2636 496 2717 quod
533 2636 616 2698 Deus
650 2644 782 2697 vocetur
810 2644 946 2698 eternus
1001 2660 1074 2703 rans
1088 2640 1274 2722 sapientiam
1288 2650 1320 2703 et
1334 2642 1554 2705 excellentium
1573 2644 1628 2707 Dei
1647 2644 1680 2705 in
1700 2644 1748 2707 el-

196 2734 343 2798 conditor
358 2753 475 2812 rerum,
492 2752 555 2797 non
575 2733 616 2795 ab
634 2742 707 2796 ectu
734 2734 789 2796 sed
816 2754 834 2795 a
860 2742 947 2815 pote-
1000 2737 1136 2801 lectibus
1152 2738 1228 2818 suis,
1245 2738 1405 2801 concludit
1419 2748 1452 2803 et
1466 2741 1746 2817 exclsmntzonam
1762 2767 1819 2812 uir,
1831 2770 1866 2812 ει,

196 2842 277 2895 stete
294 2832 432 2911 creandi,
449 2841 480 2895 et
502 2832 576 2895 item
596 2832 745 2913 quoniam
765 2832 805 2895 ab
824 2842 942 2897 eterno
1000 2836 1203 2919 magnificata
1222 2845 1296 2899 sunt
1313 2856 1410 2918 opera
1429 2846 1493 2916 tua,
1512 2839 1662 2903 Dominet
1679 2858 1747 2904 om-

195 2950 307 2995 rreare
328 2930 479 3009 decrevit,
497 2930 546 2993 vel
563 2941 692 3013 propter
706 2930 823 2995 ideales
840 2951 945 2994 rerum
1001 2935 1054 2997 nia
1087 2935 1120 2997 in
1155 2936 1307 3016 sapientia
1335 2935 1449 2999 iecisti.
1480 2936 1599 3001 Idcirco
1628 2947 1661 3001 et
1689 2958 1747 3002 nos

196 3029 347 3109 rationes,
363 3048 435 3111 quse
449 3030 489 3093 ab
503 3038 621 3093 eterno
642 3030 674 3091 in
697 3038 802 3093 mente
818 3030 947 3095 luerunt
962 3038 984 3102 C
1002 3034 1148 3111 dicendo,
1171 3034 1297 3097 AEteme
1321 3053 1427 3097 rerum
1450 3034 1608 3114 Conditor,
1636 3055 1748 3118 pense

196 3129 317 3192 divina.
1003 3150 1073 3193 mus
1093 3150 1152 3195 nos
1175 3151 1245 3195 esse
1265 3140 1387 3195 creatos
1406 3134 1447 3197 ab
1464 3151 1514 3211 eo,
1531 3142 1564 3197 et
1582 3154 1620 3197 ex
1645 3137 1748 3199 consi-

239 3230 373 3291 Noctem
388 3229 538 3307 diemque
552 3228 613 3307 qui
631 3229 729 3305 repis,
743 3226 774 3289 id
794 3235 853 3307 est,
872 3237 948 3291 tem·
1003 3230 1163 3293 deratione
1196 3230 1433 3311 omnipotentie
1471 3233 1552 3313 ejus,
1588 3242 1676 3296 metu
1715 3244 1749 3299 ot

196 3345 278 3411 pora
302 3333 418 3389 cuncta
440 3324 618 3407 distinguis,
645 3326 821 3407 dispensas,
848 3337 881 3390 et
908 3327 948 3391 ad
1004 3327 1190 3405 reverentie,
1207 3328 1271 3393 imo
1286 3346 1393 3392 amore
1414 3338 1445 3391 et
1465 3330 1656 3411 gmtitudine
1677 3332 1749 3396 alli-

196 3444 376 3506 congruum
391 3422 498 3505 dirigis
518 3423 617 3486 finem
634 3447 642 3486 :
661 3425 769 3506 sicque
790 3426 874 3489 diem
893 3447 948 3490 ne·
1003 3426 1125 3489 ciamur
1145 3427 1185 3488 ad
1206 3427 1321 3507 ipsum.
1338 3428 1500 3505 Praeterea,
1517 3431 1667 3510 quoniam
1689 3432 1750 3496 iste

197 3524 345 3601 turelem,
362 3522 417 3604 qui
442 3530 490 3585 est
514 3522 650 3605 spatium
675 3524 785 3605 viginti
811 3534 948 3605 quatuor
1002 3524 1161 3587 distinctio
1179 3524 1412 3587 ordinationum
1428 3545 1465 3588 ac
1480 3528 1652 3592 dominatio
1670 3537 1750 3593 tem-

194 3622 401 3699 borarum‚in
417 3620 499 3683 diem
515 3620 713 3685 artificialem
728 3623 795 3703 (qui
811 3632 860 3685 est
874 3632 948 3687 tem·
1002 3641 1116 3705 porum
1130 3630 1179 3685 cst
1198 3622 1325 3703 pmprie
1343 3622 1418 3700 Deo,
1435 3623 1575 3686 Christus
1595 3625 1627 3687 in
1647 3626 1750 3691 Even-

194 3740 260 3804 pus
276 3720 400 3783 lationis
415 3738 472 3782 seu
487 3728 590 3781 motus
606 3720 681 3783 solis
694 3739 789 3801 super
804 3730 947 3785 nostrum
1002 3720 1097 3801 gelio,
1113 3720 1223 3784 voleus
1243 3721 1350 3783 testari
1370 3740 1404 3783 se
1424 3722 1523 3784 Deum
1547 3742 1628 3802 esse,
1650 3726 1750 3790 disse—

196 3818 408 3895 borizontem)
423 3824 454 3880 et
468 3824 593 3881 noctem
618 3818 754 3899 partiris.
775 3824 815 3881 m
832 3830 947 3897 tempo·
1004 3818 1065 3881 ruit
1082 3842 1089 3879 :
1106 3820 1207 3881 Amen
1228 3818 1300 3882 dico
1319 3819 1420 3897 vobis,
1437 3820 1511 3900 quie
1530 3821 1681 3886 Dominus
1701 3834 1750 3888 est
1762 3847 1894 3899 narrum

195 3939 276 3979 rum
291 3919 523 3993 dastempora,
539 3915 569 3977 id
585 3925 634 3979 est
654 3925 795 3997 tempore
815 3918 947 3981 diversis
1003 3918 1099 3979 lilius
1126 3918 1263 3981 hominis
1291 3917 1385 3980 etiam
1415 3918 1546 3982 sabbati.
1577 3922 1679 4003 Atque
1708 3926 1748 3988 ad
1762 3915 1784 3956 ⁸·

195 4014 334 4097 negotiis
349 4014 536 4096 peragendis
550 4016 766 4096 accommoda,
780 4026 815 4077 ut
830 4020 948 4078 alleves
1003 4025 1147 4078 sanctum
1172 4016 1229 4079 Job
1249 4016 1373 4079 locutus
1393 4025 1442 4080 est
1461 4017 1611 4083 Dominus
1629 4046 1636 4083 ι
1653 4022 1749 4085 Num·
1761 4045 1895 4099 roseum,

194 4116 388 4193 fastidium,
415 4112 446 4173 id
470 4122 529 4191 est,
555 4122 710 4194 quatenus
736 4113 880 4177 homines
909 4136 946 4179 ex
1002 4115 1076 4197 quid
1093 4122 1164 4196 post
1182 4123 1287 4178 ortum
1307 4122 1395 4177 tuum
1416 4118 1592 4197 precepisti
1608 4120 1749 4186 diluculo
1764 4112 1878 4161 '²⁸¹⁸'²⁰·

196 4212 260 4275 bac
288 4219 463 4292 temporum
483 4230 519 4273 ac
541 4211 760 4293 temporalium
787 4232 891 4275 rerum
916 4222 946 4277 et
961 4216 987 4280 D
1002 4220 1032 4273 et
1052 4211 1216 4275 ostendisti
1235 4230 1355 4275 aurorae
1381 4213 1487 4275 locum
1512 4220 1627 4277 snuml
1642 4218 1749 4283 ludica

195 4309 360 4374 actionum
384 4326 441 4371 seu
464 4308 684 4372 exercitiorum
711 4310 871 4387 varietate,
890 4312 947 4373 mi·
1002 4306 1078 4369 mihi
1094 4307 1127 4367 in
1142 4326 1205 4388 qua
1220 4306 1271 4369 ria
1286 4306 1338 4369 lux
1353 4307 1483 4386 habitet,
1500 4319 1532 4372 et
1546 4313 1749 4378 tenebrarum

196 4406 271 4471 nori
292 4404 472 4487 fatigatione
493 4414 524 4468 et
547 4406 638 4469 tmdio
662 4406 854 4485 afficiantur,
872 4427 949 4490 quo
1001 4406 1071 4489 quis
1093 4406 1181 4469 locus
1201 4406 1251 4483 sit,
1269 4414 1304 4469 ut
1323 4405 1420 4469 ducas
1440 4412 1687 4493 unumquodque
1709 4414 1748 4476 ad

196 4507 287 4569 niam
302 4503 432 4566 alternis
451 4504 496 4565 uti
515 4504 700 4567 detectabile
720 4505 765 4567 eis
785 4516 843 4569 est.
860 4506 947 4580 Quod
1003 4504 1154 4567 terminos
1176 4524 1261 4568 suos.

196 4622 260 4669 eur
273 4602 316 4665 ito
331 4602 381 4682 sit,
397 4602 483 4665 etde
498 4601 556 4664 bec
578 4610 755 4683 temporum
776 4604 949 4668 distinctio
1041 4606 1156 4665 Proeco
1170 4606 1251 4674 diei,
1266 4602 1297 4664 id
1312 4610 1360 4664 est
1378 4601 1491 4683 gallus,
1501 4606 1576 4682 jam
1596 4619 1702 4681 sonat,
1716 4609 1747 4674 id

195 4724 254 4781 ne,
271 4702 390 4764 dictum
410 4709 459 4763 est
477 4698 509 4761 in
529 4700 722 4781 expositione
741 4701 850 4783 bymni
871 4723 948 4785 prae-
1001 4709 1060 4779 est,
1087 4710 1192 4764 cantat
1216 4710 1248 4763 et
1272 4720 1330 4764 suo
1353 4708 1448 4764 cautu
1471 4703 1555 4765 diem
1579 4709 1749 4791 appropin-

18 4853 43 4895 Ρ,
55 4839 99 4879 ,0³
107 4832 178 4878 μ
194 4798 310 4877 habiti,
323 4816 419 4879 super
433 4796 510 4859 illud
528 4820 535 4859 ε
553 4799 646 4859 brtus
662 4799 782 4863 solutos
797 4810 832 4863 ut
846 4802 945 4883 quies.
1002 4819 1100 4882 quare
1115 4799 1269 4880 designat,
1286 4800 1421 4862 naturali
1437 4804 1513 4880 (uon
1529 4802 1748 4889 intellectuali)

239 4900 347 4979 ltaque
373 4920 390 4956 r
414 4904 556 4978 tempore
580 4904 757 4979 temporum
784 4922 800 4959 s
826 4920 948 4963 nuncu·
1003 4917 1059 4961 suo
1075 4898 1226 4959 instinctu
1243 4921 1250 4957 :
1268 4906 1406 4960 attamen
1426 4898 1526 4961 instar
1544 4902 1748 4985 intelligentis

194 5006 316 5081 pantur
345 4996 398 5057 hic
428 4995 644 5058 successiones
674 5004 863 5079 temporum,
891 5017 948 5080 per
1003 5016 1036 5059 se
1061 4996 1166 5073 hebet,
1184 4996 1228 5058 sic
1251 5004 1428 5078 temporum
1453 4998 1671 5064 distinctiones
1694 5003 1748 5066 de-

191 5096 368 5179 quelitetes
392 5101 424 5157 et
449 5094 550 5156 rarius
573 5103 678 5176 partes
703 5095 897 5177 interpolate
916 5108 948 5161 et
1003 5093 1187 5157 nuntiando.
1209 5093 1339 5176 Propter
1357 5096 1441 5177 quod
1461 5096 1612 5160 Dominus
1630 5100 1670 5161 ad
1689 5102 1748 5165 Job

191 5195 366 5261 distincte.
400 5193 490 5255 Juxta
523 5192 608 5255 bunc
638 5194 768 5257 modum
799 5195 947 5278 loquendi
1002 5193 1119 5257 ellatur
1136 5216 1142 5253 :
1160 5192 1234 5268 Quis
1249 5193 1353 5273 posuit
1367 5194 1400 5254 in
1416 5193 1589 5257 visceribus
1612 5197 1747 5262 bominis
1760 5217 1818 5263 rer.
1831 5220 1865 5264 eo

7 5319 172 5371 narsae.
191 5294 353 5375 scriptum
379 5297 430 5352 est
449 5288 479 5351 in
500 5288 718 5354 Ecclesiastico
736 5314 743 5355 :
761 5291 814 5355 Est
839 5303 946 5359 tacens
1002 5290 1199 5373 sapientiam,
1216 5300 1271 5354 ant
1283 5291 1354 5371 quis
1369 5292 1455 5354 dedit
1468 5292 1552 5372 gallo
1569 5293 1749 5377 intelligen-
