4309 6259
455 452 494 519 to
870 468 1027 518 axrosrrro
1048 468 1147 517 nrum
1170 476 1176 512 :
1200 468 1283 526 vnit,
1306 467 1445 517 casarea
1465 470 1600 517 arianos
2072 455 2074 526 t

452 639 596 725 operatio
611 641 775 721 virtutum,
785 641 840 704 alii
854 640 1071 723 interpretatio
1087 658 1200 704 sermo
1214 640 1241 703 Α
1255 639 1357 703 vobis.
1373 639 1453 703 Hinc
1474 641 1508 703 in
1528 640 1630 724 igneis
1653 639 1773 722 linguis
1790 639 1940 723 apparuit
1962 658 1996 703 ac

454 758 544 820 num,
560 738 615 801 alii
640 739 789 803 discretio
808 738 988 821 spirituum,
1004 738 1059 800 alii
1085 756 1201 819 genera
1254 738 1389 801 donatus
1403 739 1559 819 est‚juxta
1573 740 1606 803 id
1620 738 1997 821 Actuum:dpparuerunt
2008 759 2079 806 rectu

455 837 647 918 linguarum.
674 836 835 919 Sapientia
858 837 986 899 demum
1011 844 1043 899 ot
1068 834 1201 898 scientia
1255 836 1320 898 illis
1344 836 1516 918 dispertitae
1540 836 1657 918 linguae
1681 844 1832 918 tanquam
1858 836 1954 919 iguis,
1970 846 1998 899 et
2078 841 2079 888 t

455 942 549 1015 prout
563 934 597 996 in
612 934 718 997 verbis
732 934 782 997 his
797 934 1059 1016 capiuntur‚sunt
1072 933 1200 996 babitus
1255 943 1420 1016 ooeperunt
1438 934 1524 1016 loqui
1548 935 1646 997 variis
1671 934 1799 1016 linguis,
1816 943 1911 1017 prout
1935 937 2000 1017 Spi-
2079 919 2080 970 l

455 1030 635 1095 intellectus
651 1050 801 1114 perquos
816 1051 937 1114 eaquae
956 1032 1033 1095 fidei
1056 1039 1132 1093 sunt
1149 1049 1202 1093 ex·
1255 1031 1335 1094 ritus
1361 1034 1493 1095 Sanctus
1528 1034 1622 1096 dabat
1649 1032 1755 1114 eloqui
1791 1033 1866 1095 illis.
1895 1033 1999 1115 Itaque

454 1138 616 1211 ponuntur
630 1150 665 1193 ac
681 1129 906 1209 defenduntur,
923 1138 1059 1211 suntque
1074 1128 1200 1191 realiter
1255 1130 1364 1193 docuit
1389 1132 1494 1208 corda,
1522 1132 1643 1212 aptavit
1661 1138 1693 1193 et
1715 1132 1816 1194 movit
1838 1149 1905 1208 ora,
1930 1150 2001 1193 con-

453 1226 640 1291 dilferentas
665 1247 683 1290 a
707 1228 862 1311 sapientia
886 1236 979 1309 atque
1005 1227 1139 1291 scientia
1166 1234 1201 1287 ut
1257 1228 1406 1291 stantiam
1421 1228 1565 1306 contulit,
1580 1229 1738 1292 fervorem
1753 1228 1883 1307 infudit,
1900 1248 2003 1311 perse·
2083 1295 2084 1300 ,

453 1334 528 1388 sunt
548 1326 641 1389 dona.
1257 1326 1442 1403 verentium,
1460 1326 1653 1405 efficaciam,
1670 1327 1735 1390 imo
1758 1334 1790 1389 et
1809 1328 2002 1409 superabun-

492 1429 625 1487 Dextra
653 1428 715 1489 Dei
743 1436 779 1486 tu
812 1428 948 1501 (licitus.
979 1425 1110 1486 Dextera
1144 1422 1199 1485 Dei
1256 1424 1397 1486 dentiam
1411 1425 1445 1486 in
1460 1425 1609 1487 omnibus
1623 1424 1826 1503 condonavit,
1835 1425 1868 1487 in
1880 1433 1999 1487 tantum
2086 1459 2087 1502 p

452 1524 611 1587 interdum
627 1532 758 1587 vocatur
771 1524 910 1606 gratiosa
924 1530 956 1585 et
970 1522 1023 1603 pia
1041 1519 1197 1599 defensio,
1256 1523 1340 1604 quod
1355 1522 1438 1585 sicut
1451 1542 1527 1605 apes
1541 1524 1581 1585 de
1596 1522 1734 1586 alveario
1749 1541 1807 1585 suo
1819 1532 1999 1605 erumpunt,
2087 1535 2088 1574 t

452 1623 551 1685 virtus
576 1631 608 1686 et
631 1623 816 1687 adsistentis
836 1622 918 1703 ejus,
935 1630 970 1683 ut
989 1621 1022 1682 in
1041 1620 1166 1682 Psalmo
1190 1642 1196 1681 :
1256 1621 1303 1683 sic
1318 1620 1492 1683 beatissimi
1512 1628 1606 1702 atque
1625 1620 1848 1701 gloriosissimi
1870 1621 1918 1683 illi
1939 1622 2003 1683 Sal·
2088 1613 2089 1648 ¹

305 1722 592 1785 r·.=cvu.=.Satvavit
619 1722 680 1784 sibi
709 1722 835 1784 dextera
864 1722 945 1802 ejus,
972 1728 1004 1782 et
1031 1718 1199 1781 brachium
1256 1718 1373 1782 vatoris
1393 1718 1554 1799 discipuli,
1571 1718 1690 1799 Spiritu
1712 1719 1828 1781 Sancto
1846 1719 2002 1781 ditissimo

330 1829 407 1875 Eoeod·
452 1828 596 1883 sanctum
611 1820 703 1900 ejus;
721 1820 753 1881 in
768 1820 873 1882 Exodo
887 1837 1014 1899 quoque
1031 1842 1038 1879 :
1055 1817 1200 1897 Proteget
1217 1812 1240 1873 B
1256 1815 1621 1897 munificentissimoque
1640 1816 1764 1897 repleti,
1780 1816 1820 1879 de
1839 1817 2002 1879 coenacnlo
2091 1845 2092 1868 r

305 1897 423 1942 ¹¹¹'¹¹'²²'
452 1926 481 1981 te
507 1919 634 1981 dextera
658 1936 749 1994 mea3
770 1924 802 1979 et
827 1916 859 1977 in
884 1915 1053 1997 Sapientiae
1081 1913 1162 1977 libro
1189 1938 1196 1975 :
1255 1923 1438 1995 eruperunt,
1453 1914 1587 1994 ingressi
1603 1922 1677 1976 sunt
1692 1915 2002 1996 templum‚etigne
2092 1925 2093 1936 ³

304 2026 429 2083 Sapen.
450 2017 582 2078 Dextera
596 2034 653 2077 sua
668 2024 753 2095 teget
771 2032 836 2077 eos,
852 2012 1012 2075 Interdum
1031 2030 1107 2075 vero
1126 2013 1200 2073 dex·
1253 2032 1304 2075 am
1320 2012 1423 2093 legem
1440 2013 1547 2096 ignitis
1564 2013 1766 2075 sermocinati
1782 2021 1856 2075 sunt
1871 2013 1998 2093 linguis.

450 2122 517 2176 tara
532 2113 585 2175 Dei
604 2120 734 2176 vocatur
747 2112 920 2174 districtior
934 2110 1013 2172 ultio
1027 2110 1198 2190 duriorque
1293 2114 1439 2172 Aeneade
1458 2114 1567 2169 tumen
1587 2112 1743 2180 rensibus,
1763 2110 1823 2174 hoc
1842 2119 1901 2187 est,
1923 2112 2001 2173 inte
2054 2110 2066 2162 l

451 2211 616 2292 percussio
631 2210 713 2292 ejus,
731 2210 813 2272 sicut
832 2218 863 2271 et
882 2209 976 2271 homo
997 2207 1111 2270 fortius
1129 2226 1200 2288 per·
1253 2208 1421 2271 rioribus«
1438 2208 1583 2271 sensibus
1600 2229 1616 2266 u
1632 2208 1760 2280 nostris,
1778 2207 1953 2271 intellectui
1970 2218 1999 2271 et

451 2309 531 2371 cutit
545 2308 643 2371 alium
659 2309 785 2371 dextera
799 2326 894 2388 qnam
910 2306 1046 2367 sinistra.
1062 2305 1149 2367 Unde
1165 2305 1197 2365 in
1253 2307 1424 2383 memoriae,
1452 2306 1564 2369 rationi
1589 2315 1621 2369 et
1645 2306 1841 2388 cogitationi,
1865 2307 2000 2369 immitte

450 2405 674 2469 Ecclesiastico
702 2428 708 2467 :
736 2404 887 2468 Glorifica
915 2422 1043 2465 manum
1073 2410 1105 2465 et
1126 2402 1199 2496 bra·
1254 2428 1270 2463 r<
1286 2405 1394 2467 lumen
1410 2428 1427 2462 n
1447 2405 1618 2485 sapientire,
1637 2403 1840 2486 splendorem
1860 2414 2001 2469 coutem-

332 2496 358 2525 ¹'
452 2504 561 2568 chium
576 2505 756 2581 dexterum3
772 2512 866 2585 atque
882 2502 914 2563 in
931 2502 1052 2564 Psalmo
1069 2525 1075 2563 :
1095 2501 1200 2563 Dexte
1253 2502 1402 2584 plationis
1419 2502 1577 2581 theoricae,
1586 2502 1762 2565 claritatem
1777 2501 1913 2566 assidue
1930 2504 2000 2565 illu·

452 2622 487 2664 ra
502 2610 556 2664 tua
570 2601 713 2663 inveniat
726 2620 837 2664 omnes
856 2600 909 2681 qui
932 2608 961 2661 te
980 2600 1124 2661 oderunt.
1141 2599 1199 2659 lta·
1253 2601 1413 2663 strationis
1437 2599 1564 2678 divium,
1587 2620 1650 2663 non
1671 2599 1740 2663 sine
1759 2600 1884 2664 fervore
1903 2611 1936 2664 et
1954 2603 2000 2663 in-

450 2719 511 2781 que
531 2700 667 2783 Spiritus
692 2700 825 2762 Sanctus
851 2698 1034 2761 nominatur
1048 2720 1064 2755 a
1081 2696 1198 2777 digitus
1252 2698 1469 2761 flammationc
1489 2698 1621 2775 coefesti,
1639 2718 1679 2760 ne
1695 2699 1772 2761 insit
1790 2699 1883 2763 nobis
1904 2699 2001 2762 infor-

450 2799 565 2885 dextrae
589 2798 644 2860 Dei
670 2820 686 2857 r>
712 2797 814 2878 primo
839 2796 934 2859 modo
959 2802 1108 2876 acceptae,
1124 2794 1200 2875 quia
1253 2798 1313 2858 mis
1327 2805 1359 2859 et
1374 2798 1459 2858 nuda
1473 2797 1613 2877 cognitio
1631 2820 1637 2858 :
1656 2797 1721 2860 imo
1742 2798 1774 2859 in
1794 2798 2001 2862 meditatione
2015 2822 2104 2862 rena

450 2915 507 2978 per
522 2896 656 2977 Spiritus
671 2895 776 2958 Sancti
793 2893 1059 2956 illuminationem
1075 2893 1199 2955 etdire·
1253 2904 1360 2958 nostra
1381 2896 1563 2957 exardescat
1584 2895 1677 2976 ignis,
1694 2904 1728 2957 ut
1748 2896 1930 2959 intellectus
1950 2916 2002 2959 no
2015 2888 2034 2927 ⁸·

451 2994 589 3057 ctionem
615 2994 753 3056 ostendit
781 2992 873 3054 nobis
901 2992 983 3054 Dens
1012 2992 1101 3053 Pater
1129 3010 1198 3071 quae
1214 2995 1235 3057 C
1254 3001 1318 3055 ster
1333 2993 1373 3055 sit
1388 2994 1517 3055 lucerna
1532 2993 1645 3055 ardens
1660 3002 1691 3055 et
1705 2994 1826 3057 lucens.
1847 2995 2002 3070 Quemad-
2027 3017 2106 3058 rana.

451 3110 525 3153 vera
540 3100 571 3153 ot
583 3090 670 3170 justa
683 3090 776 3170 eiquo
796 3090 913 3171 placila
932 3096 1016 3168 sunl,
1033 3107 1104 3169 quae
1122 3087 1197 3151 item
1254 3092 1384 3154 modum
1404 3091 1490 3152 enim
1511 3090 1640 3153 lucerna
1664 3092 1805 3173 corporis
1829 3093 1929 3156 nostri
1953 3102 2002 3156 est
2016 3084 2107 3183 {m

452 3189 590 3251 vitanda.
600 3187 651 3250 Sic
667 3196 698 3250 et
710 3188 808 3250 Filius
820 3194 1022 3269 nuncupatur
1034 3186 1197 3250 brachium
1253 3191 1365 3253 oculus
1385 3197 1492 3253 noster
1516 3189 1661 3265 exterior,
1679 3189 1725 3252 sic
1751 3191 1880 3253 lucerna
1905 3193 2002 3254 totius
2015 3208 2046 3246 rr.

451 3286 562 3364 Patris,
590 3306 687 3369 quum
713 3286 754 3348 sit
778 3285 878 3347 virtus
903 3305 959 3367 per
986 3304 1083 3366 quam
1111 3284 1199 3347 Pater
1254 3289 1358 3352 cordis
1387 3288 1486 3350 nostri
1512 3294 1561 3350 est
1584 3289 1696 3351 oculus
1720 3297 1828 3352 noster
1857 3290 1999 3367 interior,

452 3385 560 3448 omnia
575 3393 732 3468 operatur.
749 3384 792 3446 De
807 3384 867 3447 boc
882 3384 982 3464 digito
1002 3383 1144 3446 Christus
1166 3384 1198 3445 in
1254 3394 1365 3467 utputa
1390 3386 1581 3466 intellectus,
1603 3387 1671 3449 sine
1695 3406 1758 3468 quo
1783 3387 1930 3451 voluntas
1954 3399 2003 3452 est

306 3483 725 3565 rua.„‚eo.evangelioLucm
743 3506 749 3544 :
768 3482 800 3543 Si
821 3482 853 3544 in
872 3482 972 3563 digito
993 3482 1048 3543 Dei
1069 3482 1199 3563 (inquit)
1255 3504 1348 3561 caeca,
1379 3503 1522 3561 erronea,
1558 3485 1787 3566 precipitativa
1822 3486 2002 3568 similisque

453 3582 550 3664 ejicio
568 3580 735 3659 daemonia,
751 3589 812 3643 etc.
830 3581 915 3643 Unde
935 3587 966 3642 et
985 3580 1068 3661 magi
1089 3579 1123 3641 in
1142 3580 1199 3641 Er·
1255 3590 1398 3664 tyranno.
1416 3582 1583 3664 Propterea
1598 3584 1777 3645 intellectus
1792 3593 1839 3646 est
1853 3604 2001 3667 suprema

313 3695 439 3752 nmen,
454 3682 514 3745 odo
532 3703 538 3743 :
555 3680 678 3761 Digitus
693 3678 870 3761 (inquiunt)
885 3678 940 3740 Dei
955 3686 1003 3740 est
1018 3678 1082 3740 hic.
1256 3680 1305 3741 vis
1329 3679 1454 3755 animas,
1481 3688 1574 3760 atque
1605 3679 1744 3744 nobilior
1767 3681 1941 3763 voluntate,
1967 3692 2002 3745 nt

308 3762 341 3803 '⁹'
496 3785 544 3842 Tu
565 3782 839 3855 rr'tepromissum
855 3780 982 3848 Patris,
999 3777 1058 3841 hoc
1078 3785 1126 3840 est
1146 3778 1201 3841 do
1255 3777 1384 3840 divinus
1406 3777 1573 3857 Dionysius
1599 3785 1789 3858 protestatur
1812 3778 1999 3861 (Optimum,
2085 3798 2108 3837 ie

454 3897 531 3939 num
556 3875 781 3958 dignissimum
801 3895 819 3937 a
839 3875 901 3939 Deo
921 3874 1009 3937 Patre
1029 3897 1046 3934 «
1066 3875 1202 3957 promis·
1256 3874 1413 3956 inquiens,
1435 3874 1573 3937 hominis
1593 3883 1638 3937 est
1660 3876 1839 3939 intellectus
1857 3887 1890 3940 et
1908 3879 1998 3956 ratio,
2015 3872 2108 3908 ΜΗ

455 3994 524 4037 sum
556 3996 571 4033 n
600 3972 767 4054 discipulis
803 3972 880 4049 suis,
910 3972 1026 4054 quibus
1056 3973 1088 4033 in
1117 3974 1202 4035 Luca
1255 3982 1287 4035 et
1306 3992 1375 4036 esse
1395 3992 1430 4035 ac
1451 3972 1559 4035 vivere
1579 3974 1754 4036 secundum
1774 3974 1930 4039 rationem
1948 3978 2001 4039 de

321 4093 441 4147 ruane,
455 4070 642 4153 Unigenitus
661 4069 762 4133 fertur
780 4070 896 4133 dixisse
914 4094 921 4131 :
938 4071 1049 4133 Sedete
1070 4070 1104 4132 in
1124 4071 1202 4133 civi-
1257 4092 1351 4154 super
1376 4074 1518 4150 rectam),
1545 4072 1741 4153 Augustinus
1765 4092 1891 4155 quoque
1920 4075 2001 4139 libro

307 4159 341 4201 ⁸⁹·
456 4178 518 4233 tate
533 4169 737 4251 quoadusque
753 4169 930 4231 induamini
947 4169 1062 4233 virtuto
1075 4170 1198 4247 exalto,
1217 4172 1295 4235 Dde
1319 4169 1451 4232 Civitate
1475 4168 1529 4231 Dei
1556 4189 1591 4231 ac
1617 4169 1705 4248 alibi,
1733 4171 1818 4234 Plato
1842 4172 1939 4235 etiam
1969 4173 2000 4234 in

456 4277 488 4332 et
508 4287 567 4351 ego
592 4267 715 4329 mittam
738 4268 929 4350 promissum
955 4268 1053 4329 Patris
1078 4268 1141 4330 mei
1168 4269 1201 4330 in
1256 4268 1359 4349 primo
1373 4286 1409 4329 ac
1426 4267 1565 4329 secundo
1580 4266 1686 4329 'fimaei
1702 4275 1733 4330 et
1748 4268 1781 4329 in
1796 4268 1949 4333 Phaedone
1964 4291 2000 4334 ac

456 4386 523 4429 vos.
540 4366 620 4429 Hinc
635 4366 718 4447 apud
733 4366 885 4429 loannem
905 4365 1003 4428 Filius
1024 4366 1079 4429 Dei
1096 4385 1202 4448 repro
1256 4366 1337 4428 libro
1356 4366 1395 4427 de
1420 4364 1607 4446 Prophetiis,
1624 4373 1655 4426 et
1673 4365 1856 4429 Aristoteles
1878 4368 2001 4431 decimo

307 4480 441 4533 rotem,
456 4462 543 4525 misit
560 4487 566 4525 :
583 4462 761 4525 Paracletus
783 4462 919 4543 Spiritus
944 4462 1089 4540 Sanctus,
1106 4482 1200 4543 quem
1256 4463 1440 4526 Ethicorum
1457 4486 1464 4524 ε
1481 4482 1661 4543 quanquam
1676 4462 1806 4543 quidam
1821 4467 2001 4547 oppositum

308 4545 342 4586 '⁶'
455 4562 559 4625 mittet
573 4562 661 4624 Pater
676 4561 709 4624 in
724 4560 854 4625 nomine
876 4580 958 4624 meo.
975 4566 1132 4623 Sermone
1151 4564 1200 4621 di·
1257 4561 1425 4625 somnient.
1453 4560 1531 4623 Nam
1556 4569 1588 4623 et
1611 4561 1705 4624 homo
1730 4562 1770 4624 ab
1794 4561 1998 4627 intellectuali

456 4660 760 4739 conspecturahoc
775 4667 832 4736 est,
847 4658 1057 4721 instrumenta
1071 4660 1203 4741 loqucn-
1257 4660 1451 4741 perfectione
1474 4679 1530 4721 seu
1550 4660 1650 4740 gradu
1672 4659 1810 4740 speciem
1833 4662 1971 4724 sortitur.

454 4758 486 4820 di
504 4759 637 4821 reddens
657 4758 770 4822 idonea
791 4758 829 4819 ad
852 4756 1102 4838 praedicandum,
1119 4757 1202 4819 sicut
1295 4761 1442 4835 [refunde
1456 4777 1610 4825 uenerem,
1626 4755 1656 4817 id
1672 4765 1719 4818 est
1734 4758 1931 4838 spiritualem
1950 4779 2001 4823 ca-

327 4874 381 4917 aar.
397 4857 595 4925 1x=,Cbristus
623 4856 769 4939 promisit
793 4854 960 4936 discipulis
986 4855 1051 4917 suis
1081 4879 1087 4917 :
1115 4855 1200 4918 Dabo
1256 4855 1379 4917 ritatem
1408 4862 1440 4916 et
1467 4853 1538 4933 ejus
1573 4852 1730 4917 fervorem
1760 4855 1940 4936 proficuum
1968 4867 2002 4921 et

306 4937 439 5051 {Jffl‘l‘
454 4956 545 5019 vobis
570 4974 605 5018 os
624 4964 655 5017 et
674 4953 863 5035 sapientiam
888 4951 940 5014 cui
965 4970 1028 5015 non
1053 4961 1201 5034 poterunt
1254 4952 1654 5034 perfectionern,eordt'bus
1668 4959 1700 5013 et
1714 4952 1930 5016 voluntatibus
1944 4974 2001 5017 no

453 5052 600 5114 resistere
614 5059 646 5112 et
660 5048 877 5111 contradicere
896 5066 1007 5110 omnes
1026 5049 1196 5112 adversarii
1254 5050 1337 5112 stris.
1359 5048 1410 5112 Sic
1430 5050 1548 5130 quippe
1570 5049 1726 5129 accipitur
1745 5069 1800 5112 cor
1819 5054 1903 5134 apud
1923 5054 1999 5115 lfar-

451 5149 548 5214 vestri
563 5172 571 5226 ;
588 5166 651 5211 non
667 5146 752 5210 enim
768 5164 825 5209 vos
844 5146 919 5207 estis
939 5146 993 5227 qui
1015 5146 1195 5229 loquimini,
1253 5167 1337 5225 cum,
1350 5147 1404 5209 ubi
1419 5147 1568 5228 jubetur:
1582 5146 1700 5228 Diliges
1714 5148 1884 5212 Dominum
1899 5151 1997 5214 Deum
2023 5181 2109 5223 ,nam

451 5250 505 5313 sed
530 5246 667 5331 Spiritus
690 5244 790 5309 Patris
810 5244 906 5308 vostri
925 5244 979 5325 qui
1005 5245 1145 5328 loquitur
1163 5245 1196 5309 in
1252 5266 1289 5311 ex
1314 5254 1379 5310 toto
1402 5245 1506 5323 corde,
1523 5252 1555 5306 ct
1578 5264 1616 5307 en
1641 5252 1706 5307 tota
1729 5254 1835 5310 mente
1860 5256 1923 5311 tua.
1940 5250 1996 5313 llic
2012 5247 2047 5287 ³⁰·
