4309 6259
445 482 484 550 98
816 498 972 547 anrosrno
993 498 1093 547 mum
1115 498 1123 545 ε
1145 498 1284 557 cuavsra,
1305 496 1486 546 mamerco
1505 498 1625 547 onnam

443 669 547 733 lorum
575 675 768 747 sanctorum,
791 672 977 747 praeterita,
999 670 1191 747 prasentia,
1207 668 1231 730 Α
1247 676 1327 748 cata,
1350 672 1589 749 electorumque
1607 670 1768 739 omnium,
1788 668 1820 731 id
1842 675 1892 733 esf
1911 677 1992 732 ecte-

442 772 564 845 satara
579 772 667 827 mata
678 771 792 845 pellite
807 790 818 828 .·
833 768 863 830 id
887 777 944 845 est,
963 768 1191 849 preteritarum

443 865 610 948 culpamm
637 864 865 947 indulgentiam
899 866 990 929 nobis
1024 865 1189 946 acquirite,

443 963 507 1026 imo
531 970 563 1026 et
586 963 718 1045 gratiam
744 982 808 1026 non
832 962 1047 1039 recidivandi3
1070 986 1087 1021 a
1113 982 1192 1044 prae

444 1060 545 1123 sentia
567 1084 582 1119 a
606 1061 700 1123 etiam
726 1080 783 1123 seu
807 1060 1004 1123 imminentia
1030 1061 1113 1122 mala
1139 1079 1192 1123 ve-

444 1168 509 1222 stro
523 1158 697 1241 patrocinio
713 1160 895 1239 evadamus,
908 1179 968 1221 nec
984 1159 1191 1221 immoremur

444 1257 538 1320 alicui
560 1257 673 1338 culpae,
690 1257 753 1320 imo
775 1258 977 1319 advertamus
999 1265 1191 1320 nocumenta

444 1355 576 1436 peccati,
594 1363 628 1417 ut
642 1356 715 1417 inde
732 1375 893 1418 cessemus
914 1357 1083 1437 gemendo,
1100 1374 1191 1418 oran-

441 1454 482 1515 do
498 1473 534 1516 ac
550 1454 640 1516 bonis
656 1453 777 1516 actibus
793 1454 985 1529 insistend03
1003 1454 1047 1516 sic
1063 1472 1189 1534 quoque

441 1549 577 1613 vitemus
606 1551 689 1613 mala
718 1572 734 1609 a
761 1551 867 1613 lutura
897 1574 925 1631 u,
952 1550 1013 1614 hoc
1043 1559 1092 1612 est
1119 1569 1189 1631 quae

439 1647 652 1711 incideremus
681 1648 740 1709 nisi
770 1648 883 1710 vestris
912 1648 1035 1711 auxiliis
1063 1648 1190 1729 juvare-

439 1766 520 1809 mur.
548 1745 605 1820 Qui
634 1755 739 1809 autem
768 1747 808 1808 de
838 1746 1003 1827 praeteritis
1033 1748 1190 1810 veraciter

1247 784 1354 828 rorum
1389 766 1564 829 electorum
1600 765 1753 846 ielicium,
1784 770 1887 828 simut
1919 788 1990 828 eam

1246 865 1378 926 Sanctis
1403 867 1565 935 omnibus,
1584 864 1644 927 hoc
1670 870 1728 943 θεῖ,
1749 884 1769 927 o
1795 865 1902 928 Sancti
1925 866 1993 927 uni-

1246 962 1329 1024 versi
1348 961 1442 1024 simul
1462 971 1494 1024 θῖ
1513 982 1656 1025 seorsum
1677 963 1811 1044 accepti,
1832 974 1993 1025 consortes

1247 1062 1373 1122 Christi
1385 1063 1498 1138 facite,
1514 1060 1545 1123 id
1565 1069 1623 1140 est,
1640 1070 1807 1142 procurate
1829 1061 1991 1124 vobiscum

1247 1175 1304 1220 nos
1334 1157 1405 1219 lieri
1435 1158 1609 1221 coheredes
1633 1158 1711 1244 Filii¹
1726 1158 1793 1236 Dei,
1817 1168 1851 1220 ut
1879 1158 1992 1221 (ticina

1247 1256 1484 1318 conformemur
1505 1264 1625 1318 naturae
1647 1275 1705 1337 per
1724 1257 1808 1319 dona
1829 1256 1936 1337 gloriae
1956 1276 1991 1319 ac

1245 1353 1425 1416 beatificam
1460 1354 1615 1416 visionem
1647 1378 1653 1415 :
1685 1374 1754 1435 quae
1785 1354 1992 1418 conformatio

1246 1460 1339 1514 tantae
1363 1460 1411 1514 est
1432 1453 1637 1530 excellentia,
1664 1460 1698 1514 ut
1721 1452 1906 1515 assimilatio
1930 1472 1991 1534 qua

1244 1549 1309 1612 Deo
1324 1569 1409 1612 nunc
1425 1550 1637 1613 assimilamur
1650 1570 1708 1632 per
1722 1570 1857 1613 munera
1871 1551 1988 1633 gratia,

1244 1668 1302 1730 per
1330 1650 1462 1711 virtutes
1492 1669 1528 1712 ac
1557 1650 1679 1727 merita,
1709 1650 1798 1731 quasi
1828 1649 1917 1712 nulla
1952 1651 1991 1712 sit

1243 1747 1477 1828 comparatione
1493 1747 1588 1810 illius.
1606 1748 1736 1829 Propter
1750 1748 1834 1829 quod
1851 1747 1882 1811 S.
1899 1749 1989 1812 loan-

438 1845 535 1923 dolet,
559 1844 665 1907 futura
687 1852 844 1926 praecavet
870 1845 1049 1926 diligenter.
1072 1846 1189 1927 Depre·
1205 1840 1228 1902 Β
1243 1864 1301 1906 nes
1328 1845 1361 1905 in
1388 1866 1445 1907 sua
1473 1846 1574 1926 prima
1596 1846 1680 1908 latur
1704 1845 1837 1927 epistola
1865 1869 1872 1907 :
1899 1845 1988 1909 Nunc
2002 1868 2113 1955 ramur.

439 1962 550 2005 camur
571 1944 665 2005 etiam
687 1962 706 2005 a
728 1942 819 2007 malis
842 1962 943 2024 poenae
965 1952 997 2006 et
1018 1945 1189 2008 adversita-

439 2040 522 2103 tibus
542 2040 681 2119 liberari,
699 2060 739 2103 ne
760 2060 855 2122 supra
874 2042 1003 2103 rhodum
1018 2062 1188 2123 gravemur

440 2146 471 2201 et
486 2139 569 2201 ultra
584 2138 679 2216 vireS,
697 2158 737 2201 ne
752 2139 784 2199 in
807 2138 869 2200 illis
885 2158 943 2221 per
957 2138 1185 2220 impatientiam

440 2256 624 2300 corruamus
640 2256 676 2298 ac
692 2256 889 2317 superemur.

489 2338 580 2397 Vates
599 2337 718 2395 (eterni
730 2337 871 2404 lacticis,
887 2334 947 2397 hoc
970 2342 1064 2415 est,o
1087 2337 1186 2398 sancti

438 2431 599 2512 Prophetae
615 2430 732 2494 Judicis
754 2430 879 2510 summi,
897 2435 1110 2513 Apostotique
1124 2438 1186 2495 Do·

437 2531 524 2590 mini
544 2529 617 2591 lesu
640 2529 763 2609 Christi,
781 2532 986 2606 suppliciter,
1007 2530 1037 2592 id
1060 2539 1108 2593 est
1129 2531 1187 2593 hu-

436 2625 554 2689 militer
577 2634 609 2689 et
633 2626 820 2706 affectuose,
846 2630 1049 2703 eaposcimas
1072 2630 1185 2708 (oratio

436 2743 573 2806 namque
589 2732 637 2789 est
652 2724 809 2806 interpres
829 2743 865 2787 ac
885 2725 1015 2787 nuntius
1037 2726 1184 2789 desiderii

436 2822 580 2885 salutaris
603 2846 610 2884 :
633 2822 704 2885 ideo
723 2823 784 2885 nisi
804 2842 842 2886 ex
860 2821 981 2886 aflectu
1002 2824 1054 2906 pio
1074 2843 1184 2905 posca-

435 2942 517 3001 mus,
534 2922 596 2985 dici
611 2922 710 2987 oratio
726 2941 789 2985 non
806 2926 958 3003 meretur)
974 2927 1112 2995 salvari,
1123 2925 1182 2989 hoc

1243 1941 1372 2004 attinet
1395 1963 1514 2023 sumus,
1532 1953 1564 2004 et
1585 1946 1725 2007 nondum
1746 1944 1894 2026 apparuit
1914 1945 1988 2025 quid
2002 1941 2022 1973 ‘·

1243 2041 1359 2102 erimus
1372 2065 1380 2119 3
1398 2041 1514 2103 scimus
1530 2042 1679 2122 quoniam
1694 2061 1792 2123 quum
1808 2044 1988 2125 apparuerit

1243 2140 1361 2202 similes
1390 2140 1418 2202 ei
1448 2141 1576 2220 erimus,
1606 2141 1681 2221 quia
1708 2140 1886 2203 videbimus
1915 2161 1986 2204 eum

1242 2239 1334 2301 sicuti
1363 2248 1421 2301 est.
1448 2239 1508 2302 llla
1532 2239 1650 2321 quippe
1680 2239 1918 2321 contemplatio,
1944 2240 1990 2302 di-

1242 2337 1346 2415 lectio,
1369 2337 1603 2400 transformatio
1626 2337 1793 2400 beatorum
1817 2337 1850 2399 in
1875 2338 1985 2417 Deum,

1241 2443 1335 2497 tantae
1359 2443 1407 2498 est
1432 2434 1592 2514 claritatis,
1620 2436 1697 2497 tanti
1721 2435 1867 2516 fervoriS,
1893 2445 1987 2499 tantae

1240 2532 1539 2614 pradcminationis,
1570 2543 1604 2595 ut
1637 2533 1862 2616 contemplatio
1892 2543 1986 2615 atque

1240 2630 1367 2693 dilectio
1396 2630 1450 2692 Dei
1480 2630 1512 2691 in
1541 2631 1656 2694 saculo
1685 2631 1756 2711 isto,
1787 2641 1819 2693 et
1854 2632 1881 2693 si
1915 2650 1984 2712 quae

1240 2729 1473 2791 transformatio
1495 2729 1596 2790 estin
1619 2749 1704 2807 eum,
1721 2730 1762 2791 sit
1782 2749 1912 2812 prorsus
1932 2730 1986 2793 ob

1240 2846 1343 2907 scura,
1361 2835 1485 2907 tepens,
1503 2826 1645 2889 remissa.

1280 2929 1413 2987 Gentem
1441 2927 1571 3001 auferte
1591 2929 1756 3003 perfidam
1781 2928 1983 2986 credentium

436 3028 484 3083 est
506 3020 732 3084 beatitudinem
757 3020 911 3098 obtinere,
939 3025 1056 3083 vestris
1076 3026 1182 3099 preci·
1202 3022 1278 3085 cae
1291 3025 1426 3099 finibus,
1438 3040 1501 3084 non
1517 3022 1619 3084 solum
1635 3041 1829 3104 paganorum
1844 3029 1983 3104 gentem,

436 3121 506 3189 bas,
527 3137 591 3182 non
616 3128 723 3181 tamen
745 3118 864 3198 absque
889 3119 1024 3199 propriis
1049 3121 1180 3199 meritis,

435 3216 504 3279 sine
526 3217 641 3298 quibus
664 3235 758 3279 nemo
780 3216 893 3281 adulta
916 3218 1014 3279 aetatis
1039 3238 1183 3300 compos-

434 3335 497 3396 que
532 3316 659 3379 rationis
688 3315 837 3378 salvatur.
867 3315 986 3379 Idcirco
1015 3336 1183 3398 precamur

434 3413 526 3476 nobis
540 3414 650 3476 donari
670 3414 802 3495 gratiam
823 3432 859 3475 ac
880 3413 1012 3477 virtutes
1032 3434 1090 3496 per
1103 3435 1182 3497 quas

433 3512 538 3574 debite
554 3530 781 3575 conversemur
791 3519 885 3593 atque
898 3512 1068 3592 salvemur,
1077 3524 1182 3577 vestra

434 3611 584 3673 sectando
607 3609 739 3692 vestigia
759 3609 792 3672 in
808 3610 984 3691 sanctitate,
1002 3611 1182 3675 obedientia

437 3717 469 3771 et
484 3728 560 3771 vera
575 3728 702 3790 semper
715 3708 845 3789 justitia.

473 3811 642 3887 Martyres
664 3809 728 3869 Dei
750 3808 881 3885 inclyti,
902 3807 962 3871 hoc
987 3818 1045 3889 est,
1067 3828 1086 3872 o
1111 3829 1179 3890 ῖόε,

433 3904 575 3985 «inclyti
597 3914 750 3986 martyres
772 3904 827 3966 Dei
850 3928 880 3983 a,
900 3913 988 3967 tanto
1009 3906 1180 3970 nobiliores

432 4011 551 4083 qivanto
581 4001 672 4083 plura
701 4021 736 4064 ac
766 4002 910 4083 graviora
938 4022 995 4083 pro
1025 4003 1089 4067 lide
1118 4013 1181 4068 tor-

1238 3119 1457 3182 hereticorum
1472 3127 1504 3181 et
1519 3138 1647 3200 prorsus
1667 3120 1915 3197 incredulorum,
1932 3140 1985 3183 ve

1239 3238 1308 3280 rum
1332 3218 1426 3280 etiam
1452 3236 1621 3299 pravorum
1645 3217 1905 3296 Christianorum,
1930 3220 1985 3299 qui

1236 3316 1345 3378 dicunt
1370 3335 1404 3377 se
1429 3334 1522 3378 nosse
1546 3334 1583 3377 ac
1607 3315 1738 3397 diligere
1759 3315 1871 3395 Deum,
1892 3315 1985 3379 factis
2003 3333 2105 3381 rann.

1237 3433 1313 3477 vero
1328 3422 1455 3495 negant.
1472 3414 1535 3477 Hos
1550 3436 1567 3473 a
1583 3413 1705 3476 auferte
1722 3437 1751 3494 a,
1768 3432 1832 3477 non
1847 3422 1883 3475 ut
1897 3433 1985 3496 pror-

1237 3532 1290 3573 sus
1306 3530 1369 3574 non
1386 3512 1459 3589 sint,
1478 3512 1532 3574 sed
1554 3531 1594 3573 ne
1614 3510 1729 3594 perfidi
1743 3520 1904 3593 maneant,
1920 3512 1984 3575 imo

1237 3618 1471 3687 convertantur,
1499 3618 1530 3672 et
1554 3609 1619 3672 fade
1644 3617 1676 3671 et
1700 3628 1796 3691 opere
1820 3610 1984 3672 christiani

1236 3708 1419 3771 consistant.
1441 3711 1481 3770 Ut
1496 3710 1622 3769 Christi
1643 3711 1756 3767 laudes
1770 3710 1908 3778 debitae,
1923 3707 1984 3770 hoc

1236 3812 1284 3868 θεῖ
1298 3828 1315 3864 a
1327 3805 1436 3867 laudes
1453 3828 1469 3863 a
1486 3812 1517 3867 et
1531 3806 1752 3870 venerationes
1767 3826 1847 3887 quas
1861 3807 1985 3872 Christo

1236 3902 1383 3966 exhibere
1402 3911 1558 3984 tenemur,
1573 3910 1797 3980 persolvamus
1810 3909 1983 3976 alacriter,

1235 4001 1265 4062 id
1282 4010 1329 4064 est
1344 4002 1495 4064 vivaciter
1509 4011 1541 4064 θῖ
1554 4002 1983 4084 jucunde,quemadmodum

432 4109 540 4162 menta
555 4099 701 4179 alacrius,
719 4100 923 4179 constantius,
941 4101 1114 4164 ferventius
1135 4112 1180 4167 to
1235 4103 1385 4184 scriptum
1403 4102 1497 4164 estin
1512 4101 1635 4165 Psalmo
1654 4126 1660 4163 :
1678 4102 1886 4166 Exsultabuut
1900 4104 1983 4165 labia
2001 4124 2114 4169 ranan.

432 4198 568 4277 lerastiS,
588 4203 846 4277 consessoresque
869 4202 986 4270 lucidi,
1007 4200 1036 4262 id
1063 4210 1112 4263 est
1132 4201 1305 4265 lu-Dmea
1333 4219 1431 4281 quum
1467 4208 1635 4263 cantavero
1665 4201 1741 4278 ttbt;
1772 4209 1805 4263 et
1838 4201 1914 4264 item
1949 4202 1982 4263 in

432 4297 519 4359 mine
554 4295 662 4377 glorian
698 4315 783 4358 nunc
819 4296 987 4377 splendidi,
1025 4308 1057 4361 et
1091 4308 1179 4364 tanto
1234 4299 1455 4361 Ecclesiastico
1474 4299 1802 4363 habeturzbaudabit
1822 4319 1922 4382 usque
1943 4302 1982 4364 ad
2001 4305 2128 4374 acerram

433 4394 601 4457 lucidiores
632 4403 750 4475 quanto
781 4396 813 4456 in
846 4396 906 4458 isto
936 4396 1044 4459 exsilio
1074 4398 1178 4461 fuistis
1234 4407 1368 4460 mortem
1385 4397 1768 4460 animameaDominum.
1787 4398 1837 4461 Sic
1853 4400 1983 4462 demum
2127 4381 2128 4476 i

431 4496 463 4555 in
486 4493 725 4555 conversatione
746 4492 899 4575 puriores,
921 4496 1176 4578 exemplariorcs,

1234 4504 1264 4557 tc
1278 4495 1382 4558 verbis
1396 4495 1499 4557 cordis
1514 4495 1626 4557 acoris
1642 4495 1858 4576 laudemus‚ut
1874 4514 1936 4560 nou
1952 4506 1983 4559 te

431 4590 648 4674 perfectiores,
666 4594 781 4653 vestris
795 4595 1000 4653 orationibus
1023 4614 1079 4654 nos
1092 4598 1179 4672 serta

1234 4593 1325 4655 lactis
1340 4593 1566 4656 inhonoramus
1583 4601 1613 4655 et
1634 4612 1692 4675 per
1706 4594 1894 4657 omissiones
1909 4613 1984 4675 pec-

432 4692 468 4750 in
488 4691 677 4759 calcatibus,
698 4689 757 4751 hoc
780 4698 839 4767 est,
861 4689 1038 4753 orationum
1059 4699 1179 4755 vestra-

1234 4711 1355 4771 cemus,
1373 4711 1413 4753 nc
1429 4690 1520 4753 nobis
1536 4690 1733 4772 improperes
1752 4715 1758 4752 :
1776 4692 1914 4773 Populus
1929 4692 1982 4756 hic
2000 4716 2114 4762 umus.

432 4807 501 4849 rum
517 4785 630 4850 auxilio
645 4786 810 4869 impetrate
833 4788 924 4851 nobis
940 4797 1054 4851 cuncta
1068 4809 1179 4853 neces·
1235 4789 1325 4852 labiis
1345 4810 1396 4851 me
1415 4790 1559 4866 honorat,
1577 4808 1632 4852 cor
1650 4798 1756 4852 autem
1780 4809 1889 4853 eorum
1913 4792 1983 4855 lon-

430 4885 512 4948 saria
536 4885 574 4947 ad
604 4884 750 4965 salutem,
776 4894 811 4947 ut
835 4886 874 4947 ad
899 4894 1037 4948 vestram
1063 4889 1178 4968 perdu-

1232 4907 1272 4969 ge
1287 4896 1335 4950 est
1354 4907 1372 4949 a
1391 4907 1442 4950 mc
1462 4907 1520 4968 per
1534 4887 1753 4951 inobedientia
1768 4888 1979 4954 aversionem.

430 5002 540 5048 camur
554 4982 747 5047 societatem.
1275 4988 1389 5049 Gloria
1405 4989 1506 5048 Patri
1520 4988 1680 5063 inperito,
1696 4986 1756 5049 hoc
1775 4994 1824 5049 est
1844 5006 1907 5050 non
1928 5007 1984 5067 ge·
2053 4998 2069 5053 t

307 5093 326 5149 5
469 5085 593 5143 Chorus
616 5092 765 5143 sacratas
789 5083 972 5159 virginum,
993 5082 1053 5145 boc
1078 5092 1136 5161 θεῖ,
1158 5103 1177 5147 o

1233 5084 1298 5147 nito
1328 5103 1387 5146 nec
1416 5084 1456 5146 ab
1483 5083 1545 5146 alio
1574 5084 1744 5146 emananti.
1776 5084 1866 5147 Pater
1894 5086 1982 5148 enim

427 5188 473 5259 tu,
498 5199 587 5243 sacra
608 5178 767 5260 virginum
788 5176 951 5258 utriusque
977 5200 1070 5243 sexus
1097 5182 1177 5243 mul-

1232 5202 1251 5245 a
1275 5182 1364 5245 nullo
1388 5190 1437 5244 est
1460 5180 1575 5262 factus,
1598 5201 1658 5244 nec
1684 5190 1820 5263 creatus,
1843 5202 1904 5246 nec
1926 5202 1985 5265 ge-
2125 5261 2126 5276 χ

427 5279 527 5343 titudo
549 5278 691 5341 ordinata
710 5296 746 5339 ac
767 5276 832 5340 Deo
851 5295 936 5340 nunc
961 5278 1104 5360 perfecte
1128 5280 1175 5343 di·
1232 5281 1329 5343 nitus.
1347 5283 1495 5361 ltjasqae
1513 5283 1700 5358 (tripertito,
1716 5289 1777 5344 etc.
2125 5295 2126 5326 r
