4309 6259
538 524 578 571 nn
599 523 689 571 nouis
711 522 844 569 srrarrns
866 518 984 579 sanorr,
1005 520 1180 567 rmcrams
1201 522 1222 568 ι.
1244 540 1285 551 -
1305 522 1376 567 aar.
1398 521 1443 567 ru
1706 500 1766 567 169

214 694 452 759 contrarietatis
466 694 641 772 addiscere,
657 712 752 775 quam
767 698 889 755 tantum
909 692 963 755 do-
979 692 1004 753 A
1019 692 1214 773 operandum
1229 711 1299 773 qnae
1311 691 1363 774 pie
1378 692 1519 755 timendo
1530 690 1762 772 contegenda,

212 802 338 857 ctorem
361 793 572 855 irreverenter
593 810 708 873 negare
726 815 732 853 :
750 790 841 872 cujus
858 798 963 853 temen
1019 790 1067 853 sui
1083 790 1301 873 experimento
1319 790 1433 853 didicit
1447 810 1484 853 ex
1499 790 1619 873 Spiritu
1638 789 1764 868 Sancto,

211 890 301 953 dicta
326 890 360 953 in
385 899 534 973 pmmptu
557 891 749 954 concordare
773 907 837 951 non
860 888 960 951 valeo.
1019 891 1103 970 quod
1127 890 1166 951 de
1189 889 1337 952 omnibus
1362 889 1431 951 istis
1456 888 1621 952 consulere
1640 888 1764 950 debeat.

211 990 311 1053 Porro
333 989 410 1071 quid
431 988 649 1053 rationabilius
671 986 791 1049 dictum
814 994 964 1070 appareat
1019 987 1073 1051 Est
1097 988 1182 1051 enirn
1208 988 1390 1066 consilium,
1413 987 1586 1051 habitualis
1610 986 1766 1069 perfectio

213 1088 430 1165 introducam,
450 1088 526 1150 dum
548 1088 587 1149 de
608 1085 743 1167 singulis
762 1086 855 1149 donis
880 1104 965 1147 seor·
1019 1085 1767 1169 memisaSpirituSanctoimpressa,quah0mo

213 1206 286 1248 sum
303 1186 456 1249 tractabo.
1020 1194 1166 1248 movetur
1179 1186 1218 1247 ad
1233 1187 1429 1267 operandum
1445 1186 1478 1247 in
1493 1185 1640 1247 omnibus
1655 1204 1768 1247 secun-

1019 1284 1096 1347 dum
1110 1283 1256 1345 divinum
1271 1284 1452 1346 consilium.
1470 1284 1557 1347 Dono
1571 1291 1677 1345 autem
1692 1301 1768 1345 con-

418 1438 596 1503 ARTICUI
611 1438 663 1503 ΠΒ
686 1438 752 1501 ΧΠ
1020 1382 1084 1443 silii
1101 1381 1335 1464 superimponit
1348 1381 1484 1463 Spiritus
1499 1382 1633 1444 Sanctus
1648 1381 1767 1443 donum

596 1476 608 1501 ³
756 1486 763 1499 ·
1021 1482 1204 1540 intellectus
1227 1502 1239 1539 .·
1263 1488 1418 1561 quatenus
1446 1487 1517 1560 post
1544 1478 1768 1561 praedictorum

213 1592 264 1649 Dc
283 1588 483 1647 connexione
504 1606 541 1645 ac
559 1587 770 1645 distinctione
790 1588 964 1655 cleriorum,
1021 1576 1249 1658 perfectionem
1261 1578 1416 1639 donorum
1432 1576 1589 1657 intelligat
1600 1576 1696 1639 bomo
1711 1595 1768 1637 cur

392 1678 570 1735 secundum
589 1678 791 1735 flaccianum.
1021 1675 1087 1737 haec
1103 1683 1134 1736 et
1155 1674 1218 1737 alia
1239 1674 1311 1737 fieri
1334 1674 1482 1752 debe-ant,
1498 1675 1678 1755 quodquea
1700 1674 1768 1737 solo

1021 1774 1085 1835 lieo
1099 1773 1386 1835 remunerationem
1402 1780 1561 1855 exspectet
1572 1781 1604 1834 et
1617 1771 1766 1855 accipiat.

288 1871 459 1935 NSELllUS
482 1878 631 1953 praeterea
652 1871 691 1933 de
713 1870 805 1933 donis
829 1870 859 1931 iu
883 1869 964 1932 libro
980 1872 1003 1933 B
1021 1870 1181 1933 Postremo
1201 1870 1360 1952 predictis
1381 1870 1474 1933 donis
1493 1871 1769 1953 superaccumulat

301 1971 340 2033 de
364 1968 634 2032 similitudinibus
658 1968 790 2049 loquens
817 1992 824 2030 :
848 1968 964 2031 Horum
1020 1970 1155 2050 Spiritus
1177 1970 1310 2031 Sanctus
1330 1970 1449 2032 donum
1471 1972 1639 2045 sapientie
1661 1990 1673 2028 .·
1693 1988 1770 2050 qua-

213 2067 349 2149 (inquit)
364 2069 519 2130 donorum
536 2065 674 2149 primum
689 2074 737 2128 est
753 2066 967 2129 (tmorliomi-
1022 2075 1114 2129 tenus
1135 2068 1218 2147 quod
1240 2068 1324 2129 douo
1344 2067 1524 2130 intellectus
1546 2075 1630 2129 recte
1653 2085 1769 2148 cogno

214 2166 251 2227 ni
276 2174 423 2247 tanquam
447 2162 688 2227 laudamentum
710 2164 856 2227 aliorum.
877 2164 965 2227 llunc
1022 2165 1094 2242 scit,
1124 2164 1203 2226 illud
1232 2165 1291 2227 sibi
1321 2166 1405 2228 douo
1433 2165 1596 2247 sapientiae
1624 2165 1768 2247 sapidum

212 2265 305 2326 enim
330 2263 466 2345 Spiritus
489 2264 623 2325 Sanctus
647 2262 680 2324 in
709 2282 821 2344 campo
851 2262 966 2325 mentis
1022 2272 1116 2345 atque
1140 2263 1358 2326 dulcissimum
1383 2263 1452 2340 fiat,
1478 2282 1514 2326 ac
1539 2282 1595 2344 per
1617 2263 1677 2326 boc
1702 2264 1770 2326 solo

213 2362 383 2443 supponit,
403 2370 498 2443 atque
522 2361 583 2423 alia
607 2362 690 2424 dona
715 2361 747 2423 in
773 2380 830 2423 suo
854 2361 965 2425 ordine
1022 2361 1178 2443 equitatis
1202 2380 1309 2423 amore
1333 2370 1482 2442 sequatur
1506 2361 1590 2441 quod
1619 2360 1770 2441 iutelligit

213 2460 308 2523 velut
342 2460 374 2521 in
409 2458 549 2521 aedificio
584 2458 827 2541 superimponit.
862 2458 966 2521 Primo
1023 2460 1220 2522 sectandum.
1242 2459 1310 2522 Non
1335 2460 1433 2537 enim,
1455 2467 1489 2521 ut
1512 2459 1601 2540 Hugo
1625 2467 1767 2537 testatur,

214 2576 357 2639 nemque
386 2556 522 2639 Spiritus
552 2556 685 2619 Sanctus
714 2565 855 2619 metuere
890 2555 967 2619 facit
1024 2557 1201 2641 perfectum
1216 2556 1294 2620 facit
1308 2558 1448 2637 cognitio
1469 2557 1623 2635 veritatis,
1639 2557 1703 2619 nisi
1718 2576 1770 2621 co

214 2654 438 2717 hominemne
461 2673 532 2717 cum
555 2654 752 2716 demonibus
772 2662 964 2735 torqueatur.
1025 2656 1155 2717 mitetur
1178 2656 1290 2719 notitia
1315 2673 1464 2737 saporosa
1488 2674 1544 2717 seu
1571 2656 1769 2737 experimen-

214 2752 299 2815 lluic
321 2752 458 2834 denique
481 2750 586 2814 timori
610 2752 745 2833 Spiritus
761 2752 894 2813 Sanctus
910 2752 969 2813 im·
1024 2754 1096 2815 talis
1122 2777 1129 2815 :
1154 2754 1304 2835 quoniam
1333 2754 1527 2835 experientia
1550 2753 1769 2834 intelligentia

215 2851 357 2913 mediate
372 2850 604 2932 superimponit
617 2850 864 2926 preterendum
881 2870 969 2913 men·
1024 2861 1125 2915 exstat
1139 2852 1300 2933 magistra.

216 2950 242 3010 ti
272 2948 377 3011 taliter
395 2947 592 3027 formidanti,
615 2947 663 3009 sui
686 2948 786 3031 ipsius
807 2968 844 3011 ac
865 2950 969 3031 proxi·
1064 2950 1115 3011 ‚lit
1138 2969 1265 3031 quoque
1288 2950 1455 3011 Anselmus
1479 2950 1546 3013 baec
1569 2950 1633 3013 duo
1657 2950 1770 3013 ultima

217 3066 345 3110 morum
381 3047 635 3128 compassionem
666 3046 817 3127 adspirat,
847 3066 883 3109 ac
916 3047 1119 3128 pichoua‚
1136 3048 1284 3110 videlieet
1305 3048 1498 3110 intellectum
1514 3055 1546 3109 et
1567 3048 1768 3130 sapientiam,

217 3144 362 3207 recolere
386 3144 463 3207 facit
486 3164 581 3225 quam
607 3144 721 3206 misera
745 3144 804 3206 erit
829 3144 854 3205 si
880 3164 969 3226 sepa·
1024 3147 1063 3209 ad
1089 3147 1187 3209 vitam
1211 3147 1370 3229 pertinere
1394 3145 1686 3228 contemplativam,
1708 3146 1771 3209 alia

217 3242 673 3323 returaDeotorqueaturque
689 3240 721 3303 in
737 3240 968 3305 infernob'ude
1026 3264 1100 3307 vero
1128 3245 1269 3326 quinque
1297 3246 1336 3306 ad
1365 3244 1462 3306 vitam
1491 3244 1627 3307 activam
1654 3268 1660 3306 :
1686 3245 1770 3325 quod

45 3387 78 3415 ,c
95 3374 116 3413 ,χ
133 3382 197 3418 m,
218 3340 254 3401 in
270 3339 494 3403 Ecclesiastico
510 3338 660 3401 scribitur
673 3362 680 3400 ι
693 3338 839 3401 lliserere
854 3338 968 3401 animae
1025 3344 1162 3425 qualiter
1177 3344 1276 3425 possit
1291 3342 1419 3421 salvari,
1436 3343 1468 3404 in
1485 3343 1691 3424 sequentibus
1705 3343 1772 3404 elu-

190 3525 198 3536 '
218 3448 285 3501 tuae
307 3438 435 3520 placens
449 3438 533 3517 Deo;
549 3445 581 3499 et
602 3436 635 3499 in
650 3436 829 3500 Proverbiis
847 3462 853 3499 :
870 3438 969 3499 Rene·
1025 3450 1140 3503 cescet.
1158 3441 1249 3503 Plura
1265 3441 1350 3502 enim
1373 3440 1458 3502 circa
1473 3441 1701 3522 praeinductam
1717 3460 1772 3523 po

101 3528 151 3546 ”
218 3536 301 3599 facit
321 3536 434 3598 animae
456 3555 521 3599 sum
542 3536 592 3598 vir
613 3535 805 3597 misericors.
823 3536 968 3598 Rationa-
1025 3538 1172 3600 sitionem
1185 3538 1324 3600 anselmi
1340 3538 1437 3600 dubia
1453 3537 1537 3619 tangi
1554 3547 1771 3621 possentque

217 3636 330 3697 biliter
357 3653 431 3716 ergo
458 3654 477 3697 a
504 3634 588 3698 dono
624 3634 746 3697 timoris
781 3635 820 3697 ad
848 3635 966 3697 douram
1026 3654 1167 3717 corrgruo
1194 3637 1234 3715 (si
1263 3635 1414 3698 Dominus
1442 3636 1577 3715 dederit)
1606 3637 1676 3699 loco
1710 3636 1772 3699 sol-

216 3733 349 3815 pietatis
369 3733 562 3795 ascenditur.
585 3733 673 3795 liono
694 3750 819 3813 quoque
842 3733 967 3813 pietatis
1026 3742 1149 3796 ventur.

216 3830 453 3913 superimponit
468 3830 604 3912 Spiritus
620 3830 753 3891 Sanctus
774 3830 892 3893 donum
908 3833 967 3890 sct—
1064 3834 1171 3913 ltaque
1194 3832 1226 3893 in
1249 3832 1309 3895 isto
1330 3832 1446 3893 mentis
1465 3832 1604 3897 aedificio
1624 3834 1667 3895 ita
1687 3853 1776 3917 com-⁴

213 3932 329 3997 entiae,
353 3929 428 3990 dum
455 3946 543 3989 mens
567 3928 613 3989 sic
643 3927 703 3990 sibi
734 3928 846 3990 metuit
874 3937 968 4009 atque
1025 3931 1128 4012 posito
1150 3930 1286 4013 Spiritus
1308 3932 1441 3992 Sanctus
1463 3930 1590 4010 residet,
1612 3939 1772 4013 totamque

214 4026 422 4108 compatitur,
438 4034 473 4088 ut
486 4026 622 4108 qualiter
637 4025 751 4088 salvari
767 4034 862 4108 queat
881 4046 968 4089 scru-
1025 4029 1186 4091 interioris
1206 4030 1319 4091 domus
1341 4028 1508 4107 familiam,
1525 4029 1556 4090 id
1579 4038 1627 4091 est
1646 4030 1772 4092 nniver-

213 4133 314 4200 tctur,
344 4124 436 4205 cique
465 4123 601 4207 Spiritus
629 4125 762 4186 Sanctus
790 4124 886 4205 hujus
922 4126 965 4187 rei
1024 4146 1074 4189 sos
1102 4127 1216 4188 animae
1237 4146 1350 4187 sensus
1371 4134 1465 4207 atque
1487 4126 1635 4204 affectuS,
1658 4126 1773 4208 guber-

214 4222 433 4303 cognitionem
457 4222 598 4303 largitur.
623 4223 710 4285 liono
734 4231 839 4285 autem
865 4223 967 4285 scien·
984 4230 1090 4301 linat,
1116 4226 1210 4286 etad
1235 4244 1328 4285 suum
1353 4224 1494 4306 disponit
1520 4225 1708 4306 obsequium
1734 4246 1771 4289 ac

213 4320 270 4383 tiae
286 4320 517 4402 superimponit
532 4320 668 4401 Spiritus
688 4320 830 4383 veritatis
846 4322 878 4383 iu
893 4322 968 4384 aedi-
1023 4321 1166 4384 debitum
1192 4322 1303 4383 finem.
1330 4321 1445 4403 Sicque
1474 4321 1581 4383 anima
1609 4323 1663 4384 Dei
1694 4332 1772 4385 tem-

213 4418 297 4481 ficio
311 4418 426 4480 mentis
441 4419 560 4480 donum
574 4422 788 4496 fortitudinis
797 4442 808 4479 .·
816 4420 966 4501 quoniam
1024 4422 1111 4503 plum
1128 4420 1255 4496 effecta,
1273 4419 1403 4481 verbum
1419 4419 1559 4501 Apostoli
1577 4419 1699 4501 implet.
1715 4421 1768 4500 qui

212 4534 316 4595 quum
347 4534 435 4577 mens
465 4516 580 4598 pavida
608 4516 709 4594 timet,
740 4524 770 4579 et
799 4518 860 4579 sibi
893 4537 964 4580 nrox
1023 4518 1856 4581 ait:Omniabonesteacsecundumordinemrcor.
1874 4550 1917 4587 m,

212 4614 460 4695 condolet,quid
477 4614 571 4677 etiam
587 4616 744 4696 agendum
762 4616 803 4677 sit
820 4635 966 4697 recogno·
1023 4616 1104 4679 fiant
1129 4617 1161 4677 in
1185 4615 1287 4679 vobis,
1308 4615 1385 4677 Nam
1412 4616 1444 4676 in
1469 4616 1529 4678 boc
1548 4616 1690 4678 omnium
1716 4636 1771 4679 eu·
1785 4604 1819 4644 ⁴⁰·

212 4712 291 4789 scit,
311 4732 440 4775 necesse
464 4720 512 4775 est
537 4721 570 4775 ut
593 4714 676 4776 douo
702 4714 837 4796 Spiritus
859 4715 964 4777 Sancti
1023 4716 1103 4777 tium
1127 4721 1250 4777 constat
1274 4713 1439 4796 perfectio,
1466 4722 1500 4775 ut
1522 4716 1770 4796 unumquodque

212 4809 472 4872 reddaturfortis
491 4811 529 4872 ad
549 4811 745 4892 operandum
765 4831 834 4893 quae
854 4812 963 4874 didicit
1022 4813 1166 4875 ordinem
1196 4812 1257 4874 sibi
1286 4811 1452 4894 praefixum
1480 4810 1639 4889 observet,
1665 4822 1696 4875 et
1723 4834 1772 4875 se-

213 4908 375 4989 etquibus
390 4927 423 4970 se
436 4926 528 4989 posse
540 4908 655 4970 salvari
670 4910 965 4973 confiditScientia
1022 4910 1161 4971 cundum
1182 4910 1372 4989 exigentiam
1392 4906 1469 4969 finis
1489 4908 1550 4969 sibi
1572 4909 1672 4972 aDeo
1691 4930 1770 4991 prae

214 5024 355 5085 namque
378 5006 447 5069 siue
471 5005 583 5068 idonea
607 5014 700 5088 atque
724 5008 873 5070 laudabili
889 5010 965 5070 'vita
1022 5007 1124 5070 stitnti
1148 5008 1180 5069 in
1203 5006 1351 5069 omuibus
1373 5015 1455 5087 agat.
1472 5006 1570 5086 Unde,
1593 5008 1768 5070 secundum

214 5103 265 5165 nil
292 5104 427 5184 prodest,
449 5106 504 5166 sed
528 5104 627 5167 obest.
650 5104 743 5167 Porro
767 5106 850 5168 douo
876 5106 964 5168 forti·
1020 5106 1217 5186 Dionysium,
1234 5124 1292 5166 nec
1311 5104 1387 5186 ipsae
1401 5104 1554 5185 angelicae
1576 5114 1697 5167 mentes
1712 5106 1769 5167 ali·
1796 5125 1916 5169 necarat.

215 5200 341 5265 tudinis
355 5201 587 5284 superimponit
602 5201 737 5285 Spiritus
758 5204 876 5267 donum
892 5226 964 5265 con·
1020 5203 1097 5285 quid
1112 5203 1241 5284 aggredi
1258 5204 1306 5264 vel
1322 5222 1415 5284 agere
1430 5203 1558 5279 audent,
1574 5202 1637 5265 nisi
1653 5204 1736 5266 sicut
1749 5224 1768 5267 a
1783 5190 1866 5233 ΝΜ
1878 5203 1914 5240 ¹¹¹³

1782 5256 1809 5295 de
1844 5250 1914 5294 bivin.

214 5301 294 5360 citit
308 5321 320 5359 .·
333 5300 404 5381 quia
425 5301 502 5363 dum
524 5320 623 5387 mens
637 5301 720 5364 facta
742 5309 789 5365 est
811 5302 901 5367 fortis
924 5305 963 5366 ad
1021 5304 1084 5365 lieo
1099 5301 1146 5363 eis
1160 5300 1328 5383 praefixum
1343 5307 1550 5383 cognoscunt.
1782 5325 1908 5359 aenaea.
