<?xml version="1.0" encoding="UTF-8"?>
<!DOCTYPE html PUBLIC "-//W3C//DTD XHTML 1.0 Transitional//EN"
    "http://www.w3.org/TR/xhtml1/DTD/xhtml1-transitional.dtd">
<html xmlns="http://www.w3.org/1999/xhtml" xml:lang="en" lang="en">
 <head>
  <title>
</title>
<meta http-equiv="Content-Type" content="text/html;charset=utf-8" />
  <meta name='ocr-system' content='tesseract 3.04.00' />
  <meta name='ocr-capabilities' content='ocr_page ocr_carea ocr_par ocr_line ocrx_word'/>
</head>
<body>
  <div class='ocr_page' id='page_1' title='image "./doctorisecstati02unkngoog/doctorisecstati02unkngoog_0493.png"; bbox 0 0 4309 6259; ppageno 0'>
   <div class='ocr_carea' id='block_1_1' title="bbox 444 498 1714 565">
    <p class='ocr_par' dir='ltr' id='par_1_1' title="bbox 444 498 1714 565">
     <span class='ocr_line' id='line_1_1' title="bbox 444 498 1714 565; baseline 0.002 -2"><span class='ocrx_word' id='word_1_1' title='bbox 444 514 486 563; x_wconf 82' lang='lat' dir='ltr'>ur</span> <span class='ocrx_word' id='word_1_2' title='bbox 506 514 710 563; x_wconf 73' lang='lat' dir='ltr'>murmurare</span> <span class='ocrx_word' id='word_1_3' title='bbox 730 512 941 561; x_wconf 68' lang='lat' dir='ltr'>mensuraria</span> <span class='ocrx_word' id='word_1_4' title='bbox 962 514 1119 563; x_wconf 82' lang='lat' dir='ltr'>srauouns</span> <span class='ocrx_word' id='word_1_5' title='bbox 1142 515 1209 563; x_wconf 81' lang='lat' dir='ltr'>sax.</span> <span class='ocrx_word' id='word_1_6' title='bbox 1225 535 1265 550; x_wconf 89' lang='lat'>--</span> <span class='ocrx_word' id='word_1_7' title='bbox 1286 516 1384 565; x_wconf 74' lang='lat' dir='ltr'>sunno</span> <span class='ocrx_word' id='word_1_8' title='bbox 1403 518 1436 564; x_wconf 86' lang='lat' dir='ltr'>rr</span> <span class='ocrx_word' id='word_1_9' title='bbox 1655 498 1714 565; x_wconf 76' lang='lat' dir='ltr'>lib</span> 
     </span>
    </p>
   </div>
   <div class='ocr_carea' id='block_1_2' title="bbox 49 684 1866 5284">
    <p class='ocr_par' dir='ltr' id='par_1_2' title="bbox 49 684 1866 5284">
     <span class='ocr_line' id='line_1_2' title="bbox 209 684 1716 774; baseline -0.003 -26"><span class='ocrx_word' id='word_1_10' title='bbox 209 684 312 750; x_wconf 87' lang='lat' dir='ltr'>Primo</span> <span class='ocrx_word' id='word_1_11' title='bbox 336 685 370 748; x_wconf 92' lang='lat' dir='ltr'>in</span> <span class='ocrx_word' id='word_1_12' title='bbox 394 686 454 749; x_wconf 91' lang='lat' dir='ltr'>hoc</span> <span class='ocrx_word' id='word_1_13' title='bbox 478 686 564 768; x_wconf 90' lang='lat' dir='ltr'>quod</span> <span class='ocrx_word' id='word_1_14' title='bbox 589 694 730 749; x_wconf 84' lang='lat' dir='ltr'>nostram</span> <span class='ocrx_word' id='word_1_15' title='bbox 753 693 910 763; x_wconf 90' lang='lat' dir='ltr'>naturam,</span> <span class='ocrx_word' id='word_1_16' title='bbox 927 684 1001 749; x_wconf 77' lang='lat' dir='ltr'>Aet</span> <span class='ocrx_word' id='word_1_17' title='bbox 1014 686 1236 769; x_wconf 77' lang='lat' dir='ltr'><strong>exemplariter</strong></span> <span class='ocrx_word' id='word_1_18' title='bbox 1250 688 1333 751; x_wconf 88' lang='lat' dir='ltr'>inter</span> <span class='ocrx_word' id='word_1_19' title='bbox 1346 689 1716 774; x_wconf 72' lang='lat' dir='ltr'>hominesconversatus?</span> 
     </span>
     <span class='ocr_line' id='line_1_3' title="bbox 171 784 1716 869; baseline 0.002 -22"><span class='ocrx_word' id='word_1_20' title='bbox 171 803 276 847; x_wconf 87' lang='lat' dir='ltr'>veram</span> <span class='ocrx_word' id='word_1_21' title='bbox 296 784 537 865; x_wconf 88' lang='lat' dir='ltr'>humanitatem,</span> <span class='ocrx_word' id='word_1_22' title='bbox 553 804 617 848; x_wconf 73' lang='lat' dir='ltr'>suaa</span> <span class='ocrx_word' id='word_1_23' title='bbox 641 785 756 848; x_wconf 79' lang='lat' dir='ltr'>divinar</span> <span class='ocrx_word' id='word_1_24' title='bbox 779 785 914 866; x_wconf 88' lang='lat' dir='ltr'>conjun·</span> <span class='ocrx_word' id='word_1_25' title='bbox 968 792 1016 847; x_wconf 92' lang='lat' dir='ltr'>est</span> <span class='ocrx_word' id='word_1_26' title='bbox 1031 784 1063 847; x_wconf 94' lang='lat' dir='ltr'>in</span> <span class='ocrx_word' id='word_1_27' title='bbox 1079 786 1167 848; x_wconf 95' lang='lat' dir='ltr'>omni</span> <span class='ocrx_word' id='word_1_28' title='bbox 1182 795 1378 869; x_wconf 85' lang='lat' dir='ltr'>paupertate,</span> <span class='ocrx_word' id='word_1_29' title='bbox 1395 787 1643 869; x_wconf 89' lang='lat' dir='ltr'>profundissima</span> <span class='ocrx_word' id='word_1_30' title='bbox 1658 787 1716 850; x_wconf 87' lang='lat' dir='ltr'>bu-</span> 
     </span>
     <span class='ocr_line' id='line_1_4' title="bbox 170 882 1715 969; baseline 0.003 -26"><span class='ocrx_word' id='word_1_31' title='bbox 170 882 214 944; x_wconf 83' lang='lat' dir='ltr'>xit</span> <span class='ocrx_word' id='word_1_32' title='bbox 234 890 364 960; x_wconf 79' lang='lat' dir='ltr'>naturae,</span> <span class='ocrx_word' id='word_1_33' title='bbox 381 883 540 963; x_wconf 88' lang='lat' dir='ltr'>personali</span> <span class='ocrx_word' id='word_1_34' title='bbox 563 892 596 946; x_wconf 89' lang='lat' dir='ltr'>et</span> <span class='ocrx_word' id='word_1_35' title='bbox 616 883 758 964; x_wconf 83' lang='lat' dir='ltr'>proxima</span> <span class='ocrx_word' id='word_1_36' title='bbox 783 882 911 960; x_wconf 90' lang='lat' dir='ltr'>unione,</span> <span class='ocrx_word' id='word_1_37' title='bbox 967 882 1113 961; x_wconf 90' lang='lat' dir='ltr'>militate,</span> <span class='ocrx_word' id='word_1_38' title='bbox 1142 883 1327 948; x_wconf 89' lang='lat' dir='ltr'>firmissima</span> <span class='ocrx_word' id='word_1_39' title='bbox 1361 886 1524 969; x_wconf 89' lang='lat' dir='ltr'>patientia,</span> <span class='ocrx_word' id='word_1_40' title='bbox 1558 885 1715 950; x_wconf 86' lang='lat' dir='ltr'>immobili</span> 
     </span>
     <span class='ocr_line' id='line_1_5' title="bbox 170 980 1491 1064; baseline 0.004 -22"><span class='ocrx_word' id='word_1_41' title='bbox 170 981 230 1043; x_wconf 91' lang='lat' dir='ltr'>boc</span> <span class='ocrx_word' id='word_1_42' title='bbox 243 988 293 1043; x_wconf 89' lang='lat' dir='ltr'>est</span> <span class='ocrx_word' id='word_1_43' title='bbox 310 980 343 1043; x_wconf 92' lang='lat' dir='ltr'>in</span> <span class='ocrx_word' id='word_1_44' title='bbox 363 981 485 1044; x_wconf 87' lang='lat' dir='ltr'>unitate</span> <span class='ocrx_word' id='word_1_45' title='bbox 500 1000 654 1063; x_wconf 71' lang='lat' dir='ltr'>personas,</span> <span class='ocrx_word' id='word_1_46' title='bbox 671 981 717 1044; x_wconf 91' lang='lat' dir='ltr'>sic</span> <span class='ocrx_word' id='word_1_47' title='bbox 736 982 822 1062; x_wconf 94' lang='lat' dir='ltr'>quod</span> <span class='ocrx_word' id='word_1_48' title='bbox 844 980 913 1062; x_wconf 92' lang='lat' dir='ltr'>ipse</span> <span class='ocrx_word' id='word_1_49' title='bbox 967 981 1115 1061; x_wconf 89' lang='lat' dir='ltr'>mititate,</span> <span class='ocrx_word' id='word_1_50' title='bbox 1131 982 1319 1064; x_wconf 91' lang='lat' dir='ltr'>plenissima</span> <span class='ocrx_word' id='word_1_51' title='bbox 1341 985 1491 1048; x_wconf 88' lang='lat' dir='ltr'>caritatet</span> 
     </span>
     <span class='ocr_line' id='line_1_6' title="bbox 49 1078 1716 1162; baseline 0.005 -28"><span class='ocrx_word' id='word_1_52' title='bbox 49 1092 157 1143; x_wconf 57' lang='lat' dir='ltr'>amas.</span> <span class='ocrx_word' id='word_1_53' title='bbox 171 1079 259 1141; x_wconf 87' lang='lat' dir='ltr'>lesus</span> <span class='ocrx_word' id='word_1_54' title='bbox 281 1078 432 1157; x_wconf 78' lang='lat' dir='ltr'>Christus,</span> <span class='ocrx_word' id='word_1_55' title='bbox 454 1098 590 1161; x_wconf 91' lang='lat' dir='ltr'>sponsus</span> <span class='ocrx_word' id='word_1_56' title='bbox 612 1080 775 1160; x_wconf 83' lang='lat' dir='ltr'>Ecclesiae,</span> <span class='ocrx_word' id='word_1_57' title='bbox 791 1078 914 1162; x_wconf 91' lang='lat' dir='ltr'>specio·</span> <span class='ocrx_word' id='word_1_58' title='bbox 1009 1079 1125 1159; x_wconf 82' lang='lat' dir='ltr'>Tertio,</span> <span class='ocrx_word' id='word_1_59' title='bbox 1141 1081 1281 1143; x_wconf 87' lang='lat' dir='ltr'>ostendit</span> <span class='ocrx_word' id='word_1_60' title='bbox 1298 1082 1391 1145; x_wconf 91' lang='lat' dir='ltr'>nobis</span> <span class='ocrx_word' id='word_1_61' title='bbox 1411 1102 1501 1146; x_wconf 91' lang='lat' dir='ltr'>suam</span> <span class='ocrx_word' id='word_1_62' title='bbox 1517 1082 1716 1147; x_wconf 81' lang='lat' dir='ltr'>excellentis-</span> 
     </span>
     <span class='ocr_line' id='line_1_7' title="bbox 172 1175 1829 1258; baseline 0.002 -19"><span class='ocrx_word' id='word_1_63' title='bbox 172 1196 223 1239; x_wconf 92' lang='lat' dir='ltr'>sus</span> <span class='ocrx_word' id='word_1_64' title='bbox 242 1177 343 1239; x_wconf 90' lang='lat' dir='ltr'>forma</span> <span class='ocrx_word' id='word_1_65' title='bbox 365 1195 429 1258; x_wconf 80' lang='lat' dir='ltr'>praa</span> <span class='ocrx_word' id='word_1_66' title='bbox 451 1176 530 1239; x_wconf 90' lang='lat' dir='ltr'>filiis</span> <span class='ocrx_word' id='word_1_67' title='bbox 553 1178 731 1257; x_wconf 92' lang='lat' dir='ltr'>hominum,</span> <span class='ocrx_word' id='word_1_68' title='bbox 747 1176 913 1240; x_wconf 90' lang='lat' dir='ltr'>verissime</span> <span class='ocrx_word' id='word_1_69' title='bbox 968 1175 1082 1239; x_wconf 85' lang='lat' dir='ltr'>simam</span> <span class='ocrx_word' id='word_1_70' title='bbox 1096 1178 1270 1258; x_wconf 89' lang='lat' dir='ltr'>caritatem,</span> <span class='ocrx_word' id='word_1_71' title='bbox 1288 1179 1482 1244; x_wconf 90' lang='lat' dir='ltr'>instituendo</span> <span class='ocrx_word' id='word_1_72' title='bbox 1498 1180 1530 1242; x_wconf 95' lang='lat' dir='ltr'>in</span> <span class='ocrx_word' id='word_1_73' title='bbox 1546 1199 1637 1243; x_wconf 88' lang='lat' dir='ltr'>coena</span> <span class='ocrx_word' id='word_1_74' title='bbox 1660 1198 1716 1243; x_wconf 95' lang='lat' dir='ltr'>no-</span> <span class='ocrx_word' id='word_1_75' title='bbox 1741 1205 1829 1251; x_wconf 62' lang='lat' dir='ltr'>uota.</span> 
     </span>
     <span class='ocr_line' id='line_1_8' title="bbox 49 1270 1860 1373; baseline 0.005 -42"><span class='ocrx_word' id='word_1_76' title='bbox 49 1287 156 1338; x_wconf 64' lang='lat' dir='ltr'>mara.</span> <span class='ocrx_word' id='word_1_77' title='bbox 170 1274 274 1337; x_wconf 84' lang='lat' dir='ltr'>factus</span> <span class='ocrx_word' id='word_1_78' title='bbox 290 1282 339 1337; x_wconf 90' lang='lat' dir='ltr'>est</span> <span class='ocrx_word' id='word_1_79' title='bbox 355 1275 464 1352; x_wconf 91' lang='lat' dir='ltr'>bomo,</span> <span class='ocrx_word' id='word_1_80' title='bbox 480 1275 710 1338; x_wconf 79' lang='lat' dir='ltr'>invariabiliter</span> <span class='ocrx_word' id='word_1_81' title='bbox 723 1294 914 1357; x_wconf 91' lang='lat' dir='ltr'>permaneus</span> <span class='ocrx_word' id='word_1_82' title='bbox 969 1274 1101 1337; x_wconf 89' lang='lat' dir='ltr'>vissima</span> <span class='ocrx_word' id='word_1_83' title='bbox 1119 1275 1344 1357; x_wconf 88' lang='lat' dir='ltr'>dignissimum</span> <span class='ocrx_word' id='word_1_84' title='bbox 1359 1277 1408 1339; x_wconf 91' lang='lat' dir='ltr'>sui</span> <span class='ocrx_word' id='word_1_85' title='bbox 1423 1278 1565 1359; x_wconf 91' lang='lat' dir='ltr'>corporis</span> <span class='ocrx_word' id='word_1_86' title='bbox 1586 1297 1623 1341; x_wconf 89' lang='lat' dir='ltr'>ac</span> <span class='ocrx_word' id='word_1_87' title='bbox 1645 1297 1716 1340; x_wconf 91' lang='lat' dir='ltr'>san·</span> <span class='ocrx_word' id='word_1_88' title='bbox 1729 1270 1860 1373; x_wconf 58' lang='grc' dir='ltr'>ῗ“ἕ“οξ““ζῖ’</span> 
     </span>
     <span class='ocr_line' id='line_1_9' title="bbox 170 1361 1860 1458; baseline 0.001 -25"><span class='ocrx_word' id='word_1_89' title='bbox 170 1372 261 1434; x_wconf 88' lang='lat' dir='ltr'>Deus.</span> <span class='ocrx_word' id='word_1_90' title='bbox 279 1372 394 1453; x_wconf 87' lang='lat' dir='ltr'>Sicque</span> <span class='ocrx_word' id='word_1_91' title='bbox 407 1380 553 1436; x_wconf 91' lang='lat' dir='ltr'>naturam</span> <span class='ocrx_word' id='word_1_92' title='bbox 568 1381 709 1437; x_wconf 91' lang='lat' dir='ltr'>nostram</span> <span class='ocrx_word' id='word_1_93' title='bbox 729 1373 789 1436; x_wconf 89' lang='lat' dir='ltr'>sibi</span> <span class='ocrx_word' id='word_1_94' title='bbox 810 1372 914 1436; x_wconf 84' lang='lat' dir='ltr'>univit</span> <span class='ocrx_word' id='word_1_95' title='bbox 968 1373 1075 1454; x_wconf 90' lang='lat' dir='ltr'>guinis</span> <span class='ocrx_word' id='word_1_96' title='bbox 1090 1375 1340 1455; x_wconf 78' lang='lat' dir='ltr'>Sacramentum,</span> <span class='ocrx_word' id='word_1_97' title='bbox 1359 1376 1391 1437; x_wconf 92' lang='lat' dir='ltr'>in</span> <span class='ocrx_word' id='word_1_98' title='bbox 1406 1394 1469 1458; x_wconf 94' lang='lat' dir='ltr'>quo</span> <span class='ocrx_word' id='word_1_99' title='bbox 1484 1386 1559 1441; x_wconf 89' lang='lat' dir='ltr'>tunc</span> <span class='ocrx_word' id='word_1_100' title='bbox 1582 1376 1717 1440; x_wconf 91' lang='lat' dir='ltr'>contulit</span> <span class='ocrx_word' id='word_1_101' title='bbox 1730 1394 1805 1436; x_wconf 83' lang='lat' dir='ltr'>ar-as.</span> <span class='ocrx_word' id='word_1_102' title='bbox 1854 1361 1860 1381; x_wconf 86' lang='lat'>’</span> 
     </span>
     <span class='ocr_line' id='line_1_10' title="bbox 171 1470 1718 1555; baseline 0.004 -25"><span class='ocrx_word' id='word_1_103' title='bbox 171 1477 201 1531; x_wconf 92' lang='lat' dir='ltr'>et</span> <span class='ocrx_word' id='word_1_104' title='bbox 218 1470 390 1553; x_wconf 77' lang='lat' dir='ltr'>assumpsit</span> <span class='ocrx_word' id='word_1_105' title='bbox 409 1471 443 1532; x_wconf 94' lang='lat' dir='ltr'>in</span> <span class='ocrx_word' id='word_1_106' title='bbox 462 1490 624 1553; x_wconf 89' lang='lat' dir='ltr'>sponsam,</span> <span class='ocrx_word' id='word_1_107' title='bbox 639 1471 673 1533; x_wconf 95' lang='lat' dir='ltr'>in</span> <span class='ocrx_word' id='word_1_108' title='bbox 695 1479 786 1534; x_wconf 86' lang='lat' dir='ltr'>utero</span> <span class='ocrx_word' id='word_1_109' title='bbox 811 1490 914 1535; x_wconf 90' lang='lat' dir='ltr'>sacra-</span> <span class='ocrx_word' id='word_1_110' title='bbox 970 1479 1001 1533; x_wconf 91' lang='lat' dir='ltr'>et</span> <span class='ocrx_word' id='word_1_111' title='bbox 1014 1472 1155 1553; x_wconf 83' lang='lat' dir='ltr'>quotidie</span> <span class='ocrx_word' id='word_1_112' title='bbox 1170 1474 1295 1536; x_wconf 79' lang='lat' dir='ltr'>confert</span> <span class='ocrx_word' id='word_1_113' title='bbox 1309 1492 1343 1536; x_wconf 86' lang='lat' dir='ltr'>se</span> <span class='ocrx_word' id='word_1_114' title='bbox 1358 1474 1463 1555; x_wconf 92' lang='lat' dir='ltr'>ipsum</span> <span class='ocrx_word' id='word_1_115' title='bbox 1479 1474 1571 1539; x_wconf 91' lang='lat' dir='ltr'>nobis</span> <span class='ocrx_word' id='word_1_116' title='bbox 1585 1474 1619 1536; x_wconf 93' lang='lat' dir='ltr'>in</span> <span class='ocrx_word' id='word_1_117' title='bbox 1635 1474 1718 1537; x_wconf 89' lang='lat' dir='ltr'>salu-</span> 
     </span>
     <span class='ocr_line' id='line_1_11' title="bbox 171 1568 1716 1652; baseline 0.003 -23"><span class='ocrx_word' id='word_1_118' title='bbox 171 1568 299 1631; x_wconf 77' lang='lat' dir='ltr'>tissime</span> <span class='ocrx_word' id='word_1_119' title='bbox 318 1577 412 1650; x_wconf 90' lang='lat' dir='ltr'>atque</span> <span class='ocrx_word' id='word_1_120' title='bbox 431 1570 610 1651; x_wconf 79' lang='lat' dir='ltr'>purissimae</span> <span class='ocrx_word' id='word_1_121' title='bbox 625 1569 775 1652; x_wconf 79' lang='lat' dir='ltr'>Virginis,</span> <span class='ocrx_word' id='word_1_122' title='bbox 790 1571 830 1632; x_wconf 93' lang='lat' dir='ltr'>de</span> <span class='ocrx_word' id='word_1_123' title='bbox 851 1588 913 1650; x_wconf 94' lang='lat' dir='ltr'>qua</span> <span class='ocrx_word' id='word_1_124' title='bbox 969 1568 1143 1633; x_wconf 88' lang='lat' dir='ltr'>berrimum</span> <span class='ocrx_word' id='word_1_125' title='bbox 1158 1570 1335 1634; x_wconf 88' lang='lat' dir='ltr'>animarum</span> <span class='ocrx_word' id='word_1_126' title='bbox 1351 1579 1531 1635; x_wconf 91' lang='lat' dir='ltr'>nostrarum</span> <span class='ocrx_word' id='word_1_127' title='bbox 1551 1571 1657 1635; x_wconf 91' lang='lat' dir='ltr'>cibum</span> <span class='ocrx_word' id='word_1_128' title='bbox 1679 1590 1716 1635; x_wconf 91' lang='lat' dir='ltr'>ac</span> 
     </span>
     <span class='ocr_line' id='line_1_12' title="bbox 49 1665 1718 1753; baseline 0.005 -31"><span class='ocrx_word' id='word_1_129' title='bbox 49 1678 155 1729; x_wconf 61' lang='lat' dir='ltr'>cama.</span> <span class='ocrx_word' id='word_1_130' title='bbox 171 1666 201 1727; x_wconf 94' lang='lat' dir='ltr'>in</span> <span class='ocrx_word' id='word_1_131' title='bbox 235 1665 287 1729; x_wconf 92' lang='lat' dir='ltr'>die</span> <span class='ocrx_word' id='word_1_132' title='bbox 321 1667 493 1729; x_wconf 88' lang='lat' dir='ltr'>nativitatis</span> <span class='ocrx_word' id='word_1_133' title='bbox 520 1687 585 1731; x_wconf 85' lang='lat' dir='ltr'>suae</span> <span class='ocrx_word' id='word_1_134' title='bbox 614 1668 731 1750; x_wconf 91' lang='lat' dir='ltr'>prodiit</span> <span class='ocrx_word' id='word_1_135' title='bbox 762 1676 913 1750; x_wconf 90' lang='lat' dir='ltr'>tanquam</span> <span class='ocrx_word' id='word_1_136' title='bbox 970 1667 1131 1748; x_wconf 90' lang='lat' dir='ltr'>poculum.</span> <span class='ocrx_word' id='word_1_137' title='bbox 1146 1669 1184 1730; x_wconf 87' lang='lat' dir='ltr'>Et</span> <span class='ocrx_word' id='word_1_138' title='bbox 1198 1669 1241 1731; x_wconf 87' lang='lat' dir='ltr'>ita</span> <span class='ocrx_word' id='word_1_139' title='bbox 1255 1669 1287 1731; x_wconf 91' lang='lat' dir='ltr'>in</span> <span class='ocrx_word' id='word_1_140' title='bbox 1303 1669 1362 1732; x_wconf 92' lang='lat' dir='ltr'>boc</span> <span class='ocrx_word' id='word_1_141' title='bbox 1378 1677 1575 1733; x_wconf 89' lang='lat' dir='ltr'>sacramento</span> <span class='ocrx_word' id='word_1_142' title='bbox 1590 1677 1718 1753; x_wconf 82' lang='lat' dir='ltr'>praastat</span> 
     </span>
     <span class='ocr_line' id='line_1_13' title="bbox 170 1766 1718 1851; baseline 0.001 -25"><span class='ocrx_word' id='word_1_143' title='bbox 170 1784 303 1846; x_wconf 89' lang='lat' dir='ltr'>sponsus</span> <span class='ocrx_word' id='word_1_144' title='bbox 317 1766 357 1828; x_wconf 89' lang='lat' dir='ltr'>de</span> <span class='ocrx_word' id='word_1_145' title='bbox 371 1766 510 1829; x_wconf 80' lang='lat' dir='ltr'>thalamo</span> <span class='ocrx_word' id='word_1_146' title='bbox 524 1767 741 1849; x_wconf 80' lang='lat' dir='ltr'>suo,geminae</span> <span class='ocrx_word' id='word_1_147' title='bbox 754 1767 844 1849; x_wconf 84' lang='lat' dir='ltr'>gigas</span> <span class='ocrx_word' id='word_1_148' title='bbox 859 1786 914 1828; x_wconf 86' lang='lat' dir='ltr'>na·</span> <span class='ocrx_word' id='word_1_149' title='bbox 969 1766 1062 1828; x_wconf 93' lang='lat' dir='ltr'>nobis</span> <span class='ocrx_word' id='word_1_150' title='bbox 1087 1785 1121 1828; x_wconf 93' lang='lat' dir='ltr'>se</span> <span class='ocrx_word' id='word_1_151' title='bbox 1145 1766 1261 1847; x_wconf 90' lang='lat' dir='ltr'>ipsum,</span> <span class='ocrx_word' id='word_1_152' title='bbox 1289 1767 1333 1831; x_wconf 87' lang='lat' dir='ltr'>sic</span> <span class='ocrx_word' id='word_1_153' title='bbox 1358 1770 1443 1849; x_wconf 91' lang='lat' dir='ltr'>quod</span> <span class='ocrx_word' id='word_1_154' title='bbox 1467 1768 1536 1851; x_wconf 86' lang='lat' dir='ltr'>ipse</span> <span class='ocrx_word' id='word_1_155' title='bbox 1561 1769 1604 1831; x_wconf 94' lang='lat' dir='ltr'>sit</span> <span class='ocrx_word' id='word_1_156' title='bbox 1626 1769 1718 1831; x_wconf 88' lang='lat' dir='ltr'>dator</span> 
     </span>
     <span class='ocr_line' id='line_1_14' title="bbox 168 1860 1716 1945; baseline 0.003 -21"><span class='ocrx_word' id='word_1_157' title='bbox 168 1863 424 1940; x_wconf 76' lang='lat' dir='ltr'>turra,exsultaus</span> <span class='ocrx_word' id='word_1_158' title='bbox 438 1866 477 1927; x_wconf 92' lang='lat' dir='ltr'>ad</span> <span class='ocrx_word' id='word_1_159' title='bbox 491 1865 735 1945; x_wconf 79' lang='lat' dir='ltr'>percurrendam</span> <span class='ocrx_word' id='word_1_160' title='bbox 746 1865 832 1928; x_wconf 89' lang='lat' dir='ltr'>viam</span> <span class='ocrx_word' id='word_1_161' title='bbox 843 1864 914 1927; x_wconf 78' lang='lat' dir='ltr'>vitae</span> <span class='ocrx_word' id='word_1_162' title='bbox 930 1860 954 1921; x_wconf 90' lang='lat' dir='ltr'>B</span> <span class='ocrx_word' id='word_1_163' title='bbox 970 1870 1001 1924; x_wconf 93' lang='lat' dir='ltr'>et</span> <span class='ocrx_word' id='word_1_164' title='bbox 1019 1864 1149 1940; x_wconf 91' lang='lat' dir='ltr'>donum,</span> <span class='ocrx_word' id='word_1_165' title='bbox 1167 1863 1305 1928; x_wconf 86' lang='lat' dir='ltr'>refector</span> <span class='ocrx_word' id='word_1_166' title='bbox 1318 1874 1350 1927; x_wconf 92' lang='lat' dir='ltr'>et</span> <span class='ocrx_word' id='word_1_167' title='bbox 1364 1866 1464 1943; x_wconf 91' lang='lat' dir='ltr'>cibus,</span> <span class='ocrx_word' id='word_1_168' title='bbox 1481 1866 1642 1942; x_wconf 89' lang='lat' dir='ltr'>invitator,</span> <span class='ocrx_word' id='word_1_169' title='bbox 1661 1866 1716 1929; x_wconf 81' lang='lat' dir='ltr'>ho</span> 
     </span>
     <span class='ocr_line' id='line_1_15' title="bbox 169 1960 1863 2046; baseline 0.004 -23"><span class='ocrx_word' id='word_1_170' title='bbox 169 1980 204 2023; x_wconf 90' lang='lat' dir='ltr'>ac</span> <span class='ocrx_word' id='word_1_171' title='bbox 218 1962 484 2044; x_wconf 80' lang='lat' dir='ltr'>peregrinationis</span> <span class='ocrx_word' id='word_1_172' title='bbox 501 1963 677 2046; x_wconf 79' lang='lat' dir='ltr'>praesentis,</span> <span class='ocrx_word' id='word_1_173' title='bbox 693 1981 858 2043; x_wconf 90' lang='lat' dir='ltr'>quousque</span> <span class='ocrx_word' id='word_1_174' title='bbox 880 1962 913 2023; x_wconf 94' lang='lat' dir='ltr'>in</span> <span class='ocrx_word' id='word_1_175' title='bbox 969 1978 1042 2040; x_wconf 87' lang='lat' dir='ltr'>spes</span> <span class='ocrx_word' id='word_1_176' title='bbox 1066 1980 1103 2023; x_wconf 88' lang='lat' dir='ltr'>ao</span> <span class='ocrx_word' id='word_1_177' title='bbox 1128 1960 1220 2043; x_wconf 93' lang='lat' dir='ltr'>panis</span> <span class='ocrx_word' id='word_1_178' title='bbox 1244 1962 1405 2041; x_wconf 87' lang='lat' dir='ltr'>vivificus,</span> <span class='ocrx_word' id='word_1_179' title='bbox 1431 1982 1548 2025; x_wconf 91' lang='lat' dir='ltr'>manna</span> <span class='ocrx_word' id='word_1_180' title='bbox 1574 1964 1714 2042; x_wconf 88' lang='lat' dir='ltr'>coeleste,</span> <span class='ocrx_word' id='word_1_181' title='bbox 1731 1987 1863 2044; x_wconf 59' lang='lat' dir='ltr'>scantia.</span> 
     </span>
     <span class='ocr_line' id='line_1_16' title="bbox 49 2057 1717 2141; baseline 0.002 -22"><span class='ocrx_word' id='word_1_182' title='bbox 49 2076 156 2131; x_wconf 56' lang='lat' dir='ltr'>racana</span> <span class='ocrx_word' id='word_1_183' title='bbox 169 2078 221 2121; x_wconf 87' lang='lat' dir='ltr'>ara</span> <span class='ocrx_word' id='word_1_184' title='bbox 235 2060 342 2122; x_wconf 87' lang='lat' dir='ltr'>crucis</span> <span class='ocrx_word' id='word_1_185' title='bbox 355 2060 469 2123; x_wconf 90' lang='lat' dir='ltr'>obtulit</span> <span class='ocrx_word' id='word_1_186' title='bbox 491 2061 697 2141; x_wconf 89' lang='lat' dir='ltr'>semetipsum</span> <span class='ocrx_word' id='word_1_187' title='bbox 719 2060 914 2124; x_wconf 86' lang='lat' dir='ltr'>oblationem</span> <span class='ocrx_word' id='word_1_188' title='bbox 969 2057 1090 2121; x_wconf 89' lang='lat' dir='ltr'>babens</span> <span class='ocrx_word' id='word_1_189' title='bbox 1105 2058 1138 2121; x_wconf 92' lang='lat' dir='ltr'>in</span> <span class='ocrx_word' id='word_1_190' title='bbox 1154 2078 1186 2121; x_wconf 92' lang='lat' dir='ltr'>se</span> <span class='ocrx_word' id='word_1_191' title='bbox 1202 2078 1296 2122; x_wconf 90' lang='lat' dir='ltr'>omne</span> <span class='ocrx_word' id='word_1_192' title='bbox 1311 2062 1587 2139; x_wconf 87' lang='lat' dir='ltr'>delectamentum,</span> <span class='ocrx_word' id='word_1_193' title='bbox 1604 2069 1636 2124; x_wconf 92' lang='lat' dir='ltr'>et</span> <span class='ocrx_word' id='word_1_194' title='bbox 1650 2080 1717 2125; x_wconf 93' lang='lat' dir='ltr'>om-</span> 
     </span>
     <span class='ocr_line' id='line_1_17' title="bbox 49 2138 1715 2245; baseline 0.002 -27"><span class='ocrx_word' id='word_1_195' title='bbox 49 2138 349 2245; x_wconf 50' lang='lat' dir='ltr'>,lgl¹¹·¹⁴¹ethostiam</span> <span class='ocrx_word' id='word_1_196' title='bbox 371 2159 434 2221; x_wconf 87' lang='lat' dir='ltr'>Deo</span> <span class='ocrx_word' id='word_1_197' title='bbox 455 2158 549 2238; x_wconf 90' lang='lat' dir='ltr'>Patri,</span> <span class='ocrx_word' id='word_1_198' title='bbox 566 2177 623 2239; x_wconf 93' lang='lat' dir='ltr'>pro</span> <span class='ocrx_word' id='word_1_199' title='bbox 646 2158 862 2240; x_wconf 86' lang='lat' dir='ltr'>redemptione</span> <span class='ocrx_word' id='word_1_200' title='bbox 883 2166 916 2221; x_wconf 93' lang='lat' dir='ltr'>et</span> <span class='ocrx_word' id='word_1_201' title='bbox 969 2156 1019 2218; x_wconf 90' lang='lat' dir='ltr'>uis</span> <span class='ocrx_word' id='word_1_202' title='bbox 1044 2157 1166 2239; x_wconf 92' lang='lat' dir='ltr'>saporis</span> <span class='ocrx_word' id='word_1_203' title='bbox 1196 2158 1395 2223; x_wconf 87' lang='lat' dir='ltr'>suavitatem.</span> <span class='ocrx_word' id='word_1_204' title='bbox 1423 2160 1494 2223; x_wconf 65' lang='lat' dir='ltr'>flacc</span> <span class='ocrx_word' id='word_1_205' title='bbox 1523 2168 1571 2223; x_wconf 93' lang='lat' dir='ltr'>est</span> <span class='ocrx_word' id='word_1_206' title='bbox 1601 2160 1715 2223; x_wconf 86' lang='lat' dir='ltr'>caritas</span> 
     </span>
     <span class='ocr_line' id='line_1_18' title="bbox 169 2255 1717 2340; baseline 0.003 -23"><span class='ocrx_word' id='word_1_207' title='bbox 169 2256 267 2317; x_wconf 89' lang='lat' dir='ltr'>salute</span> <span class='ocrx_word' id='word_1_208' title='bbox 280 2274 393 2319; x_wconf 87' lang='lat' dir='ltr'>eorum</span> <span class='ocrx_word' id='word_1_209' title='bbox 407 2274 543 2337; x_wconf 89' lang='lat' dir='ltr'>quorum</span> <span class='ocrx_word' id='word_1_210' title='bbox 563 2263 708 2319; x_wconf 88' lang='lat' dir='ltr'>naturam</span> <span class='ocrx_word' id='word_1_211' title='bbox 728 2256 912 2338; x_wconf 88' lang='lat' dir='ltr'>assumpsit.</span> <span class='ocrx_word' id='word_1_212' title='bbox 970 2273 1094 2317; x_wconf 88' lang='lat' dir='ltr'>summa</span> <span class='ocrx_word' id='word_1_213' title='bbox 1108 2262 1140 2318; x_wconf 89' lang='lat' dir='ltr'>et</span> <span class='ocrx_word' id='word_1_214' title='bbox 1154 2255 1327 2319; x_wconf 84' lang='lat' dir='ltr'>liberalitas</span> <span class='ocrx_word' id='word_1_215' title='bbox 1342 2258 1490 2337; x_wconf 86' lang='lat' dir='ltr'>maxima,</span> <span class='ocrx_word' id='word_1_216' title='bbox 1501 2258 1534 2320; x_wconf 95' lang='lat' dir='ltr'>in</span> <span class='ocrx_word' id='word_1_217' title='bbox 1549 2277 1611 2340; x_wconf 90' lang='lat' dir='ltr'>qua</span> <span class='ocrx_word' id='word_1_218' title='bbox 1626 2259 1717 2322; x_wconf 92' lang='lat' dir='ltr'>dator</span> 
     </span>
     <span class='ocr_line' id='line_1_19' title="bbox 169 2351 1294 2435; baseline 0.002 -20"><span class='ocrx_word' id='word_1_219' title='bbox 169 2353 333 2434; x_wconf 62' lang='lat' dir='ltr'>Quinque</span> <span class='ocrx_word' id='word_1_220' title='bbox 361 2372 450 2417; x_wconf 90' lang='lat' dir='ltr'>amor</span> <span class='ocrx_word' id='word_1_221' title='bbox 472 2354 572 2416; x_wconf 92' lang='lat' dir='ltr'>virtus</span> <span class='ocrx_word' id='word_1_222' title='bbox 600 2354 640 2417; x_wconf 90' lang='lat' dir='ltr'>sit</span> <span class='ocrx_word' id='word_1_223' title='bbox 667 2353 802 2433; x_wconf 90' lang='lat' dir='ltr'>unitiva,</span> <span class='ocrx_word' id='word_1_224' title='bbox 827 2362 914 2417; x_wconf 89' lang='lat' dir='ltr'>tanto</span> <span class='ocrx_word' id='word_1_225' title='bbox 969 2351 1157 2434; x_wconf 80' lang='lat' dir='ltr'>largiturae</span> <span class='ocrx_word' id='word_1_226' title='bbox 1179 2353 1294 2435; x_wconf 92' lang='lat' dir='ltr'>ipsum.</span> 
     </span>
     <span class='ocr_line' id='line_1_20' title="bbox 167 2450 1716 2533; baseline 0.002 -21"><span class='ocrx_word' id='word_1_227' title='bbox 167 2450 341 2531; x_wconf 87' lang='lat' dir='ltr'>perfectius</span> <span class='ocrx_word' id='word_1_228' title='bbox 353 2460 448 2532; x_wconf 92' lang='lat' dir='ltr'>atque</span> <span class='ocrx_word' id='word_1_229' title='bbox 459 2452 669 2533; x_wconf 89' lang='lat' dir='ltr'>propinquius</span> <span class='ocrx_word' id='word_1_230' title='bbox 682 2452 797 2513; x_wconf 92' lang='lat' dir='ltr'>uniens</span> <span class='ocrx_word' id='word_1_231' title='bbox 810 2470 916 2513; x_wconf 86' lang='lat' dir='ltr'>arnan-</span> <span class='ocrx_word' id='word_1_232' title='bbox 1009 2450 1136 2529; x_wconf 85' lang='lat' dir='ltr'>Quarto,</span> <span class='ocrx_word' id='word_1_233' title='bbox 1153 2452 1341 2515; x_wconf 89' lang='lat' dir='ltr'>monstravit</span> <span class='ocrx_word' id='word_1_234' title='bbox 1355 2452 1447 2516; x_wconf 91' lang='lat' dir='ltr'>nobis</span> <span class='ocrx_word' id='word_1_235' title='bbox 1462 2454 1552 2516; x_wconf 85' lang='lat' dir='ltr'>lesus</span> <span class='ocrx_word' id='word_1_236' title='bbox 1574 2454 1716 2517; x_wconf 87' lang='lat' dir='ltr'>Christus</span> 
     </span>
     <span class='ocr_line' id='line_1_21' title="bbox 169 2544 1865 2631; baseline 0 -20"><span class='ocrx_word' id='word_1_237' title='bbox 169 2558 229 2611; x_wconf 89' lang='lat' dir='ltr'>tem</span> <span class='ocrx_word' id='word_1_238' title='bbox 248 2557 281 2611; x_wconf 89' lang='lat' dir='ltr'>et</span> <span class='ocrx_word' id='word_1_239' title='bbox 298 2557 441 2611; x_wconf 85' lang='lat' dir='ltr'>amatum</span> <span class='ocrx_word' id='word_1_240' title='bbox 464 2567 528 2630; x_wconf 92' lang='lat' dir='ltr'>quo</span> <span class='ocrx_word' id='word_1_241' title='bbox 547 2550 617 2631; x_wconf 89' lang='lat' dir='ltr'>ipsa</span> <span class='ocrx_word' id='word_1_242' title='bbox 637 2548 767 2612; x_wconf 92' lang='lat' dir='ltr'>dilectio</span> <span class='ocrx_word' id='word_1_243' title='bbox 790 2548 916 2612; x_wconf 88' lang='lat' dir='ltr'>ferven-</span> <span class='ocrx_word' id='word_1_244' title='bbox 970 2566 1059 2609; x_wconf 90' lang='lat' dir='ltr'>snam</span> <span class='ocrx_word' id='word_1_245' title='bbox 1075 2544 1340 2629; x_wconf 79' lang='lat' dir='ltr'>perfectissimam</span> <span class='ocrx_word' id='word_1_246' title='bbox 1356 2550 1718 2629; x_wconf 90' lang='lat' dir='ltr'>dilectionem,offeren-</span> <span class='ocrx_word' id='word_1_247' title='bbox 1732 2568 1865 2626; x_wconf 64' lang='lat' dir='ltr'>opressa.</span> 
     </span>
     <span class='ocr_line' id='line_1_22' title="bbox 168 2646 1717 2730; baseline 0.003 -21"><span class='ocrx_word' id='word_1_248' title='bbox 168 2646 227 2710; x_wconf 89' lang='lat' dir='ltr'>tior</span> <span class='ocrx_word' id='word_1_249' title='bbox 239 2646 417 2728; x_wconf 79' lang='lat' dir='ltr'>fortiorque</span> <span class='ocrx_word' id='word_1_250' title='bbox 431 2647 598 2724; x_wconf 87' lang='lat' dir='ltr'>exstiterit,</span> <span class='ocrx_word' id='word_1_251' title='bbox 613 2666 652 2709; x_wconf 83' lang='lat' dir='ltr'>ex</span> <span class='ocrx_word' id='word_1_252' title='bbox 671 2648 732 2710; x_wconf 92' lang='lat' dir='ltr'>boc</span> <span class='ocrx_word' id='word_1_253' title='bbox 752 2647 915 2727; x_wconf 89' lang='lat' dir='ltr'>cognosci·</span> <span class='ocrx_word' id='word_1_254' title='bbox 969 2647 1010 2709; x_wconf 94' lang='lat' dir='ltr'>do</span> <span class='ocrx_word' id='word_1_255' title='bbox 1025 2665 1059 2709; x_wconf 92' lang='lat' dir='ltr'>se</span> <span class='ocrx_word' id='word_1_256' title='bbox 1073 2647 1178 2729; x_wconf 91' lang='lat' dir='ltr'>ipsum</span> <span class='ocrx_word' id='word_1_257' title='bbox 1193 2666 1250 2729; x_wconf 94' lang='lat' dir='ltr'>pro</span> <span class='ocrx_word' id='word_1_258' title='bbox 1272 2649 1363 2712; x_wconf 88' lang='lat' dir='ltr'>nobis</span> <span class='ocrx_word' id='word_1_259' title='bbox 1385 2650 1449 2712; x_wconf 88' lang='lat' dir='ltr'>Deo</span> <span class='ocrx_word' id='word_1_260' title='bbox 1471 2648 1552 2712; x_wconf 90' lang='lat' dir='ltr'>Patri</span> <span class='ocrx_word' id='word_1_261' title='bbox 1576 2649 1608 2711; x_wconf 94' lang='lat' dir='ltr'>in</span> <span class='ocrx_word' id='word_1_262' title='bbox 1630 2649 1717 2730; x_wconf 92' lang='lat' dir='ltr'>ligno</span> 
     </span>
     <span class='ocr_line' id='line_1_23' title="bbox 168 2744 1718 2822; baseline 0.002 -16"><span class='ocrx_word' id='word_1_263' title='bbox 168 2764 236 2807; x_wconf 90' lang='lat' dir='ltr'>mus</span> <span class='ocrx_word' id='word_1_264' title='bbox 254 2745 535 2808; x_wconf 74' lang='lat' dir='ltr'>estuantissimam</span> <span class='ocrx_word' id='word_1_265' title='bbox 554 2752 586 2808; x_wconf 95' lang='lat' dir='ltr'>et</span> <span class='ocrx_word' id='word_1_266' title='bbox 605 2744 811 2809; x_wconf 79' lang='lat' dir='ltr'>fortissimam</span> <span class='ocrx_word' id='word_1_267' title='bbox 835 2745 915 2807; x_wconf 89' lang='lat' dir='ltr'>cari·</span> <span class='ocrx_word' id='word_1_268' title='bbox 970 2744 1086 2822; x_wconf 88' lang='lat' dir='ltr'>erucis,</span> <span class='ocrx_word' id='word_1_269' title='bbox 1103 2746 1142 2807; x_wconf 87' lang='lat' dir='ltr'>ad</span> <span class='ocrx_word' id='word_1_270' title='bbox 1158 2745 1429 2809; x_wconf 86' lang='lat' dir='ltr'>reconciliandum</span> <span class='ocrx_word' id='word_1_271' title='bbox 1452 2766 1510 2811; x_wconf 94' lang='lat' dir='ltr'>nos</span> <span class='ocrx_word' id='word_1_272' title='bbox 1531 2747 1613 2811; x_wconf 87' lang='lat' dir='ltr'>Patri</span> <span class='ocrx_word' id='word_1_273' title='bbox 1629 2756 1718 2810; x_wconf 82' lang='lat' dir='ltr'>aetcr-</span> 
     </span>
     <span class='ocr_line' id='line_1_24' title="bbox 167 2842 1718 2929; baseline 0.001 -24"><span class='ocrx_word' id='word_1_274' title='bbox 167 2851 260 2907; x_wconf 87' lang='lat' dir='ltr'>tatem</span> <span class='ocrx_word' id='word_1_275' title='bbox 275 2842 349 2905; x_wconf 72' lang='lat' dir='ltr'>titii</span> <span class='ocrx_word' id='word_1_276' title='bbox 363 2842 418 2905; x_wconf 79' lang='lat' dir='ltr'>oei</span> <span class='ocrx_word' id='word_1_277' title='bbox 434 2845 473 2905; x_wconf 88' lang='lat' dir='ltr'>ad</span> <span class='ocrx_word' id='word_1_278' title='bbox 493 2852 633 2907; x_wconf 90' lang='lat' dir='ltr'>nostram</span> <span class='ocrx_word' id='word_1_279' title='bbox 656 2851 801 2906; x_wconf 88' lang='lat' dir='ltr'>naturam</span> <span class='ocrx_word' id='word_1_280' title='bbox 822 2844 913 2906; x_wconf 86' lang='lat' dir='ltr'>etad</span> <span class='ocrx_word' id='word_1_281' title='bbox 969 2861 1022 2921; x_wconf 90' lang='lat' dir='ltr'>no,</span> <span class='ocrx_word' id='word_1_282' title='bbox 1038 2844 1077 2905; x_wconf 95' lang='lat' dir='ltr'>ad</span> <span class='ocrx_word' id='word_1_283' title='bbox 1094 2843 1293 2907; x_wconf 89' lang='lat' dir='ltr'>liberandum</span> <span class='ocrx_word' id='word_1_284' title='bbox 1308 2863 1366 2909; x_wconf 93' lang='lat' dir='ltr'>nos</span> <span class='ocrx_word' id='word_1_285' title='bbox 1381 2845 1422 2907; x_wconf 93' lang='lat' dir='ltr'>ab</span> <span class='ocrx_word' id='word_1_286' title='bbox 1437 2845 1524 2908; x_wconf 92' lang='lat' dir='ltr'>omui</span> <span class='ocrx_word' id='word_1_287' title='bbox 1540 2852 1670 2929; x_wconf 89' lang='lat' dir='ltr'>peccato</span> <span class='ocrx_word' id='word_1_288' title='bbox 1685 2853 1718 2909; x_wconf 90' lang='lat' dir='ltr'>et</span> 
     </span>
     <span class='ocr_line' id='line_1_25' title="bbox 168 2941 1717 3025; baseline 0.001 -22"><span class='ocrx_word' id='word_1_289' title='bbox 168 2960 264 3021; x_wconf 84' lang='lat' dir='ltr'>genus</span> <span class='ocrx_word' id='word_1_290' title='bbox 282 2942 473 3017; x_wconf 86' lang='lat' dir='ltr'>humanum,</span> <span class='ocrx_word' id='word_1_291' title='bbox 489 2941 663 3023; x_wconf 79' lang='lat' dir='ltr'>praesertim</span> <span class='ocrx_word' id='word_1_292' title='bbox 689 2941 727 3003; x_wconf 91' lang='lat' dir='ltr'>ad</span> <span class='ocrx_word' id='word_1_293' title='bbox 752 2959 826 3004; x_wconf 92' lang='lat' dir='ltr'>suos</span> <span class='ocrx_word' id='word_1_294' title='bbox 851 2941 914 3003; x_wconf 80' lang='lat' dir='ltr'>ele</span> <span class='ocrx_word' id='word_1_295' title='bbox 969 2941 1009 3003; x_wconf 91' lang='lat' dir='ltr'>ab</span> <span class='ocrx_word' id='word_1_296' title='bbox 1036 2941 1187 3003; x_wconf 82' lang='lat' dir='ltr'>infamati</span> <span class='ocrx_word' id='word_1_297' title='bbox 1217 2942 1387 3025; x_wconf 89' lang='lat' dir='ltr'>supplicio,</span> <span class='ocrx_word' id='word_1_298' title='bbox 1414 2944 1453 3005; x_wconf 93' lang='lat' dir='ltr'>ad</span> <span class='ocrx_word' id='word_1_299' title='bbox 1482 2944 1717 3025; x_wconf 90' lang='lat' dir='ltr'>impetrandum</span> 
     </span>
     <span class='ocr_line' id='line_1_26' title="bbox 167 3038 1719 3125; baseline 0.001 -22"><span class='ocrx_word' id='word_1_300' title='bbox 167 3049 242 3118; x_wconf 87' lang='lat' dir='ltr'>ctos,</span> <span class='ocrx_word' id='word_1_301' title='bbox 268 3038 356 3120; x_wconf 92' lang='lat' dir='ltr'>quod</span> <span class='ocrx_word' id='word_1_302' title='bbox 381 3047 521 3102; x_wconf 89' lang='lat' dir='ltr'>nostram</span> <span class='ocrx_word' id='word_1_303' title='bbox 546 3047 692 3102; x_wconf 88' lang='lat' dir='ltr'>naturam</span> <span class='ocrx_word' id='word_1_304' title='bbox 715 3058 780 3101; x_wconf 81' lang='lat' dir='ltr'>suae</span> <span class='ocrx_word' id='word_1_305' title='bbox 804 3039 912 3101; x_wconf 83' lang='lat' dir='ltr'>deitati</span> <span class='ocrx_word' id='word_1_306' title='bbox 932 3040 1006 3105; x_wconf 84' lang='lat' dir='ltr'>Gac</span> <span class='ocrx_word' id='word_1_307' title='bbox 1030 3041 1276 3121; x_wconf 91' lang='lat' dir='ltr'>promerendum</span> <span class='ocrx_word' id='word_1_308' title='bbox 1295 3042 1386 3104; x_wconf 91' lang='lat' dir='ltr'>nobis</span> <span class='ocrx_word' id='word_1_309' title='bbox 1407 3042 1570 3105; x_wconf 89' lang='lat' dir='ltr'>caritatem</span> <span class='ocrx_word' id='word_1_310' title='bbox 1595 3050 1626 3106; x_wconf 91' lang='lat' dir='ltr'>et</span> <span class='ocrx_word' id='word_1_311' title='bbox 1650 3062 1719 3125; x_wconf 88' lang='lat' dir='ltr'>gra-</span> 
     </span>
     <span class='ocr_line' id='line_1_27' title="bbox 167 3135 1719 3222; baseline 0.004 -24"><span class='ocrx_word' id='word_1_312' title='bbox 167 3136 333 3218; x_wconf 77' lang='lat' dir='ltr'>conjunxit</span> <span class='ocrx_word' id='word_1_313' title='bbox 346 3136 463 3199; x_wconf 93' lang='lat' dir='ltr'>unione</span> <span class='ocrx_word' id='word_1_314' title='bbox 478 3135 721 3218; x_wconf 88' lang='lat' dir='ltr'>personali,qua</span> <span class='ocrx_word' id='word_1_315' title='bbox 735 3136 823 3199; x_wconf 90' lang='lat' dir='ltr'>nulla</span> <span class='ocrx_word' id='word_1_316' title='bbox 837 3136 914 3200; x_wconf 91' lang='lat' dir='ltr'>uuio</span> <span class='ocrx_word' id='word_1_317' title='bbox 968 3136 1046 3199; x_wconf 92' lang='lat' dir='ltr'>tiam</span> <span class='ocrx_word' id='word_1_318' title='bbox 1060 3137 1207 3217; x_wconf 90' lang='lat' dir='ltr'>donaque</span> <span class='ocrx_word' id='word_1_319' title='bbox 1222 3138 1359 3220; x_wconf 88' lang='lat' dir='ltr'>Spiritus</span> <span class='ocrx_word' id='word_1_320' title='bbox 1373 3139 1479 3203; x_wconf 85' lang='lat' dir='ltr'>Sancti</span> <span class='ocrx_word' id='word_1_321' title='bbox 1499 3140 1532 3202; x_wconf 95' lang='lat' dir='ltr'>in</span> <span class='ocrx_word' id='word_1_322' title='bbox 1553 3140 1619 3203; x_wconf 86' lang='lat' dir='ltr'>vita</span> <span class='ocrx_word' id='word_1_323' title='bbox 1641 3160 1719 3222; x_wconf 80' lang='lat' dir='ltr'>praa-</span> 
     </span>
     <span class='ocr_line' id='line_1_28' title="bbox 167 3233 1719 3321; baseline 0.003 -25"><span class='ocrx_word' id='word_1_324' title='bbox 167 3234 198 3296; x_wconf 91' lang='lat' dir='ltr'>in</span> <span class='ocrx_word' id='word_1_325' title='bbox 226 3233 382 3297; x_wconf 90' lang='lat' dir='ltr'>creaturis</span> <span class='ocrx_word' id='word_1_326' title='bbox 407 3241 511 3316; x_wconf 88' lang='lat' dir='ltr'>potest</span> <span class='ocrx_word' id='word_1_327' title='bbox 535 3233 707 3315; x_wconf 90' lang='lat' dir='ltr'>perfectior</span> <span class='ocrx_word' id='word_1_328' title='bbox 730 3241 762 3297; x_wconf 92' lang='lat' dir='ltr'>et</span> <span class='ocrx_word' id='word_1_329' title='bbox 786 3234 915 3317; x_wconf 92' lang='lat' dir='ltr'>propin·</span> <span class='ocrx_word' id='word_1_330' title='bbox 969 3235 1064 3313; x_wconf 92' lang='lat' dir='ltr'>senti,</span> <span class='ocrx_word' id='word_1_331' title='bbox 1081 3235 1196 3298; x_wconf 91' lang='lat' dir='ltr'>deinde</span> <span class='ocrx_word' id='word_1_332' title='bbox 1221 3237 1355 3301; x_wconf 90' lang='lat' dir='ltr'>salutem</span> <span class='ocrx_word' id='word_1_333' title='bbox 1378 3248 1409 3301; x_wconf 88' lang='lat' dir='ltr'>et</span> <span class='ocrx_word' id='word_1_334' title='bbox 1428 3239 1562 3321; x_wconf 79' lang='lat' dir='ltr'>gloriam</span> <span class='ocrx_word' id='word_1_335' title='bbox 1588 3247 1719 3302; x_wconf 75' lang='lat' dir='ltr'>aterna-</span> 
     </span>
     <span class='ocr_line' id='line_1_29' title="bbox 166 3331 1719 3418; baseline 0.002 -24"><span class='ocrx_word' id='word_1_336' title='bbox 166 3332 256 3415; x_wconf 91' lang='lat' dir='ltr'>quior</span> <span class='ocrx_word' id='word_1_337' title='bbox 282 3351 367 3395; x_wconf 91' lang='lat' dir='ltr'>esse.</span> <span class='ocrx_word' id='word_1_338' title='bbox 397 3331 477 3395; x_wconf 89' lang='lat' dir='ltr'>lliuc</span> <span class='ocrx_word' id='word_1_339' title='bbox 506 3331 724 3396; x_wconf 87' lang='lat' dir='ltr'>indesinenter</span> <span class='ocrx_word' id='word_1_340' title='bbox 750 3332 912 3415; x_wconf 87' lang='lat' dir='ltr'>gratulari,</span> <span class='ocrx_word' id='word_1_341' title='bbox 970 3331 1082 3394; x_wconf 89' lang='lat' dir='ltr'>femin</span> <span class='ocrx_word' id='word_1_342' title='bbox 1101 3332 1230 3414; x_wconf 85' lang='lat' dir='ltr'>regione</span> <span class='ocrx_word' id='word_1_343' title='bbox 1252 3334 1439 3398; x_wconf 87' lang='lat' dir='ltr'>Sanctorum</span> <span class='ocrx_word' id='word_1_344' title='bbox 1461 3335 1719 3418; x_wconf 90' lang='lat' dir='ltr'>supergloriosis-</span> 
     </span>
     <span class='ocr_line' id='line_1_30' title="bbox 166 3430 1718 3512; baseline 0.001 -19"><span class='ocrx_word' id='word_1_345' title='bbox 166 3430 369 3493; x_wconf 88' lang='lat' dir='ltr'>devotissime</span> <span class='ocrx_word' id='word_1_346' title='bbox 385 3430 561 3512; x_wconf 89' lang='lat' dir='ltr'>regratiari,</span> <span class='ocrx_word' id='word_1_347' title='bbox 576 3430 916 3493; x_wconf 90' lang='lat' dir='ltr'>vehementissimein·</span> <span class='ocrx_word' id='word_1_348' title='bbox 970 3430 1052 3493; x_wconf 89' lang='lat' dir='ltr'>simo</span> <span class='ocrx_word' id='word_1_349' title='bbox 1079 3430 1143 3493; x_wconf 86' lang='lat' dir='ltr'>Deo</span> <span class='ocrx_word' id='word_1_350' title='bbox 1169 3431 1237 3495; x_wconf 88' lang='lat' dir='ltr'>sine</span> <span class='ocrx_word' id='word_1_351' title='bbox 1261 3432 1329 3495; x_wconf 91' lang='lat' dir='ltr'>fine</span> <span class='ocrx_word' id='word_1_352' title='bbox 1353 3433 1540 3497; x_wconf 89' lang='lat' dir='ltr'>fruentium.</span> <span class='ocrx_word' id='word_1_353' title='bbox 1557 3434 1658 3511; x_wconf 84' lang='lat' dir='ltr'>Certe,</span> <span class='ocrx_word' id='word_1_354' title='bbox 1684 3442 1718 3495; x_wconf 94' lang='lat' dir='ltr'>ut</span> 
     </span>
     <span class='ocr_line' id='line_1_31' title="bbox 166 3527 1866 3612; baseline 0.001 -22"><span class='ocrx_word' id='word_1_355' title='bbox 166 3527 325 3591; x_wconf 89' lang='lat' dir='ltr'>flammari</span> <span class='ocrx_word' id='word_1_356' title='bbox 363 3528 517 3591; x_wconf 90' lang='lat' dir='ltr'>debemus</span> <span class='ocrx_word' id='word_1_357' title='bbox 558 3527 592 3589; x_wconf 92' lang='lat' dir='ltr'>in</span> <span class='ocrx_word' id='word_1_358' title='bbox 631 3529 731 3591; x_wconf 84' lang='lat' dir='ltr'>Deum</span> <span class='ocrx_word' id='word_1_359' title='bbox 771 3528 915 3610; x_wconf 92' lang='lat' dir='ltr'>omnipo-</span> <span class='ocrx_word' id='word_1_360' title='bbox 971 3528 1039 3609; x_wconf 91' lang='lat' dir='ltr'>ipse</span> <span class='ocrx_word' id='word_1_361' title='bbox 1053 3529 1261 3610; x_wconf 90' lang='lat' dir='ltr'>deprompsit,</span> <span class='ocrx_word' id='word_1_362' title='bbox 1273 3530 1428 3612; x_wconf 88' lang='lat' dir='ltr'>majorem</span> <span class='ocrx_word' id='word_1_363' title='bbox 1444 3531 1608 3595; x_wconf 87' lang='lat' dir='ltr'>caritatem</span> <span class='ocrx_word' id='word_1_364' title='bbox 1624 3550 1717 3596; x_wconf 84' lang='lat' dir='ltr'>nemo</span> <span class='ocrx_word' id='word_1_365' title='bbox 1731 3546 1814 3592; x_wconf 68' lang='lat' dir='ltr'>amn.</span> <span class='ocrx_word' id='word_1_366' title='bbox 1830 3562 1866 3601; x_wconf 71' lang='lat' dir='ltr'>xv,</span> 
     </span>
     <span class='ocr_line' id='line_1_32' title="bbox 168 3614 1767 3712; baseline 0.004 -25"><span class='ocrx_word' id='word_1_367' title='bbox 168 3635 295 3705; x_wconf 84' lang='lat' dir='ltr'>tentem,</span> <span class='ocrx_word' id='word_1_368' title='bbox 323 3625 379 3709; x_wconf 92' lang='lat' dir='ltr'>qui</span> <span class='ocrx_word' id='word_1_369' title='bbox 409 3635 457 3689; x_wconf 92' lang='lat' dir='ltr'>est</span> <span class='ocrx_word' id='word_1_370' title='bbox 479 3626 604 3690; x_wconf 89' lang='lat' dir='ltr'>bonitas</span> <span class='ocrx_word' id='word_1_371' title='bbox 632 3626 746 3709; x_wconf 90' lang='lat' dir='ltr'>prima,</span> <span class='ocrx_word' id='word_1_372' title='bbox 776 3646 855 3709; x_wconf 93' lang='lat' dir='ltr'>pura</span> <span class='ocrx_word' id='word_1_373' title='bbox 883 3636 914 3690; x_wconf 92' lang='lat' dir='ltr'>et</span> <span class='ocrx_word' id='word_1_374' title='bbox 970 3625 1076 3705; x_wconf 91' lang='lat' dir='ltr'>babet,</span> <span class='ocrx_word' id='word_1_375' title='bbox 1103 3634 1138 3688; x_wconf 91' lang='lat' dir='ltr'>ut</span> <span class='ocrx_word' id='word_1_376' title='bbox 1160 3626 1300 3689; x_wconf 91' lang='lat' dir='ltr'>animam</span> <span class='ocrx_word' id='word_1_377' title='bbox 1325 3647 1415 3691; x_wconf 86' lang='lat' dir='ltr'>suam</span> <span class='ocrx_word' id='word_1_378' title='bbox 1440 3637 1536 3709; x_wconf 91' lang='lat' dir='ltr'>ponat</span> <span class='ocrx_word' id='word_1_379' title='bbox 1560 3630 1632 3711; x_wconf 91' lang='lat' dir='ltr'>quis</span> <span class='ocrx_word' id='word_1_380' title='bbox 1660 3649 1717 3712; x_wconf 94' lang='lat' dir='ltr'>pro</span> <span class='ocrx_word' id='word_1_381' title='bbox 1733 3614 1767 3655; x_wconf 77' lang='lat'>¹³·</span> 
     </span>
     <span class='ocr_line' id='line_1_33' title="bbox 168 3723 1716 3809; baseline 0.003 -24"><span class='ocrx_word' id='word_1_382' title='bbox 168 3724 292 3788; x_wconf 90' lang='lat' dir='ltr'>infinita</span> <span class='ocrx_word' id='word_1_383' title='bbox 324 3748 333 3786; x_wconf 76' lang='lat' dir='ltr'><em>z</em></span> <span class='ocrx_word' id='word_1_384' title='bbox 363 3724 515 3806; x_wconf 91' lang='lat' dir='ltr'>quoniam</span> <span class='ocrx_word' id='word_1_385' title='bbox 544 3723 612 3806; x_wconf 90' lang='lat' dir='ltr'>ipse</span> <span class='ocrx_word' id='word_1_386' title='bbox 639 3725 791 3788; x_wconf 86' lang='lat' dir='ltr'>Dominus</span> <span class='ocrx_word' id='word_1_387' title='bbox 819 3726 913 3805; x_wconf 85' lang='lat' dir='ltr'>Deus,</span> <span class='ocrx_word' id='word_1_388' title='bbox 970 3723 1083 3787; x_wconf 83' lang='lat' dir='ltr'>amieis</span> <span class='ocrx_word' id='word_1_389' title='bbox 1099 3724 1247 3787; x_wconf 79' lang='lat' dir='ltr'>suisNec</span> <span class='ocrx_word' id='word_1_390' title='bbox 1262 3725 1393 3788; x_wconf 89' lang='lat' dir='ltr'>suffecit</span> <span class='ocrx_word' id='word_1_391' title='bbox 1407 3725 1566 3789; x_wconf 91' lang='lat' dir='ltr'>ineffabili</span> <span class='ocrx_word' id='word_1_392' title='bbox 1582 3728 1716 3809; x_wconf 90' lang='lat' dir='ltr'>caritati,</span> 
     </span>
     <span class='ocr_line' id='line_1_34' title="bbox 168 3821 1719 3907; baseline 0.003 -23"><span class='ocrx_word' id='word_1_393' title='bbox 168 3822 220 3884; x_wconf 87' lang='lat' dir='ltr'>Dei</span> <span class='ocrx_word' id='word_1_394' title='bbox 242 3822 345 3886; x_wconf 89' lang='lat' dir='ltr'>Patris</span> <span class='ocrx_word' id='word_1_395' title='bbox 368 3823 483 3885; x_wconf 90' lang='lat' dir='ltr'>unicus</span> <span class='ocrx_word' id='word_1_396' title='bbox 507 3822 617 3901; x_wconf 79' lang='lat' dir='ltr'>Filius,</span> <span class='ocrx_word' id='word_1_397' title='bbox 638 3821 742 3886; x_wconf 90' lang='lat' dir='ltr'>factus</span> <span class='ocrx_word' id='word_1_398' title='bbox 765 3829 813 3885; x_wconf 88' lang='lat' dir='ltr'>cst</span> <span class='ocrx_word' id='word_1_399' title='bbox 832 3843 914 3886; x_wconf 92' lang='lat' dir='ltr'>unus</span> <span class='ocrx_word' id='word_1_400' title='bbox 971 3821 1082 3904; x_wconf 89' lang='lat' dir='ltr'>pietati</span> <span class='ocrx_word' id='word_1_401' title='bbox 1118 3829 1150 3884; x_wconf 87' lang='lat' dir='ltr'>et</span> <span class='ocrx_word' id='word_1_402' title='bbox 1178 3822 1359 3886; x_wconf 85' lang='lat' dir='ltr'>liberalitati</span> <span class='ocrx_word' id='word_1_403' title='bbox 1388 3843 1453 3887; x_wconf 84' lang='lat' dir='ltr'>suae</span> <span class='ocrx_word' id='word_1_404' title='bbox 1481 3824 1719 3907; x_wconf 85' lang='lat' dir='ltr'>benignissimae</span> 
     </span>
     <span class='ocr_line' id='line_1_35' title="bbox 169 3919 1720 4004; baseline 0.003 -23"><span class='ocrx_word' id='word_1_405' title='bbox 169 3938 205 3981; x_wconf 86' lang='lat' dir='ltr'>ex</span> <span class='ocrx_word' id='word_1_406' title='bbox 232 3920 337 3998; x_wconf 87' lang='lat' dir='ltr'>nobis,</span> <span class='ocrx_word' id='word_1_407' title='bbox 367 3919 467 3983; x_wconf 91' lang='lat' dir='ltr'>frater</span> <span class='ocrx_word' id='word_1_408' title='bbox 493 3927 612 4000; x_wconf 88' lang='lat' dir='ltr'>noster,</span> <span class='ocrx_word' id='word_1_409' title='bbox 641 3939 772 3984; x_wconf 87' lang='lat' dir='ltr'>consors</span> <span class='ocrx_word' id='word_1_410' title='bbox 799 3930 915 3985; x_wconf 80' lang='lat' dir='ltr'>nostrae</span> <span class='ocrx_word' id='word_1_411' title='bbox 971 3920 1098 4001; x_wconf 90' lang='lat' dir='ltr'>mentis,</span> <span class='ocrx_word' id='word_1_412' title='bbox 1114 3921 1198 4003; x_wconf 95' lang='lat' dir='ltr'>quod</span> <span class='ocrx_word' id='word_1_413' title='bbox 1213 3921 1313 3984; x_wconf 90' lang='lat' dir='ltr'>semel</span> <span class='ocrx_word' id='word_1_414' title='bbox 1328 3941 1362 3985; x_wconf 91' lang='lat' dir='ltr'>sc</span> <span class='ocrx_word' id='word_1_415' title='bbox 1377 3921 1482 4004; x_wconf 89' lang='lat' dir='ltr'>ipsum</span> <span class='ocrx_word' id='word_1_416' title='bbox 1498 3923 1614 3986; x_wconf 91' lang='lat' dir='ltr'>obtulit</span> <span class='ocrx_word' id='word_1_417' title='bbox 1634 3924 1720 3987; x_wconf 91' lang='lat' dir='ltr'>altis-</span> 
     </span>
     <span class='ocr_line' id='line_1_36' title="bbox 170 4019 1719 4103; baseline 0.005 -24"><span class='ocrx_word' id='word_1_418' title='bbox 170 4026 297 4083; x_wconf 77' lang='lat' dir='ltr'>natura.</span> <span class='ocrx_word' id='word_1_419' title='bbox 971 4019 1051 4083; x_wconf 91' lang='lat' dir='ltr'>simo</span> <span class='ocrx_word' id='word_1_420' title='bbox 1065 4019 1148 4082; x_wconf 87' lang='lat' dir='ltr'>Patri</span> <span class='ocrx_word' id='word_1_421' title='bbox 1164 4037 1221 4101; x_wconf 94' lang='lat' dir='ltr'>pro</span> <span class='ocrx_word' id='word_1_422' title='bbox 1242 4019 1347 4100; x_wconf 92' lang='lat' dir='ltr'>uobis,</span> <span class='ocrx_word' id='word_1_423' title='bbox 1364 4022 1420 4084; x_wconf 91' lang='lat' dir='ltr'>sed</span> <span class='ocrx_word' id='word_1_424' title='bbox 1441 4020 1572 4103; x_wconf 90' lang='lat' dir='ltr'>insuper</span> <span class='ocrx_word' id='word_1_425' title='bbox 1593 4023 1719 4087; x_wconf 86' lang='lat' dir='ltr'>ordina-</span> 
     </span>
     <span class='ocr_line' id='line_1_37' title="bbox 207 4116 1719 4202; baseline 0.001 -21"><span class='ocrx_word' id='word_1_426' title='bbox 207 4117 366 4197; x_wconf 89' lang='lat' dir='ltr'>Secundo,</span> <span class='ocrx_word' id='word_1_427' title='bbox 373 4116 513 4180; x_wconf 84' lang='lat' dir='ltr'>ostendit</span> <span class='ocrx_word' id='word_1_428' title='bbox 525 4116 618 4181; x_wconf 93' lang='lat' dir='ltr'>nobis</span> <span class='ocrx_word' id='word_1_429' title='bbox 633 4119 715 4180; x_wconf 85' lang='lat' dir='ltr'>hanc</span> <span class='ocrx_word' id='word_1_430' title='bbox 731 4137 821 4181; x_wconf 91' lang='lat' dir='ltr'>suam</span> <span class='ocrx_word' id='word_1_431' title='bbox 836 4119 916 4182; x_wconf 88' lang='lat' dir='ltr'>cari·</span> <span class='ocrx_word' id='word_1_432' title='bbox 971 4118 1019 4180; x_wconf 89' lang='lat' dir='ltr'>vit</span> <span class='ocrx_word' id='word_1_433' title='bbox 1033 4137 1069 4180; x_wconf 86' lang='lat' dir='ltr'>ac</span> <span class='ocrx_word' id='word_1_434' title='bbox 1086 4118 1195 4181; x_wconf 88' lang='lat' dir='ltr'>statuit</span> <span class='ocrx_word' id='word_1_435' title='bbox 1209 4138 1242 4181; x_wconf 92' lang='lat' dir='ltr'>se</span> <span class='ocrx_word' id='word_1_436' title='bbox 1257 4118 1399 4200; x_wconf 89' lang='lat' dir='ltr'>quotidie</span> <span class='ocrx_word' id='word_1_437' title='bbox 1414 4118 1524 4183; x_wconf 86' lang='lat' dir='ltr'>offerri</span> <span class='ocrx_word' id='word_1_438' title='bbox 1540 4140 1597 4202; x_wconf 90' lang='lat' dir='ltr'>pro</span> <span class='ocrx_word' id='word_1_439' title='bbox 1612 4129 1719 4186; x_wconf 91' lang='lat' dir='ltr'>nostra</span> 
     </span>
     <span class='ocr_line' id='line_1_38' title="bbox 170 4214 1718 4299; baseline 0.003 -23"><span class='ocrx_word' id='word_1_440' title='bbox 170 4223 263 4278; x_wconf 90' lang='lat' dir='ltr'>tatem</span> <span class='ocrx_word' id='word_1_441' title='bbox 278 4216 318 4279; x_wconf 92' lang='lat' dir='ltr'>ad</span> <span class='ocrx_word' id='word_1_442' title='bbox 334 4234 404 4295; x_wconf 91' lang='lat' dir='ltr'>nos,</span> <span class='ocrx_word' id='word_1_443' title='bbox 421 4214 505 4277; x_wconf 92' lang='lat' dir='ltr'>inter</span> <span class='ocrx_word' id='word_1_444' title='bbox 519 4216 665 4278; x_wconf 85' lang='lat' dir='ltr'>homines</span> <span class='ocrx_word' id='word_1_445' title='bbox 684 4218 912 4295; x_wconf 84' lang='lat' dir='ltr'>conversando,</span> <span class='ocrx_word' id='word_1_446' title='bbox 929 4220 955 4283; x_wconf 87' lang='lat' dir='ltr'>D</span> <span class='ocrx_word' id='word_1_447' title='bbox 972 4218 1073 4281; x_wconf 90' lang='lat' dir='ltr'>salute</span> <span class='ocrx_word' id='word_1_448' title='bbox 1088 4216 1120 4279; x_wconf 93' lang='lat' dir='ltr'>in</span> <span class='ocrx_word' id='word_1_449' title='bbox 1137 4236 1227 4281; x_wconf 87' lang='lat' dir='ltr'>sacro</span> <span class='ocrx_word' id='word_1_450' title='bbox 1242 4237 1278 4281; x_wconf 91' lang='lat' dir='ltr'>ac</span> <span class='ocrx_word' id='word_1_451' title='bbox 1293 4218 1404 4282; x_wconf 90' lang='lat' dir='ltr'>divino</span> <span class='ocrx_word' id='word_1_452' title='bbox 1423 4219 1524 4282; x_wconf 78' lang='lat' dir='ltr'>biissae</span> <span class='ocrx_word' id='word_1_453' title='bbox 1544 4220 1668 4299; x_wconf 90' lang='lat' dir='ltr'>officio,</span> <span class='ocrx_word' id='word_1_454' title='bbox 1686 4221 1718 4282; x_wconf 96' lang='lat' dir='ltr'>in</span> 
     </span>
     <span class='ocr_line' id='line_1_39' title="bbox 49 4313 1719 4397; baseline 0.011 -32"><span class='ocrx_word' id='word_1_455' title='bbox 49 4318 156 4372; x_wconf 69' lang='lat' dir='ltr'>cataro.</span> <span class='ocrx_word' id='word_1_456' title='bbox 170 4314 249 4376; x_wconf 90' lang='lat' dir='ltr'>sicut</span> <span class='ocrx_word' id='word_1_457' title='bbox 271 4334 333 4397; x_wconf 93' lang='lat' dir='ltr'>per</span> <span class='ocrx_word' id='word_1_458' title='bbox 355 4313 537 4376; x_wconf 87' lang='lat' dir='ltr'>Zachariam</span> <span class='ocrx_word' id='word_1_459' title='bbox 563 4314 705 4396; x_wconf 81' lang='lat' dir='ltr'>praedixit</span> <span class='ocrx_word' id='word_1_460' title='bbox 728 4338 734 4375; x_wconf 93' lang='lat'>:</span> <span class='ocrx_word' id='word_1_461' title='bbox 755 4316 862 4379; x_wconf 88' lang='lat' dir='ltr'>Lauda</span> <span class='ocrx_word' id='word_1_462' title='bbox 884 4325 916 4377; x_wconf 92' lang='lat' dir='ltr'>et</span> <span class='ocrx_word' id='word_1_463' title='bbox 971 4335 1034 4397; x_wconf 95' lang='lat' dir='ltr'>quo</span> <span class='ocrx_word' id='word_1_464' title='bbox 1057 4315 1275 4379; x_wconf 88' lang='lat' dir='ltr'>indubitanter</span> <span class='ocrx_word' id='word_1_465' title='bbox 1303 4318 1419 4381; x_wconf 88' lang='lat' dir='ltr'>adsunt</span> <span class='ocrx_word' id='word_1_466' title='bbox 1441 4325 1473 4381; x_wconf 90' lang='lat' dir='ltr'>et</span> <span class='ocrx_word' id='word_1_467' title='bbox 1496 4320 1623 4383; x_wconf 88' lang='lat' dir='ltr'>adstant</span> <span class='ocrx_word' id='word_1_468' title='bbox 1646 4339 1719 4383; x_wconf 91' lang='lat' dir='ltr'>cum</span> 
     </span>
     <span class='ocr_line' id='line_1_40' title="bbox 170 4410 1720 4498; baseline 0.007 -26"><span class='ocrx_word' id='word_1_469' title='bbox 170 4411 283 4490; x_wconf 85' lang='lat' dir='ltr'>laetarc,</span> <span class='ocrx_word' id='word_1_470' title='bbox 300 4411 373 4474; x_wconf 89' lang='lat' dir='ltr'>filia</span> <span class='ocrx_word' id='word_1_471' title='bbox 387 4410 475 4490; x_wconf 90' lang='lat' dir='ltr'>Sion,</span> <span class='ocrx_word' id='word_1_472' title='bbox 492 4410 568 4492; x_wconf 92' lang='lat' dir='ltr'>quia</span> <span class='ocrx_word' id='word_1_473' title='bbox 583 4432 658 4475; x_wconf 89' lang='lat' dir='ltr'>ecee</span> <span class='ocrx_word' id='word_1_474' title='bbox 673 4414 766 4477; x_wconf 91' lang='lat' dir='ltr'>venio</span> <span class='ocrx_word' id='word_1_475' title='bbox 781 4423 813 4477; x_wconf 94' lang='lat' dir='ltr'>et</span> <span class='ocrx_word' id='word_1_476' title='bbox 827 4415 916 4478; x_wconf 92' lang='lat' dir='ltr'>habi·</span> <span class='ocrx_word' id='word_1_477' title='bbox 971 4414 1131 4478; x_wconf 89' lang='lat' dir='ltr'>ineffabili</span> <span class='ocrx_word' id='word_1_478' title='bbox 1148 4416 1326 4478; x_wconf 89' lang='lat' dir='ltr'>reverentia</span> <span class='ocrx_word' id='word_1_479' title='bbox 1342 4416 1446 4498; x_wconf 91' lang='lat' dir='ltr'>angeli</span> <span class='ocrx_word' id='word_1_480' title='bbox 1461 4418 1574 4481; x_wconf 89' lang='lat' dir='ltr'>sancti.</span> <span class='ocrx_word' id='word_1_481' title='bbox 1592 4418 1655 4482; x_wconf 88' lang='lat' dir='ltr'>Nec</span> <span class='ocrx_word' id='word_1_482' title='bbox 1671 4439 1720 4483; x_wconf 83' lang='lat' dir='ltr'>so</span> 
     </span>
     <span class='ocr_line' id='line_1_41' title="bbox 170 4509 1719 4598; baseline 0.005 -27"><span class='ocrx_word' id='word_1_483' title='bbox 170 4509 240 4573; x_wconf 89' lang='lat' dir='ltr'>tabo</span> <span class='ocrx_word' id='word_1_484' title='bbox 264 4510 299 4573; x_wconf 93' lang='lat' dir='ltr'>in</span> <span class='ocrx_word' id='word_1_485' title='bbox 318 4510 425 4573; x_wconf 90' lang='lat' dir='ltr'>medio</span> <span class='ocrx_word' id='word_1_486' title='bbox 448 4509 506 4571; x_wconf 89' lang='lat' dir='ltr'>tui.</span> <span class='ocrx_word' id='word_1_487' title='bbox 523 4509 611 4573; x_wconf 91' lang='lat' dir='ltr'>Unde</span> <span class='ocrx_word' id='word_1_488' title='bbox 635 4518 667 4573; x_wconf 88' lang='lat' dir='ltr'>ct</span> <span class='ocrx_word' id='word_1_489' title='bbox 690 4512 813 4574; x_wconf 90' lang='lat' dir='ltr'>Baruch</span> <span class='ocrx_word' id='word_1_490' title='bbox 837 4531 916 4593; x_wconf 79' lang='lat' dir='ltr'>prae-</span> <span class='ocrx_word' id='word_1_491' title='bbox 971 4512 1038 4575; x_wconf 91' lang='lat' dir='ltr'>ium</span> <span class='ocrx_word' id='word_1_492' title='bbox 1054 4513 1168 4575; x_wconf 88' lang='lat' dir='ltr'>invitat</span> <span class='ocrx_word' id='word_1_493' title='bbox 1182 4520 1214 4576; x_wconf 93' lang='lat' dir='ltr'>et</span> <span class='ocrx_word' id='word_1_494' title='bbox 1232 4514 1381 4577; x_wconf 86' lang='lat' dir='ltr'>admonet</span> <span class='ocrx_word' id='word_1_495' title='bbox 1400 4532 1458 4578; x_wconf 91' lang='lat' dir='ltr'>nos</span> <span class='ocrx_word' id='word_1_496' title='bbox 1480 4516 1520 4577; x_wconf 88' lang='lat' dir='ltr'>ad</span> <span class='ocrx_word' id='word_1_497' title='bbox 1544 4517 1719 4598; x_wconf 87' lang='lat' dir='ltr'>suscipien-</span> 
     </span>
     <span class='ocr_line' id='line_1_42' title="bbox 49 4606 1717 4694; baseline 0.01 -33"><span class='ocrx_word' id='word_1_498' title='bbox 49 4614 119 4663; x_wconf 70' lang='lat' dir='ltr'>tama</span> <span class='ocrx_word' id='word_1_499' title='bbox 130 4638 156 4668; x_wconf 72' lang='lat' dir='ltr'>n.</span> <span class='ocrx_word' id='word_1_500' title='bbox 170 4609 326 4673; x_wconf 89' lang='lat' dir='ltr'>nuntiavit</span> <span class='ocrx_word' id='word_1_501' title='bbox 343 4632 350 4671; x_wconf 90' lang='lat'>:</span> <span class='ocrx_word' id='word_1_502' title='bbox 367 4608 424 4683; x_wconf 85' lang='lat' dir='ltr'>Qui</span> <span class='ocrx_word' id='word_1_503' title='bbox 448 4606 525 4669; x_wconf 90' lang='lat' dir='ltr'>fecit</span> <span class='ocrx_word' id='word_1_504' title='bbox 548 4608 667 4687; x_wconf 91' lang='lat' dir='ltr'>stellas,</span> <span class='ocrx_word' id='word_1_505' title='bbox 683 4610 736 4673; x_wconf 92' lang='lat' dir='ltr'>bic</span> <span class='ocrx_word' id='word_1_506' title='bbox 761 4619 810 4674; x_wconf 91' lang='lat' dir='ltr'>est</span> <span class='ocrx_word' id='word_1_507' title='bbox 832 4610 915 4673; x_wconf 86' lang='lat' dir='ltr'>Deus</span> <span class='ocrx_word' id='word_1_508' title='bbox 970 4612 1047 4675; x_wconf 92' lang='lat' dir='ltr'>dum</span> <span class='ocrx_word' id='word_1_509' title='bbox 1062 4612 1147 4674; x_wconf 90' lang='lat' dir='ltr'>istud</span> <span class='ocrx_word' id='word_1_510' title='bbox 1162 4612 1459 4694; x_wconf 75' lang='lat' dir='ltr'>prestantissimum</span> <span class='ocrx_word' id='word_1_511' title='bbox 1472 4623 1717 4694; x_wconf 85' lang='lat' dir='ltr'>sacramentum,</span> 
     </span>
     <span class='ocr_line' id='line_1_43' title="bbox 49 4680 1720 4795; baseline 0.005 -27"><span class='ocrx_word' id='word_1_512' title='bbox 49 4680 73 4729; x_wconf 46' lang='grc' dir='ltr'>’δ’</span> <span class='ocrx_word' id='word_1_513' title='bbox 85 4684 113 4733; x_wconf 77' lang='lat'>³⁶¹</span> <span class='ocrx_word' id='word_1_514' title='bbox 126 4688 156 4728; x_wconf 80' lang='lat'>³⁸·</span> <span class='ocrx_word' id='word_1_515' title='bbox 169 4716 294 4787; x_wconf 88' lang='lat' dir='ltr'>noster;</span> <span class='ocrx_word' id='word_1_516' title='bbox 310 4715 344 4771; x_wconf 90' lang='lat' dir='ltr'>et</span> <span class='ocrx_word' id='word_1_517' title='bbox 362 4710 509 4790; x_wconf 92' lang='lat' dir='ltr'>posthoc</span> <span class='ocrx_word' id='word_1_518' title='bbox 530 4708 565 4769; x_wconf 92' lang='lat' dir='ltr'>in</span> <span class='ocrx_word' id='word_1_519' title='bbox 587 4708 679 4771; x_wconf 91' lang='lat' dir='ltr'>terris</span> <span class='ocrx_word' id='word_1_520' title='bbox 701 4709 787 4771; x_wconf 88' lang='lat' dir='ltr'>visus</span> <span class='ocrx_word' id='word_1_521' title='bbox 808 4717 866 4786; x_wconf 89' lang='lat' dir='ltr'>est,</span> <span class='ocrx_word' id='word_1_522' title='bbox 884 4717 914 4771; x_wconf 92' lang='lat' dir='ltr'>et</span> <span class='ocrx_word' id='word_1_523' title='bbox 970 4711 1057 4773; x_wconf 91' lang='lat' dir='ltr'>bunc</span> <span class='ocrx_word' id='word_1_524' title='bbox 1072 4712 1179 4774; x_wconf 90' lang='lat' dir='ltr'>cibum</span> <span class='ocrx_word' id='word_1_525' title='bbox 1194 4710 1386 4793; x_wconf 90' lang='lat' dir='ltr'>angelicum,</span> <span class='ocrx_word' id='word_1_526' title='bbox 1402 4712 1462 4775; x_wconf 94' lang='lat' dir='ltr'>boc</span> <span class='ocrx_word' id='word_1_527' title='bbox 1484 4713 1600 4795; x_wconf 88' lang='lat' dir='ltr'>pignus</span> <span class='ocrx_word' id='word_1_528' title='bbox 1622 4714 1720 4777; x_wconf 87' lang='lat' dir='ltr'>beati-</span> 
     </span>
     <span class='ocr_line' id='line_1_44' title="bbox 169 4807 1719 4895; baseline 0.007 -30"><span class='ocrx_word' id='word_1_529' title='bbox 169 4823 239 4868; x_wconf 91' lang='lat' dir='ltr'>cum</span> <span class='ocrx_word' id='word_1_530' title='bbox 253 4807 440 4871; x_wconf 91' lang='lat' dir='ltr'>bominibus</span> <span class='ocrx_word' id='word_1_531' title='bbox 455 4814 662 4872; x_wconf 86' lang='lat' dir='ltr'>conversatus</span> <span class='ocrx_word' id='word_1_532' title='bbox 683 4814 742 4871; x_wconf 87' lang='lat' dir='ltr'>est.</span> <span class='ocrx_word' id='word_1_533' title='bbox 758 4808 822 4871; x_wconf 90' lang='lat' dir='ltr'>floc</span> <span class='ocrx_word' id='word_1_534' title='bbox 844 4828 916 4870; x_wconf 86' lang='lat' dir='ltr'>san-</span> <span class='ocrx_word' id='word_1_535' title='bbox 970 4808 1043 4872; x_wconf 82' lang='lat' dir='ltr'>ficae</span> <span class='ocrx_word' id='word_1_536' title='bbox 1072 4809 1256 4873; x_wconf 89' lang='lat' dir='ltr'>refectionis</span> <span class='ocrx_word' id='word_1_537' title='bbox 1284 4812 1470 4892; x_wconf 72' lang='lat' dir='ltr'>prestanda</span> <span class='ocrx_word' id='word_1_538' title='bbox 1503 4811 1537 4875; x_wconf 93' lang='lat' dir='ltr'>in</span> <span class='ocrx_word' id='word_1_539' title='bbox 1571 4814 1719 4895; x_wconf 89' lang='lat' dir='ltr'>paradiso</span> 
     </span>
     <span class='ocr_line' id='line_1_45' title="bbox 169 4906 1720 4993; baseline 0.008 -29"><span class='ocrx_word' id='word_1_540' title='bbox 169 4910 235 4967; x_wconf 89' lang='lat' dir='ltr'>ctus</span> <span class='ocrx_word' id='word_1_541' title='bbox 262 4906 458 4987; x_wconf 83' lang='lat' dir='ltr'>evangelista</span> <span class='ocrx_word' id='word_1_542' title='bbox 485 4908 622 4971; x_wconf 83' lang='lat' dir='ltr'>loannes</span> <span class='ocrx_word' id='word_1_543' title='bbox 651 4907 817 4988; x_wconf 89' lang='lat' dir='ltr'>impletum</span> <span class='ocrx_word' id='word_1_544' title='bbox 843 4925 915 4989; x_wconf 92' lang='lat' dir='ltr'>pro-</span> <span class='ocrx_word' id='word_1_545' title='bbox 971 4907 1104 4985; x_wconf 86' lang='lat' dir='ltr'>coelesti,</span> <span class='ocrx_word' id='word_1_546' title='bbox 1121 4908 1186 4971; x_wconf 92' lang='lat' dir='ltr'>imo</span> <span class='ocrx_word' id='word_1_547' title='bbox 1200 4907 1296 4971; x_wconf 88' lang='lat' dir='ltr'>etiam</span> <span class='ocrx_word' id='word_1_548' title='bbox 1310 4908 1401 4989; x_wconf 87' lang='lat' dir='ltr'>jubet</span> <span class='ocrx_word' id='word_1_549' title='bbox 1415 4910 1475 4972; x_wconf 89' lang='lat' dir='ltr'>boc</span> <span class='ocrx_word' id='word_1_550' title='bbox 1495 4910 1614 4993; x_wconf 91' lang='lat' dir='ltr'>ipsum,</span> <span class='ocrx_word' id='word_1_551' title='bbox 1631 4913 1720 4975; x_wconf 92' lang='lat' dir='ltr'>terri-</span> 
     </span>
     <span class='ocr_line' id='line_1_46' title="bbox 49 5003 1865 5088; baseline 0.012 -31"><span class='ocrx_word' id='word_1_552' title='bbox 49 5008 155 5067; x_wconf 68' lang='lat' dir='ltr'>tamur.</span> <span class='ocrx_word' id='word_1_553' title='bbox 169 5008 285 5065; x_wconf 88' lang='lat' dir='ltr'>testans</span> <span class='ocrx_word' id='word_1_554' title='bbox 303 5027 311 5065; x_wconf 93' lang='lat'>:</span> <span class='ocrx_word' id='word_1_555' title='bbox 328 5003 468 5068; x_wconf 82' lang='lat' dir='ltr'>Verbum</span> <span class='ocrx_word' id='word_1_556' title='bbox 483 5005 612 5086; x_wconf 93' lang='lat' dir='ltr'>(inquit)</span> <span class='ocrx_word' id='word_1_557' title='bbox 627 5023 701 5068; x_wconf 87' lang='lat' dir='ltr'>caro</span> <span class='ocrx_word' id='word_1_558' title='bbox 715 5004 834 5067; x_wconf 85' lang='lat' dir='ltr'>factum</span> <span class='ocrx_word' id='word_1_559' title='bbox 854 5012 913 5085; x_wconf 88' lang='lat' dir='ltr'>est,</span> <span class='ocrx_word' id='word_1_560' title='bbox 930 5040 936 5051; x_wconf 89' lang='lat'><em>·</em></span> <span class='ocrx_word' id='word_1_561' title='bbox 971 5005 1078 5067; x_wconf 91' lang='lat' dir='ltr'>biliter</span> <span class='ocrx_word' id='word_1_562' title='bbox 1093 5006 1126 5067; x_wconf 91' lang='lat' dir='ltr'>in</span> <span class='ocrx_word' id='word_1_563' title='bbox 1141 5006 1312 5087; x_wconf 82' lang='lat' dir='ltr'>Evangelio</span> <span class='ocrx_word' id='word_1_564' title='bbox 1329 5006 1462 5088; x_wconf 90' lang='lat' dir='ltr'>loquens</span> <span class='ocrx_word' id='word_1_565' title='bbox 1480 5031 1487 5069; x_wconf 75' lang='grc' dir='ltr'><strong>ε</strong></span> <span class='ocrx_word' id='word_1_566' title='bbox 1504 5009 1865 5086; x_wconf 77' lang='lat' dir='ltr'>Nisimandu-rora.v1.sr.</span> 
     </span>
     <span class='ocr_line' id='line_1_47' title="bbox 169 5101 1718 5185; baseline 0.005 -22"><span class='ocrx_word' id='word_1_567' title='bbox 169 5110 199 5163; x_wconf 92' lang='lat' dir='ltr'>et</span> <span class='ocrx_word' id='word_1_568' title='bbox 217 5102 371 5166; x_wconf 87' lang='lat' dir='ltr'>habitavit</span> <span class='ocrx_word' id='word_1_569' title='bbox 389 5101 423 5166; x_wconf 92' lang='lat' dir='ltr'>in</span> <span class='ocrx_word' id='word_1_570' title='bbox 444 5104 549 5183; x_wconf 90' lang='lat' dir='ltr'>nobis,</span> <span class='ocrx_word' id='word_1_571' title='bbox 566 5114 597 5167; x_wconf 88' lang='lat' dir='ltr'>et</span> <span class='ocrx_word' id='word_1_572' title='bbox 618 5103 758 5167; x_wconf 90' lang='lat' dir='ltr'>vidimus</span> <span class='ocrx_word' id='word_1_573' title='bbox 781 5103 914 5185; x_wconf 90' lang='lat' dir='ltr'>gloriam</span> <span class='ocrx_word' id='word_1_574' title='bbox 971 5103 1119 5166; x_wconf 87' lang='lat' dir='ltr'>caveritis</span> <span class='ocrx_word' id='word_1_575' title='bbox 1135 5123 1263 5167; x_wconf 88' lang='lat' dir='ltr'>carnem</span> <span class='ocrx_word' id='word_1_576' title='bbox 1278 5104 1347 5166; x_wconf 77' lang='lat' dir='ltr'>filii</span> <span class='ocrx_word' id='word_1_577' title='bbox 1364 5104 1558 5184; x_wconf 75' lang='lat' dir='ltr'>hominiS,et</span> <span class='ocrx_word' id='word_1_578' title='bbox 1571 5108 1718 5171; x_wconf 90' lang='lat' dir='ltr'>biberitis</span> 
     </span>
     <span class='ocr_line' id='line_1_48' title="bbox 169 5199 1717 5284; baseline 0.005 -23"><span class='ocrx_word' id='word_1_579' title='bbox 169 5199 248 5280; x_wconf 85' lang='lat' dir='ltr'>ejus,</span> <span class='ocrx_word' id='word_1_580' title='bbox 274 5209 338 5265; x_wconf 85' lang='lat' dir='ltr'>etc.</span> <span class='ocrx_word' id='word_1_581' title='bbox 364 5200 388 5265; x_wconf 90' lang='lat'>0</span> <span class='ocrx_word' id='word_1_582' title='bbox 413 5220 510 5283; x_wconf 89' lang='lat' dir='ltr'>quam</span> <span class='ocrx_word' id='word_1_583' title='bbox 534 5220 678 5265; x_wconf 90' lang='lat' dir='ltr'>amorose</span> <span class='ocrx_word' id='word_1_584' title='bbox 702 5222 739 5265; x_wconf 90' lang='lat' dir='ltr'>ac</span> <span class='ocrx_word' id='word_1_585' title='bbox 764 5201 912 5280; x_wconf 91' lang='lat' dir='ltr'>dulciter,</span> <span class='ocrx_word' id='word_1_586' title='bbox 971 5202 1041 5282; x_wconf 87' lang='lat' dir='ltr'>ejus</span> <span class='ocrx_word' id='word_1_587' title='bbox 1066 5202 1265 5284; x_wconf 88' lang='lat' dir='ltr'>sanguinem,</span> <span class='ocrx_word' id='word_1_588' title='bbox 1289 5220 1354 5265; x_wconf 93' lang='lat' dir='ltr'>non</span> <span class='ocrx_word' id='word_1_589' title='bbox 1379 5203 1536 5267; x_wconf 83' lang='lat' dir='ltr'>habebitis</span> <span class='ocrx_word' id='word_1_590' title='bbox 1561 5205 1657 5268; x_wconf 89' lang='lat' dir='ltr'>vitam</span> <span class='ocrx_word' id='word_1_591' title='bbox 1684 5206 1717 5269; x_wconf 94' lang='lat' dir='ltr'>in</span> 
     </span>
    </p>
   </div>
   <div class='ocr_carea' id='block_1_3' title="bbox 168 5299 1717 5382">
    <p class='ocr_par' dir='ltr' id='par_1_3' title="bbox 168 5299 1717 5382">
     <span class='ocr_line' id='line_1_49' title="bbox 168 5299 1717 5382; baseline 0.005 -21"><span class='ocrx_word' id='word_1_592' title='bbox 168 5315 260 5378; x_wconf 87' lang='lat' dir='ltr'>qnam</span> <span class='ocrx_word' id='word_1_593' title='bbox 275 5299 439 5364; x_wconf 85' lang='lat' dir='ltr'>fructuose</span> <span class='ocrx_word' id='word_1_594' title='bbox 453 5308 485 5365; x_wconf 90' lang='lat' dir='ltr'>et</span> <span class='ocrx_word' id='word_1_595' title='bbox 499 5300 678 5381; x_wconf 88' lang='lat' dir='ltr'>salubriter,</span> <span class='ocrx_word' id='word_1_596' title='bbox 694 5319 789 5382; x_wconf 90' lang='lat' dir='ltr'>quam</span> <span class='ocrx_word' id='word_1_597' title='bbox 805 5308 913 5363; x_wconf 85' lang='lat' dir='ltr'>sancte</span> <span class='ocrx_word' id='word_1_598' title='bbox 970 5300 1072 5365; x_wconf 90' lang='lat' dir='ltr'>vobis.</span> <span class='ocrx_word' id='word_1_599' title='bbox 1108 5301 1270 5382; x_wconf 83' lang='lat' dir='ltr'>Praeterea,</span> <span class='ocrx_word' id='word_1_600' title='bbox 1304 5302 1570 5367; x_wconf 90' lang='lat' dir='ltr'>manducantibus</span> <span class='ocrx_word' id='word_1_601' title='bbox 1604 5304 1717 5370; x_wconf 85' lang='lat' dir='ltr'>devote</span> 
     </span>
    </p>
   </div>
   <div class='ocr_carea' id='block_1_4' title="bbox 0 0 2160 6259">
    <p class='ocr_par' dir='ltr' id='par_1_4' title="bbox 0 0 2160 6259">
     <span class='ocr_line' id='line_1_50' title="bbox 0 0 2160 6259; baseline 0 0"><span class='ocrx_word' id='word_1_602' title='bbox 0 0 2160 6259; x_wconf 95' lang='lat' dir='ltr'> </span> 
     </span>
    </p>
   </div>
  </div>
 </body>
</html>
