4309 6259
454 492 493 539 DE
514 492 672 540 PRAEGONIO
693 494 730 539 ΜΤ
751 492 914 539 ntdulrartt
935 492 1050 549 tantun,
1071 492 1159 538 ttnfflt
1180 492 1222 539 111.
1247 510 1288 523 ··-
1310 492 1378 538 aar.
1402 493 1443 538 XV

1661 473 1720 537 547

173 656 272 721 fuisse
297 678 496 724 succensam.
517 660 648 743 Nempe,
668 682 731 744 quo
756 663 919 744 proprium
935 660 960 723 t
975 661 1036 724 boe
1051 660 1148 744 igitur
1162 661 1260 723 Deum
1283 660 1562 724 vehementissime
1584 661 1722 742 singula·

171 756 299 836 Filium,
316 760 461 841 sacrique
476 760 525 823 sui
547 761 712 842 sanguinis
732 759 869 842 pretium
889 768 921 823 et

171 854 248 917 item
272 856 509 937 pretiosissimae
529 858 642 922 mortis
664 858 825 936 meritum,
842 878 921 940 prae

170 953 343 1017 cordialius
356 954 478 1033 dilexit,
487 974 525 1019 eo
540 956 650 1036 utique
664 956 831 1019 bominum
847 974 921 1037 quo

170 1068 233 1130 que
256 1051 403 1132 salutem,
419 1072 477 1135 pro
498 1073 562 1136 qua
585 1054 640 1117 ille
665 1056 804 1117 animam
829 1074 919 1117 suam

170 1148 312 1226 tradidit,
343 1152 564 1216 vehementius
591 1154 810 1235 concupivit:
836 1152 920 1234 pari-

170 1245 316 1311 formiter
329 1267 405 1331 ergo
419 1268 544 1313 summa
557 1258 590 1313 et
603 1250 785 1314 incredibili
806 1252 920 1313 redun-

169 1345 225 1408 dat
249 1347 430 1429 clementia,
446 1348 637 1431 penitusque
661 1348 920 1413 misericordissi-

168 1464 224 1506 ma
244 1444 376 1507 exsistit.

210 1542 356 1624 Amplius
370 1551 488 1624 autem,
504 1562 567 1625 quo
582 1544 741 1626 quispiam
764 1544 920 1627 copiosio-

168 1660 237 1703 rem
253 1640 502 1705 misericordiam
518 1652 683 1705 assecutus
697 1652 756 1722 est,
764 1662 802 1706 eo
819 1643 918 1724 ipsum

168 1738 460 1804 misericordiorem
475 1741 625 1803 exsistere
639 1760 697 1823 par
715 1749 764 1804 est
783 1742 921 1823 justum-

976 758 1115 841 riterque
1141 759 1282 821 imitatur
1305 760 1410 822 Μανία.
1427 758 1569 841 lnrplesti
1588 758 1722 836 enim,o

974 856 1235 920 obedientissima
1261 857 1315 919 llei
1340 857 1468 935 ancilla,
1490 857 1592 938 magis
1616 864 1722 918 autem

975 956 1115 1037 itemque
1140 955 1319 1018 mirabilius
1341 956 1438 1019 Mater
1459 956 1530 1036 ejus
1556 954 1723 1017 benedicta

975 1062 1068 1135 atque
1093 1053 1247 1135 virginea,
1265 1053 1417 1116 Creatoris
1443 1052 1488 1115 tui
1513 1052 1720 1132 voluntatem,

975 1150 1030 1232 qui
1044 1152 1089 1213 ait
1105 1174 1112 1213 :
1129 1150 1374 1213 Misericordiam
1390 1150 1488 1227 volui,
1500 1158 1533 1214 et
1546 1169 1611 1214 non
1627 1150 1723 1213 sacri·
1738 1170 1793 1214 οισι
1806 1183 1836 1219 ιι.
1848 1172 1868 1215 ν.

974 1247 1108 1327 ficium3
1124 1257 1157 1311 et
1171 1249 1338 1312 scientiam
1354 1250 1409 1311 uei
1424 1248 1496 1332 plus
1518 1267 1612 1330 quam
1635 1249 1724 1313 holo-

975 1355 1093 1410 causta.
1110 1346 1252 1427 Denique
1267 1347 1339 1409 Filii
1355 1366 1480 1429 quoque
1495 1349 1722 1411 documentum

974 1444 1149 1526 perfecisti,
1165 1444 1219 1526 qui
1239 1445 1341 1507 dixit:
1359 1445 1464 1508 Estote
1489 1445 1721 1525 misericordes,
1737 1473 1869 1528 xmae,

975 1542 1058 1606 sieut
1081 1550 1113 1605 et
1137 1543 1227 1606 Pater
1250 1552 1355 1605 vester
1379 1543 1517 1606 coelestis
1541 1544 1722 1608 misericors

975 1649 1033 1704 est.
1050 1640 1221 1704 Enimvero
1240 1641 1338 1703 instar
1356 1641 1470 1722 liquidi
1496 1642 1644 1705 elementi
1669 1662 1724 1705 va-

976 1740 1083 1820 sisque
1118 1739 1311 1802 fluidissimo
1347 1740 1470 1821 liquore
1499 1742 1623 1823 repleti,
1653 1760 1723 1823 quse

168 1856 244 1918 que.
274 1837 401 1919 dlioqui
430 1840 636 1901 metuendum
665 1859 707 1901 ne
734 1840 918 1903 horribilem
936 1842 960 1905 B
976 1855 1177 1918 quacumque
1192 1856 1229 1899 ex
1244 1846 1333 1919 parte
1354 1847 1450 1915 mota,
1468 1857 1539 1901 mox
1555 1858 1588 1900 se
1603 1838 1723 1901 diffun-

168 1935 261 1998 illam
288 1934 467 1999 infallibilis
496 1937 771 2018 exprobrationem
800 1937 920 2000 ludicis

169 2032 283 2096 audire
298 2033 471 2116 contingat,
487 2052 550 2115 qna
565 2033 685 2098 crudeli
700 2035 835 2115 loquens
856 2054 921 2097 ser-

59 2150 139 2194 uam.
169 2149 214 2193 vo
227 2153 235 2191 :
248 2131 344 2193 Serve
359 2151 495 2213 nequam
510 2132 652 2213 (inquit),
668 2151 763 2195 omne
777 2132 921 2195 debiturn

43 2218 154 2265 ''¹¹’³²¹³²·
168 2228 280 2291 dimisi
306 2230 377 2307 tibi,
393 2230 544 2311 quoniam
569 2230 685 2312 rogasti
710 2249 762 2293 me
783 2254 790 2292 ε
814 2250 921 2294 nonne

168 2346 249 2409 ergo
269 2327 411 2409 oportuit
427 2335 459 2390 et
477 2337 508 2390 te
528 2329 671 2391 misereri
690 2328 837 2392 conservi
861 2330 920 2407 tui,

167 2426 256 2487 siout
268 2433 300 2488 et
313 2444 373 2507 ego
387 2426 434 2487 tui
450 2426 599 2489 misertus
614 2428 702 2489 suml
717 2427 923 2490 Excellentis-

167 2524 287 2586 simam
317 2532 424 2587 autem
453 2543 646 2606 prorsusque
675 2524 921 2588 inenarrabilem

166 2621 425 2685 misericordiam
452 2621 547 2683 Μανία
575 2631 747 2685 consecuta
775 2632 834 2685 est.
865 2623 920 2685 Dei

168 2719 259 2782 enim
284 2719 446 2783 miseratio
464 2738 529 2783 non
547 2720 613 2801 jam
633 2721 795 2783 dumtaxat
816 2721 849 2782 in
874 2740 922 2782 re-

168 2817 325 2879 missione
339 2819 453 2900 culpae,
469 2819 525 2881 sed
547 2818 580 2880 in
601 2819 773 2899 gratiarum
795 2838 921 2901 quoque

168 2915 388 2997 praeventione
402 2924 434 2978 et
447 2936 466 2978 a
481 2916 572 2979 ruina
589 2916 833 2997 praescrutatione
850 2936 922 2979 con·

975 1936 1054 1997 dunt
1089 1942 1183 2016 atque
1212 1935 1460 2013 communicant,
1490 1942 1525 1997 tu
1552 1937 1673 2018 utique,
1703 1956 1722 2001 o

975 2032 1081 2113 Μανία,
1099 2033 1319 2097 misericordia
1334 2033 1656 2115 miserationibusque
1672 2055 1725 2097 ex·

977 2131 1101 2193 uberas.
1118 2130 1238 2214 Nempe
1253 2150 1347 2214 prece
1361 2132 1496 2213 pulsata,
1510 2141 1638 2213 repente
1654 2152 1725 2196 suc-

977 2228 1100 2307 curris3
1131 2230 1281 2292 omnibus
1294 2247 1421 2311 quoque
1453 2237 1484 2292 te
1512 2230 1724 2294 exaudibilem

977 2326 1278 2409 propitiabilemque
1299 2326 1439 2390 exhibes.
1456 2326 1524 2390 Non
1550 2327 1653 2390 illatas
1680 2348 1727 2391 re-

977 2426 1119 2488 cordaris
1134 2425 1279 2506 iniurias,
1297 2426 1353 2488 sed
1367 2426 1456 2489 velut
1470 2426 1516 2489 sol
1533 2426 1592 2488 iste
1615 2426 1727 2489 lucens

977 2530 1072 2604 atque
1105 2523 1279 2601 sensibilis,
1309 2523 1457 2587 omnibus
1491 2522 1725 2603 indifferenter,

978 2622 1154 2684 secundum
1170 2622 1423 2702 uniuscujusque
1438 2622 1657 2703 capacitatem,
1667 2622 1728 2685 cla-

978 2721 1077 2783 ritatis
1100 2740 1165 2783 sum
1185 2720 1289 2783 radios
1315 2720 1444 2799 influit3
1461 2720 1507 2782 sic
1533 2728 1613 2798 tu‚o
1638 2720 1729 2782 beni-

976 2819 1129 2900 gnissima
1154 2818 1354 2900 nimiumque
1379 2818 1600 2899 amplectenda
1619 2818 1724 2896 Μανία,

977 2917 1070 2980 bonis
1085 2926 1116 2979 et
1131 2916 1235 2995 malis,
1251 2916 1349 2998 gratis
1366 2924 1398 2978 et
1419 2916 1562 2996 ingratis,
1579 2915 1673 2996 justis
1695 2926 1727 2979 et

168 3015 266 3077 sistit.
282 3015 368 3077 lianc
388 3033 464 3078 vero
484 3015 693 3079 indicibiliter
711 3016 842 3079 omnino
861 3016 959 3079 lta-c
977 3015 1106 3097 injustis
1130 3015 1300 3078 exorabilis
1328 3034 1363 3077 es
1391 3022 1486 3095 atque
1515 3015 1723 3097 compatiens.

168 3113 220 3175 ria
248 3113 358 3176 sortita
386 3120 434 3175 est
459 3137 466 3175 :
495 3113 614 3194 quippe
645 3132 741 3203 quam
776 3115 859 3177 Deus
887 3114 921 3175 in

50 3225 124 3275 rm,
131 3229 152 3269 t.
167 3210 449 3273 benedictionibus
464 3210 642 3275 dulcedinis
655 3212 923 3293 praevenitprius·

166 3328 268 3391 quam
282 3309 504 3389 conciperetur
522 3308 749 3387 sanctificavit,
766 3317 860 3391 atque
881 3310 922 3372 ab

167 3406 261 3470 omni
285 3406 437 3488 deinceps
462 3406 588 3469 macula
614 3407 796 3485 custodivit,
822 3409 921 3489 quod-

166 3524 233 3587 que
261 3504 358 3567 uimis
382 3505 583 3585 prestantius
612 3513 670 3585 est,
697 3506 730 3567 in
759 3505 919 3588 propriam

167 3620 298 3685 quoque
317 3602 358 3664 ab
377 3610 495 3666 aeterno
516 3611 649 3666 matrem
670 3604 777 3685 elegit.
793 3604 921 3669 Constat

166 3701 278 3781 itaque
313 3700 360 3781 (ni
395 3698 501 3779 fallor)
534 3700 786 3764 misericordiam
819 3702 921 3764 Μανία

166 3816 321 3879 magnam
349 3796 453 3876 valde,
484 3797 698 3880 largissimam
732 3798 921 3862 indeficien-

167 3905 299 3977 temque
327 3895 490 3959 exsistere.
519 3895 583 3959 Nec
612 3895 729 3960 mirum
756 3920 764 3957 :
789 3897 822 3958 in
851 3897 920 3979 ipsa

166 3994 319 4075 equidem
341 3993 677 4075 incomprehensibilis
700 3994 787 4056 illius
812 3995 920 4057 saluti-

167 4092 275 4156 ferum
304 4092 529 4156 misericordiae
556 4111 649 4173 opus,
674 4093 759 4174 quod
788 4100 836 4156 est
863 4093 918 4157 Dei

976 3113 1087 3178 llultos
1107 3114 1235 3176 demum
1260 3112 1417 3194 praevenis
1442 3122 1473 3175 et
1496 3113 1605 3196 eripiS,
1622 3114 1726 3175 salvas

976 3218 1008 3273 et
1021 3211 1119 3291 ditas;
1136 3211 1422 3291 universorumque
1437 3230 1548 3292 preces
1563 3230 1599 3273 ac
1616 3230 1726 3274 ueces-

976 3308 1084 3371 sitates
1099 3308 1299 3391 amplissimo
1320 3308 1460 3388 itemque
1482 3316 1625 3372 materno
1646 3309 1727 3371 affe-

976 3415 1030 3469 ctu
1051 3406 1189 3490 suscipis
1209 3412 1302 3487 atque
1322 3406 1535 3487 amplecteris.
1553 3406 1577 3469 0
1595 3426 1726 3490 prorsus

975 3505 1120 3586 piissima
1145 3504 1252 3583 Μανία,
1268 3522 1338 3585 qum
1362 3522 1459 3584 quum
1486 3522 1609 3566 summa
1634 3523 1727 3566 mun·

974 3603 1169 3684 dissimaque
1184 3603 1239 3680 sis,
1256 3600 1430 3664 vilissimos
1449 3608 1568 3679 tamen,
1584 3602 1726 3665 miserri-

975 3717 1044 3763 mos
1058 3719 1095 3762 ac
1110 3700 1242 3763 omnino
1258 3698 1492 3780 impurissimos
1512 3717 1577 3761 non
1599 3700 1724 3781 spernis

975 3816 1034 3861 nec
1053 3798 1175 3861 deseris
1194 3798 1234 3878 (si
1257 3797 1297 3859 ad
1321 3804 1351 3858 te
1376 3795 1592 3878 confugerint)
1613 3816 1726 3879 pecca·

974 3904 1060 3960 tores
1076 3903 1083 3958 t

1013 3995 1177 4071 Praeterea,
1193 3992 1278 4075 quis,
1301 4011 1321 4055 o
1341 3992 1473 4074 liegina,
1490 3992 1722 4057 misericordia·

973 4112 1044 4155 rum
1068 4099 1193 4154 tuarum
1218 4090 1451 4173 plenitudinem
1476 4090 1581 4171 eloqui
1606 4094 1720 4172 quenti

166 4189 359 4269 incarnatio,
375 4209 445 4271 quae
461 4190 570 4252 mundi
587 4190 672 4253 salus
690 4198 750 4272 est,
767 4210 786 4253 α
807 4192 917 4256 mundi
932 4196 958 4260 l)
971 4191 1098 4253 Etenim
1124 4189 1287 4271 longitudo
1313 4208 1421 4253 earum
1445 4209 1463 4251 α
1487 4189 1604 4252 saeculo
1627 4197 1659 4253 et
1686 4190 1719 4253 in

166 4287 289 4371 opifice
303 4287 425 4352 facturn
439 4307 608 4352 censemus
621 4311 630 4367 3
646 4296 677 4352 et
691 4308 749 4371 per
761 4308 832 4352 eam
854 4292 919 4372 pri·

166 4404 259 4449 mum
274 4386 526 4451 misericordiam
540 4386 579 4450 de
594 4405 690 4450 manu
702 4387 757 4450 Μαί
770 4387 917 4451 altissimi

168 4484 277 4567 adepti
299 4504 419 4547 sumus.

209 4584 333 4663 Adbuc,
363 4582 538 4646 femineum
567 4602 675 4647 sexum
705 4584 842 4649 maxime
870 4588 918 4667 (ut

168 4684 255 4761 reor)
278 4682 371 4744 decet
393 4681 574 4744 clementia.
591 4682 652 4745 Sed
676 4692 708 4745 et
731 4684 917 4747 advocatam

168 4798 348 4863 pauperum
382 4779 623 4844 misericordem
657 4800 727 4844 esse
758 4790 916 4865 oportere,

168 4896 235 4941 non
257 4878 380 4959 estqui
402 4878 535 4941 dubitet.

41 4996 152 5048 nenne.
211 4977 374 5055 Praeterea,
385 4976 419 5037 in
433 4976 651 5058 superioribus
665 4996 717 5041 me
731 4979 808 5042 olim
824 4979 919 5043 dixis-

42 5077 43 5084 ’
169 5093 205 5138 se
230 5074 430 5152 reminiscor,
445 5075 530 5155 quod
549 5075 613 5138 Deo
634 5076 679 5137 nil
699 5077 836 5141 similius
859 5078 919 5140 nil·

170 5193 234 5255 que
248 5172 386 5235 vicinius
399 5173 494 5235 Μανία
508 5173 647 5237 exsistat.
660 5174 755 5239 Porro
769 5177 833 5240 Deo
847 5196 920 5259 pro

171 5270 280 5357 prium
299 5278 348 5333 est
366 5270 509 5333 misereri
529 5290 654 5355 semper
673 5281 706 5337 et
725 5292 867 5357 parcere.
883 5277 918 5340 ln

973 4288 1136 4367 saeculum,
1162 4294 1194 4351 et
1221 4286 1385 4368 usquead
1413 4286 1719 4351 consummationem

973 4386 1206 4468 seeuli,super
1226 4384 1410 4466 omnesqui
1436 4386 1475 4448 ad
1500 4385 1585 4467 ipsas
1610 4385 1721 4449 confu-

972 4487 1085 4569 giunt3
1112 4484 1244 4547 latitudo
1272 4490 1377 4546 autem
1402 4484 1525 4546 amari
1553 4502 1653 4565 usque
1680 4486 1720 4549 ad
1734 4508 1866 4562 ramea.

973 4604 1071 4662 mare,
1089 4592 1121 4646 et
1135 4602 1153 4645 a
1167 4582 1303 4644 flumine
1318 4599 1418 4662 usque
1441 4582 1479 4644 ad
1502 4582 1655 4646 terminos
1670 4602 1722 4647 or-

973 4684 1023 4747 bis
1047 4692 1214 4760 terrarum,
1231 4688 1265 4743 ut
1290 4679 1352 4742 tuis
1376 4698 1549 4763 quoque,o
1573 4682 1718 4764 Domina,

972 4780 1232 4846 miserationibus
1261 4786 1343 4841 terra
1371 4779 1467 4861 plena
1495 4780 1557 4859 sit3
1587 4780 1720 4844 altitudo
1734 4804 1868 4855 ramat.

972 4899 1049 4945 vero
1071 4879 1212 4961 ipsarum
1232 4878 1319 4940 urbis
1342 4896 1439 4941 sacrae
1457 4878 1631 4942 Jerusalem
1656 4880 1722 4942 rui·

972 4999 1030 5042 nas
1059 4986 1203 5061 reparat3
1230 4975 1429 5059 profunditas
1456 4996 1582 5060 quoque
1611 4996 1720 5041 earum

973 5096 1074 5159 usque
1095 5077 1135 5139 ad
1157 5075 1277 5139 inferos
1291 5075 1466 5155 descendit,
1483 5076 1722 5138 exsistentibus-

973 5194 1035 5257 que
1054 5175 1086 5237 in
1114 5174 1212 5237 limbo
1233 5174 1446 5236 desideratum
1464 5174 1520 5235 diu
1539 5173 1647 5237 lumen
1673 5174 1722 5239 in·

975 5273 1072 5337 vexit.
