4309 6259
884 884 970 979 DE

115 1180 620 1337 PASSIONE
671 1187 1047 1340 DOMINI
1101 1188 1750 1345 SALVATORIS

655 1556 757 1680 DI
772 1555 1198 1685 ALOGUS¹

915 2221 1202 2384 *attunt
1223 2230 1465 2391 tutum
1478 2232 1707 2395 uum

150 2434 196 2493 ne
211 2430 392 2490 incentivis
405 2438 503 2509 atque
522 2430 673 2488 incendio
692 2428 846 2487 caritatis
860 2447 902 2486 ec
956 2436 1049 2479 0088ss
1071 2418 1160 2481 oravi
1182 2417 1368 2501 frequenter
1393 2425 1495 2508 :Igne
1516 2428 1563 2491 tui
1585 2430 1703 2493 amoris

182 2528 286 2597 parte
300 2520 442 2579 increati
455 2518 584 2595 objecti,
600 2519 688 2596 qued
704 2525 751 2576 ert
765 2518 859 2579 Deua
955 2516 1096 2578 accende
1122 2534 1200 2596 me;
1227 2537 1286 2581 nec
1310 2522 1494 2587 exauditum
1524 2544 1576 2589 me
1604 2527 1703 2606 sensi,

957 2612 1032 2693 imo,
1044 2622 1079 2675 ut
1094 2614 1170 2692 adii,
1183 2616 1227 2678 sic
1243 2616 1321 2680 redii
1336 2619 1458 2703 algens.
1476 2623 1702 2689 Verumtamen

188 2717 365 2779 Ssavaron.
390 2748 431 2761 -
454 2712 559 2777 'l'oties
582 2711 744 2776 accessisti
767 2711 808 2775 ad
837 2730 899 2790 me,
955 2729 1021 2773 non
1040 2730 1079 2774 ex
1100 2721 1189 2794 parte
1209 2714 1254 2776 tui
1274 2718 1328 2779 sed
1350 2719 1413 2781 mei
1437 2719 1539 2785 lateor
1559 2740 1630 2785 esse
1650 2724 1706 2785 de-

150 2822 180 2878 ct
207 2814 316 2877 adbuc
344 2830 489 2875 remanes
517 2810 673 2893 lrigidust
702 2810 813 2875 Nonne
841 2828 901 2893 ego
956 2808 1089 2873 lectum.

31 2932 138 2987 tarnat,
151 2932 220 2974 sum
244 2910 361 2974 iomax
382 2908 502 2972 infiniti
526 2908 655 2988 amoris,
679 2908 761 2991 ignis
786 2927 902 2971 consu·
996 2907 1168 2972 Samaroa.
1184 2944 1225 2955 -
1238 2911 1333 2975 Recte
1348 2913 1409 2977 boc
1430 2916 1621 2981 confiteris:
1640 2936 1704 2983 non

149 3027 301 3072 mensae
323 3015 504 3089 penetrans,
520 3014 552 3068 et
566 3004 679 3069 intima
699 3005 816 3069 mentis
835 3024 900 3069 non
954 3005 1041 3067 enim
1064 3006 1226 3070 accessisti
1252 3009 1336 3073 sicut
1355 3022 1489 3095 oportet.
1512 3014 1642 3079 Etiamsi
1664 3017 1704 3080 ad

149 3109 253 3171 solum
275 3105 487 3185 succendens,
509 3104 566 3165 sed
589 3102 622 3165 in
646 3103 899 3168 sincerissimum
955 3102 1060 3185 iguem
1076 3104 1253 3169 mirabilem
1274 3108 1314 3171 ad
1334 3117 1364 3172 te
1385 3110 1637 3179 calefaciendum
1653 3134 1706 3178 ac-

147 3204 292 3268 caritetis
316 3202 470 3266 aiiectum
495 3199 737 3279 transformans,
763 3210 798 3264 ut
825 3201 900 3264 alie-
954 3201 1094 3279 cederes,
1103 3222 1266 3285 nunquam
1281 3206 1456 3287 caleiieros,
1465 3210 1491 3271 si
1502 3210 1585 3275 inter
1599 3212 1704 3295 ignem

147 3310 219 3366 nata
243 3322 264 3365 a
290 3320 337 3379 se,
363 3300 475 3383 suique
500 3299 599 3363 oblita
621 3319 658 3363 ac
687 3300 793 3363 omnis
817 3299 901 3361 entis
954 3306 987 3360 et
1008 3307 1037 3362 te
1056 3300 1277 3383 interpositum
1300 3313 1383 3369 esset
1403 3307 1603 3373 obstaculum
1626 3312 1706 3393 spis-

146 3402 257 3482 creati,
290 3408 356 3464 tota
386 3406 525 3462 transeat
552 3398 587 3461 in
615 3398 782 3477 dilectum,
812 3396 938 3461 stansB
955 3416 1037 3459 sum.
1058 3397 1121 3478 ste,
1147 3417 1245 3480 quum
1269 3403 1395 3465 accedis
1419 3405 1458 3467 ad
1484 3426 1535 3471 me
1561 3427 1633 3471 cum
1658 3410 1706 3471 in-

147 3499 211 3561 irxa
236 3498 271 3561 in
293 3496 563 3579 contemplatione
583 3495 685 3576 ipsius
703 3503 735 3557 et
755 3514 829 3558 cum
853 3495 901 3557 in·
954 3494 1106 3557 ordinatis
1134 3496 1303 3561 affectibus
1332 3520 1370 3563 ac
1398 3501 1600 3585 negligentiis
1630 3506 1702 3585 tuis,

146 3597 233 3679 genti
257 3595 469 3660 admiratione
494 3594 615 3656 intenta
639 3593 833 3657 excellentie
854 3602 900 3657 at-
954 3609 1028 3654 cum
1042 3593 1298 3659 distractionibus
1314 3598 1418 3677 variis,
1435 3619 1508 3663 cum
1528 3602 1705 3666 irreveren-

147 3714 209 3776 que
229 3693 422 3758 beatitudini
443 3692 535 3773 ejusl
954 3688 997 3752 tia
1011 3699 1043 3753 et
1055 3690 1176 3773 absque
1192 3696 1418 3777 preparatione
1434 3706 1466 3761 et
1481 3698 1703 3765 recollectione

185 3794 362 3857 Sarranus.
378 3826 419 3838 —
433 3790 500 3866 Quo
514 3788 776 3871 volas,llominet
790 3798 822 3853 et
836 3809 900 3872 quo
953 3788 1076 3867 idonea,
1094 3790 1137 3853 ita
1151 3792 1236 3873 quod
1258 3792 1433 3876 principem
1453 3804 1613 3860 terrenum
1629 3818 1702 3862 cum

147 3891 256 3955 evolas
280 3910 397 3953 manus
421 3891 532 3953 meast
553 3887 619 3970 Ego
640 3888 743 3951 adbuc
768 3906 845 3971 repo
865 3888 899 3951 in
954 3886 1097 3967 ampliori
1126 3888 1288 3970 diligentia
1322 3899 1354 3955 ot
1386 3894 1558 3959 attentione
1588 3896 1701 3978 majori

31 4010 131 4058 onina
146 3999 242 4071 terra,
268 3998 303 4053 et
325 3996 361 4051 tu
385 3987 608 4069 supersidere
636 3985 773 4049 scandis.
799 3987 900 4050 'l'rabe
953 3985 1122 4049 accederes
1141 3994 1173 4049 et
1193 3987 1419 4071 alloquereris3
1437 4010 1495 4054 nec
1517 3992 1596 4055 lacis
1616 3995 1701 4075 quod

29 4106 133 4162 trasna,
146 4108 196 4151 me
217 4096 295 4171 post
316 4094 358 4163 te,
379 4084 464 4149 sicut
487 4085 578 4147 vidos
599 4102 694 4167 posse
717 4085 806 4166 sequi
829 4103 901 4167 par-
953 4081 986 4143 in
1001 4090 1032 4145 te
1046 4091 1105 4161 est,
1117 4090 1217 4147 totum
1233 4092 1321 4149 tuum
1336 4088 1515 4153 adbibendo
1530 4100 1697 4155 conatum:

30 4174 49 4213 *
145 4187 259 4249 aulum
275 4186 374 4248 istum
388 4182 668 4247 etambulareboc
683 4202 781 4265 pocus
795 4192 897 4247 tuum.
953 4181 1108 4263 numquid
1132 4182 1246 4266 dignus
1268 4204 1302 4248 es
1324 4186 1463 4249 exaudiri
1484 4196 1516 4251 et
1537 4198 1629 4271 aptus
1649 4209 1701 4255 ac-

145 4282 270 4365 Objicis
296 4282 377 4345 mibi
401 4282 485 4364 quod
511 4281 696 4361 [requenter
716 4280 836 4343 accessi
858 4282 897 4343 ad
953 4280 1067 4343 cendil
1083 4279 1204 4360 Nonne,
1221 4290 1255 4345 ut
1275 4283 1336 4345 dici
1359 4284 1449 4364 solet,
1472 4295 1562 4349 actus
1583 4289 1702 4353 activo-

146 4390 188 4459 te‚
203 4392 238 4445 et
251 4379 359 4445 nibilo
373 4380 479 4443 minus
492 4380 596 4442 adbuc
610 4377 747 4459 frigidus
770 4396 895 4442 maneo.
953 4395 1023 4439 rum
1053 4378 1247 4459 recipiuntur
1272 4379 1304 4441 in
1331 4382 1523 4463 patientibus
1559 4392 1590 4447 et
1614 4404 1701 4450 rece-

145 4479 261 4544 Fateor
284 4479 371 4561 quod
396 4478 504 4560 aliquo
527 4476 622 4539 modo
645 4476 835 4539 accesserim
858 4478 897 4539 ad
952 4475 1047 4557 ptivis
1081 4476 1264 4558 dispositist
1297 4488 1329 4541 et
1361 4498 1420 4561 ego
1453 4481 1625 4565 unicuique
1659 4486 1699 4549 do
1731 4518 1818 4564 Μ,

145 4587 175 4641 tc
201 4598 262 4660 per
285 4577 397 4656 iidem,
422 4577 507 4640 sicut
528 4576 574 4639 ait
596 4575 766 4657 Apostolus
789 4582 862 4638 tuus
888 4575 937 4639 :d
953 4574 1128 4637 secundum
1152 4576 1313 4657 propriam
1338 4576 1499 4658 virtutem,
1522 4580 1554 4644 id
1578 4590 1627 4645 est
1649 4602 1699 4645 ca·
1713 4586 1805 4633 ¹¹'·¹⁵·

29 4692 132 4748 trans.
144 4677 363 4740 decedentem
391 4674 430 4738 ad
458 4675 558 4737 Deum
586 4682 712 4755 oportet
745 4673 896 4750 credere;
953 4672 1121 4755 pacitatem
1143 4682 1175 4736 et
1195 4674 1458 4756 dispositioneml

29 4792 131 4846 ranna.
145 4774 292 4857 itemque
328 4798 336 4837 ι
366 4774 562 4841 Accedamus
596 4792 670 4835 cum
704 4771 825 4836 fiducia
858 4774 897 4836 ad
993 4771 1160 4835 Sacvnrus.
1184 4807 1224 4819 -
1247 4772 1347 4836 Video
1371 4774 1447 4855 quid
1472 4796 1523 4841 me
1547 4778 1700 4843 bactenus

146 4873 303 4938 tbmnum
327 4872 434 4955 matie
455 4872 536 4953 ejus.
560 4871 638 4947 Quid
659 4870 746 4935 enim
767 4881 815 4935 est
839 4872 898 4935 isto
954 4868 1139 4952 impedivit3
1169 4879 1199 4933 et
1232 4870 1368 4952 qualiter
1402 4876 1618 4939 accedendum
1648 4878 1698 4957 sit,

191 5074 199 5111 ¹
216 5070 353 5120 Praesens
368 5068 493 5134 Dionysii
509 5067 597 5119 nostri
612 5066 873 5133 opusculum,quod
889 5069 985 5121 deerat
999 5069 1026 5120 in
1039 5068 1206 5129 editis,nibil
1221 5068 1298 5119 aliud
1314 5082 1377 5119 esse
1393 5068 1502 5122 videtur
1512 5086 1596 5137 quem
1612 5074 1701 5127 Manr-

142 5156 288 5192 rumonus
306 5154 368 5191 srva
379 5154 414 5191 na
427 5154 505 5191 nono
520 5153 745 5191 naconnarrours
760 5154 903 5191 norrrarcn
917 5142 1078 5198 Pnssrorus,
1092 5142 1118 5191 in
1130 5140 1252 5191 Elencbo
1267 5140 1389 5204 generali
1406 5142 1537 5194 submit
1550 5144 1699 5211 inscriptae.

142 5214 198 5277 (Cf.
216 5219 290 5264 torn.
311 5212 330 5271 l,
345 5226 373 5276 p.
386 5215 456 5275 arx.)
470 5212 551 5262 Nunc
564 5212 686 5277 primum
702 5212 730 5262 in
748 5212 839 5262 lucem
858 5212 952 5277 prodit
965 5226 1000 5263 ex
1019 5213 1115 5264 codice
1135 5212 1284 5265 chartaceo
1303 5226 1368 5263 saec.
1384 5227 1434 5265 xvr
1454 5214 1586 5277 ineuntis,
1602 5216 1700 5269 biblio-

142 5284 234 5337 thecae
249 5281 404 5335 seminarii
420 5282 590 5349 episcopalis
603 5283 827 5347 argentinensis
