4309 6259
428 461 487 529 tta
793 483 949 531 annosum
971 484 1069 532 uvam
1093 486 1100 530 :
1123 484 1203 531 nanc
1224 484 1340 533 sancnr
1360 485 1449 534 noers
1470 487 1605 534 sumnus

427 651 542 715 tiarum
569 651 727 717 actionem
753 661 916 717 cantemus
936 662 967 717 et
987 653 1173 734 offeramus,
1190 654 1337 736 Abante,
1358 656 1534 721 discordias
1554 656 1742 739 seminante,
1764 657 1854 739 quasi
1874 677 1894 719 a
1913 676 1977 721 ser-
2121 675 2122 744 l

427 750 467 813 de
482 751 542 813 hoc
557 751 641 831 quod
658 759 722 814 tam
736 753 871 833 gratiose
886 753 926 816 ab
940 753 989 815 his
1004 771 1074 833 quae
1089 773 1176 815 mun·
1229 762 1325 836 pente
1340 774 1413 819 mon
1428 754 1514 837 luge,
1531 756 1570 818 ad
1586 756 1690 819 minus
1706 755 1895 837 permeatis
1915 755 1978 819 dis-
2121 749 2122 766 ¹

427 847 460 909 di
477 858 550 911 sunt
564 868 622 912 nos
638 850 849 932 praeservavit.
872 852 944 914 ldeo
967 853 998 914 S.
1016 853 1172 915 loannes:
1231 873 1360 917 sensum
1376 862 1406 917 et
1421 855 1526 917 moesti
1542 854 1648 917 vultus
1663 855 1899 929 ostensionem3
1916 873 1977 917 nec

280 964 377 1008 trouva.
392 975 414 1014 l.
428 946 530 1011 Nolite
545 948 674 1030 (inquit)
689 950 819 1031 diligere
832 951 997 1030 mundum,
1014 969 1118 1031 neque
1138 970 1175 1013 ea
1230 952 1446 1015 communices
1461 962 1525 1015 tam
1541 953 1746 1017 infructuosis
1760 952 1878 1016 iabulis
1894 961 1978 1015 tene
2001 974 2092 1031 aptae.

279 1030 414 1143 ξω.
429 1064 499 1126 quae
518 1046 550 1108 in
570 1049 688 1110 mundo
704 1056 798 1124 sunt;
815 1047 927 1111 Paulus
947 1066 1072 1130 quoque
1091 1072 1098 1110 ε
1116 1048 1175 1112 No
1232 1051 1370 1131 brorum,
1397 1052 1498 1132 magis
1527 1058 1634 1114 autem
1658 1052 1823 1133 redargue.
1850 1050 1977 1113 Etenim
1990 1041 2020 1081 ¹¹·

430 1143 484 1206 lite
498 1144 569 1225 (ait)
584 1146 776 1209 conformari
792 1146 865 1209 huic
881 1147 1007 1211 seculo.
1231 1168 1289 1229 per
1321 1149 1479 1212 tristitiam
1514 1150 1619 1212 vultus
1654 1150 1820 1231 corrigitur
1851 1148 2093 1211 animuscoeana
2122 1187 2123 1202 t

1230 1248 1444 1328 delinquentis
1457 1270 1465 1324 3
1483 1256 1514 1311 ct
1529 1248 1612 1311 sicut
1626 1256 1739 1310 ventus
1752 1247 1867 1329 Aquilo
1886 1246 1978 1310 dissi-
1988 1264 2046 1306 rra.
2058 1278 2094 1308 m.
2122 1249 2123 1334 s

471 1340 551 1403 Ecce
581 1341 612 1402 in
637 1342 697 1405 hoc
722 1342 839 1425 hymno
864 1344 1016 1406 docemur
1042 1343 1177 1425 qualiter
1231 1354 1285 1427 pat
1304 1345 1440 1427 pluvias,
1458 1346 1503 1409 sic
1522 1345 1621 1409 iacies
1643 1346 1739 1408 tristis
1758 1346 1898 1427 linguam
1924 1346 1980 1407 de-
1990 1328 2020 1368 n
2122 1343 2123 1346 ’

431 1445 495 1501 tota
513 1438 563 1502 die
582 1456 641 1503 nos
661 1440 832 1503 debeamus
853 1442 980 1520 habere,
997 1442 1176 1505 exsistendo
1231 1444 1419 1507 trahentem.

295 1555 368 1600 aecta.
380 1570 416 1609 u,
431 1535 555 1599 solliciti
570 1556 610 1600 ne
626 1539 815 1601 excedamus
830 1539 862 1600 in
883 1539 987 1603 verbis
1005 1564 1012 1602 :
1029 1540 1104 1622 qnia
1123 1540 1177 1622 qui
1272 1542 1411 1623 Denique
1427 1542 1480 1606 ubi
1495 1542 1598 1624 major
1613 1541 1765 1624 peccandi
1780 1540 1920 1619 occasio,
1937 1541 1980 1605 ibi

283 1622 304 1662 ⁸·
431 1635 537 1698 multis
562 1636 660 1698 utitur
679 1638 794 1717 verbis,
812 1637 896 1701 laedit
915 1638 1054 1701 animam
1074 1658 1176 1718 suam,
1231 1639 1412 1721 diligentior
1425 1639 1507 1703 adsit
1517 1640 1670 1703 custodia.
1678 1641 1757 1702 Hinc
1771 1639 1804 1701 in
1820 1639 1980 1721 colloquio

282 1744 416 1797 raama.
431 1752 490 1796 nec
512 1733 560 1797 vir
578 1733 742 1816 linguosus
762 1736 915 1817 dirigetur
935 1736 966 1798 in
988 1744 1081 1799 terra.
1098 1737 1178 1799 Hinc
1233 1756 1388 1819 ponamus
1412 1739 1459 1801 ori
1484 1747 1592 1802 nostro
1617 1738 1804 1815 custodiam,
1826 1746 1858 1801 et
1877 1738 1920 1800 ibi
1941 1737 1981 1799 sit
1993 1754 2095 1796 remu.

285 1810 318 1850 ¹²·
431 1832 605 1913 loquacitas
631 1833 768 1896 stultitiae
794 1834 919 1915 signum
944 1844 1002 1913 est,
1028 1835 1117 1916 juxta
1142 1836 1179 1897 il-
1194 1838 1216 1900 Β
1232 1836 1335 1898 omnis
1349 1835 1448 1898 irater
1462 1837 1554 1900 velox
1574 1836 1614 1898 ad
1633 1836 1825 1899 audiendum
1844 1821 2097 1923 verbumjffl,

279 1938 415 1992 neceam.
432 1931 629 1993 lud:Stultus
644 1932 741 1995 verba
755 1932 955 2014 multiplicat.
973 1933 1011 1995 Et
1026 1934 1177 2016 scriptum
1233 1932 1354 2012 salutis,
1371 1933 1479 1995 tardus
1495 1951 1570 1996 vero
1584 1934 1624 1995 ad
1639 1932 1844 2013 loquendum,
1857 1950 1982 1995 memor

283 2046 403 2099 roenna.
432 2038 480 2093 est
501 2053 507 2091 ε
530 2030 654 2091 Utinam
680 2030 836 2109 taceretis,
858 2039 892 2093 ut
916 2032 1105 2113 putaremini
1131 2052 1180 2094 sa·
1233 2030 1322 2091 verbi
1337 2030 1455 2111 Jacobi,
1473 2030 1578 2094 lratris
1591 2030 1715 2093 Domini
1732 2053 1739 2089 :
1758 2029 1788 2091 Si
1803 2029 1875 2111 quis
1890 2036 2080 2110 putaturus.

284 2148 417 2201 braama,
433 2128 576 2211 pientes3
597 2127 735 2209 itemque
757 2150 763 2189 :
787 2130 898 2191 'lotum
920 2129 1065 2212 spiritum
1086 2149 1179 2193 suurn
1234 2148 1267 2191 se
1283 2128 1464 2210 religiosum
1475 2149 1556 2208 esse,
1572 2148 1636 2191 non
1653 2128 1818 2191 refrenans
1837 2127 1981 2209 linguam

285 2215 318 2254 ¹¹·
433 2226 553 2308 prolert
578 2226 703 2306 stultus,
730 2226 857 2309 sapiens
880 2236 986 2291 autem
1011 2226 1121 2291 dillert
1149 2238 1181 2290 et
1234 2247 1335 2305 suam,
1353 2228 1408 2290 sed
1425 2228 1579 2290 seducens
1595 2245 1758 2290 corsuum
1779 2229 1851 2308 (per
1871 2226 1982 2307 loqua-

434 2332 572 2388 reservat
600 2325 633 2386 in
660 2334 830 2406 posterum.
858 2326 967 2389 Visum
993 2345 1120 2408 quoque
1149 2336 1181 2390 at
1234 2325 1361 2388 citatem
1380 2333 1475 2408 atque
1494 2326 1612 2387 silentii
1633 2323 1833 2404 fractionem,
1849 2333 1903 2387 aut
1924 2344 1983 2405 pcr

433 2432 555 2486 ceteros
575 2442 687 2486 sensus
707 2424 876 2487 exteriores
902 2426 1115 2489 custodiamus
1140 2427 1180 2488 ab
1234 2424 1362 2486 stultam
1392 2425 1440 2486 sni
1470 2424 1570 2505 ipsius
1598 2422 1852 2504 reputationem),
1884 2422 1983 2503 hujus
2124 2391 2125 2448 l

432 2520 520 2585 omni
540 2540 671 2584 excessu
691 2522 775 2583 circa
795 2542 851 2585 sua
876 2522 1012 2604 objecta,
1029 2525 1180 2604 quemad·
1233 2542 1315 2585 vana
1339 2531 1387 2584 cst
1411 2522 1531 2604 religio.
1553 2522 1686 2603 Insuper
1709 2520 1814 2584 cordis
1838 2520 1981 2602 puritati,

322 2640 393 2685 neca.
431 2620 561 2683 modum
592 2619 744 2701 scriptum
774 2628 822 2682 est
853 2644 859 2681 :
887 2620 959 2703 Sepi
988 2641 1081 2684 curos
1110 2628 1180 2683 tuas
1233 2639 1303 2701 quat
1323 2619 1465 2683 omnium
1489 2619 1709 2683 exercitiorum
1734 2626 1782 2681 est
1801 2616 1888 2698 linis,
1909 2617 1984 2681 elli-

283 2717 353 2755 ¹¹'¹¹¹·
369 2707 402 2747 ²⁸·
432 2716 543 2799 spinis,
570 2726 602 2780 et
626 2717 690 2781 noli
716 2717 823 2780 audire
850 2718 990 2800 linguam
1019 2738 1177 2800 nequam3
1233 2719 1351 2781 caciter
1375 2719 1568 2795 studeamus,
1586 2726 1679 2798 atque
1699 2716 1860 2780 sobrietati
1878 2740 1886 2777 ε
1903 2735 1983 2797 quo

431 2816 571 2897 linguam
600 2816 721 2879 scilicet
755 2816 982 2895 detrahentem,
1015 2836 1180 2880 susurran-
1232 2816 1319 2879 niam
1334 2816 1489 2897 optimum
1503 2823 1552 2877 est
1565 2816 1664 2896 gratia
1679 2814 1809 2877 stabiliri
1831 2832 1899 2891 cor,
1914 2833 1982 2878 non
1995 2812 2103 2917 ,Hm

432 2923 508 2995 tem,
526 2914 700 2978 discordias
720 2915 928 2979 seminantem
947 2940 953 2977 :
972 2916 1037 2979 baec
1060 2915 1178 2998 quippe
1233 2915 1326 2994 eseia,
1342 2934 1441 2995 quum
1457 2915 1541 2977 dicat
1556 2913 1699 2977 Salvator
1715 2936 1722 2974 :
1740 2913 1793 2975 Va
1813 2912 1904 2975 vobis
1925 2913 1982 2994 qui
1994 2908 2102 2983 iana
2125 2945 2126 2966 t

434 3021 508 3075 sunt
522 3031 651 3094 prorsus
666 3012 822 3076 diabolica
842 3014 929 3077 vitia.
946 3015 1020 3078 ldeo
1038 3034 1056 3077 a
1076 3015 1178 3078 detra·
1197 3014 1218 3077 C
1233 3014 1361 3076 saturati
1383 3012 1470 3076 estis.

846 3332 926 3426 tu
972 3333 1250 3428 TERTlrllll
1299 3333 1563 3428 HYMNUS

540 3617 572 3678 t.
590 3616 686 3678 Nunc
701 3616 819 3679 Sancte
834 3615 930 3678 nobis
944 3614 1099 3696 Spiritus
1323 3616 1545 3678 Flammescat
1558 3615 1634 3695 igne
1649 3614 1779 3694 caritas,

520 3715 631 3778 Unum
647 3714 737 3776 Patri
752 3731 828 3777 cum
842 3713 940 3790 Filio,
1322 3714 1488 3776 Accendat
1502 3713 1599 3775 ardor
1613 3714 1795 3795 proximos.

519 3813 662 3893 Dignare
678 3813 852 3893 promptus
866 3810 983 3891 ingeri,
1687 3881 1707 3895 ..
1748 3882 1754 3894 ,

520 3912 641 3974 Nostro
657 3909 789 3973 retusus
803 3909 939 3989 pectori.
1344 3883 1378 3945 3·
1395 3882 1422 3944 Ρ
1423 3882 1532 3961 raesta,
1550 3881 1577 3943 Ρ
1578 3882 1648 3944 aler
1662 3898 1824 3962 PllflSlflss,

1323 3981 1479 4060 Patrique
1498 3995 1634 4060 compar
1647 3980 1763 4059 Unice,

543 4081 574 4143 2.
592 4080 650 4158 Oe,
662 4078 787 4159 lingua,
801 4095 907 4157 mena,
923 4095 1052 4158 sensus,
1067 4078 1162 4159 vigor
1322 4078 1405 4141 Cum
1420 4078 1546 4159 Spiritu
1560 4075 1729 4141 Paracleto

448 4229 450 4233 .
520 4176 769 4241 contessionem
784 4178 977 4258 personent3
1320 4177 1475 4258 Regnans
1489 4192 1548 4257 per
1561 4192 1660 4239 omne
1673 4176 1846 4239 saeculum.
1862 4175 1988 4240 Amen.

940 4452 1251 4540 Expostulo
1290 4453 1478 4540 HYlllNI

472 4695 648 4759 invocaron
665 4692 698 4755 in
714 4710 751 4757 eo
768 4692 904 4773 Spiritus
925 4692 1059 4753 Sanctus
1081 4698 1116 4752 ut
1136 4688 1222 4752 ‹tt-D
1312 4692 1387 4755 OllA
1402 4690 1577 4753 Tertiarum
1593 4698 1677 4753 recte
1698 4708 1867 4770 precamur
1885 4690 1994 4772 Spiri-

435 4800 551 4875 guctur
565 4790 657 4854 nobis
672 4789 758 4853 illabi
771 4815 779 4869 3
796 4791 960 4854 hortamur
974 4789 1089 4851 deinde
1103 4796 1138 4850 ut
1153 4797 1184 4851 ct
1325 4798 1393 4851 tum
1419 4790 1569 4852 Sanctum
1593 4796 1628 4849 ut
1651 4808 1686 4851 se
1716 4789 1808 4852 nobis
1836 4789 1995 4870 dignetur

436 4910 569 4972 corpore
584 4896 616 4953 et
630 4890 738 4953 animo
753 4889 876 4953 divinas
891 4905 1098 4970 personemus
1118 4887 1184 4950 lau·
1238 4887 1416 4966 infundere,
1424 4907 1487 4970 qua
1500 4888 1577 4951 hora
1592 4886 1799 4950 sanctissimas
1814 4886 1993 4969 primitivae

435 4992 503 5069 des,
529 5008 567 5053 ac
598 4987 775 5051 ferventem
800 4986 938 5051 caritatis
967 4984 1120 5049 allectum
1149 4985 1183 5047 in
1235 4986 1386 5050 Ecclesiae
1408 4986 1469 5048 luit
1487 4985 1625 5065 inlusus,
1641 4985 1730 5066 juxta
1753 4986 1838 5066 quod
1861 4983 1993 5049 dictum

436 5088 597 5173 proximos
618 5086 803 5149 habeamus.
1237 5085 1331 5148 estin
1352 5086 1470 5167 hymno
1489 5084 1529 5147 de
1550 5083 1738 5147 solennitate
1753 5084 1851 5165 ipsius
1874 5106 1881 5145 :
1902 5084 1994 5149 Dum
2008 5103 2090 5160 aar

474 5188 593 5251 Auctor
624 5184 820 5249 Ambrosius.
851 5184 983 5247 Carmen
1012 5182 1182 5247 iambicum
1236 5184 1314 5247 bora
1335 5183 1458 5245 cunctis
1478 5182 1582 5245 tertia.

434 5287 616 5353 dimetrum.
1276 5284 1375 5347 Nurac
1389 5285 1509 5345 Sancte
1524 5282 1615 5343 nocis
1628 5281 1790 5357 Spiritus,
1801 5301 1906 5345 unum
1921 5286 1995 5348 Pa·
2058 5289 2071 5344 t
