4309 6259
454 494 515 560 550
716 515 756 561 DE
776 514 933 561 PRAEGONlO
954 515 991 559 Er
1012 514 1176 561 mumma
1196 514 1312 571 HARlAE,
1336 513 1422 559 trualt
1444 514 1488 559 lll.
1511 532 1552 543 -
1573 514 1643 559 ultr.
1665 513 1741 559 xrrn

454 703 520 747 non
544 692 649 767 potest
672 684 735 749 nisi
760 686 793 748 in
818 684 882 748 vite
906 683 1127 767 permanserit,
1154 684 1200 746 sic
1217 682 1242 747 Α
1258 682 1357 747 latria
1370 702 1497 765 quoque
1511 683 1590 748 ratio
1605 692 1663 747 est.
1679 682 1773 747 Poma
1794 682 1881 745 dulia
1898 682 1985 745 virtus

454 802 515 846 nec
539 801 610 862 nos,
632 784 695 846 nisi
720 786 753 847 iu
777 792 819 863 te,
842 802 861 848 o
885 784 968 846 bone
990 784 1075 860 lesu,
1101 800 1120 846 o
1149 800 1202 844 rex
1257 790 1305 844 est
1318 800 1388 863 qua
1404 781 1619 863 superioribus
1630 780 1918 861 excellentibusque
1928 800 1987 862 per-

455 880 594 961 Messias,
610 881 745 945 ollarias
758 881 830 961 Fili,
846 889 878 945 at
893 881 1047 944 altissime
1068 898 1106 943 ac
1129 880 1203 942 ado·
1257 879 1344 942 sonis
1366 880 1491 959 creatis,
1508 880 1647 943 debitam
1668 880 1794 942 exhibet
1818 878 1985 942 servitutem

456 981 554 1042 rande
575 980 709 1059 Christe,
726 980 949 1043 manserimus.
1257 986 1350 1059 atque
1365 978 1529 1042 bonorem.
1545 978 1682 1059 ideoque
1703 978 1875 1041 idololatrae
1895 978 1986 1058 appel-

496 1077 556 1141 Sed
574 1078 641 1159 jam
665 1077 852 1160 digressioni
875 1077 951 1141 huic
976 1076 1075 1140 linem
1101 1075 1202 1158 impo
1257 1075 1311 1138 lati
1327 1085 1402 1139 sunt
1420 1077 1452 1139 bi
1473 1077 1584 1158 utique
1606 1078 1661 1157 qui
1684 1095 1741 1159 pro
1763 1076 1828 1139 Deo
1848 1075 1927 1137 idola
1945 1094 1986 1137 co

454 1194 546 1252 nens,
562 1176 651 1239 laetor
668 1185 763 1258 atque
787 1177 909 1239 exsulto
935 1176 967 1238 in
992 1175 1202 1257 dispositione
1257 1173 1337 1236 lunt.
1353 1174 1507 1256 Denique,
1529 1194 1630 1255 quum
1653 1174 1765 1255 religio
1791 1192 1810 1235 a
1834 1173 1984 1255 relegando

453 1282 518 1352 tua,
531 1274 675 1337 Domine.
687 1274 812 1337 Etenim
826 1273 904 1338 olim
918 1274 1200 1355 (quemadmodum
1257 1273 1391 1350 dicatur,
1408 1292 1446 1335 eo
1467 1274 1551 1354 quod
1567 1281 1707 1335 mentem
1723 1292 1741 1334 a
1755 1270 1870 1335 ceteris
1885 1270 1985 1352 releget

453 1371 486 1433 in
501 1372 636 1454 proximi
651 1372 805 1435 elucescit
826 1372 893 1434 line
914 1370 1053 1450 articuli)
1068 1378 1200 1433 moestus
1257 1378 1351 1451 atque
1367 1370 1520 1450 absolvat,
1538 1379 1568 1433 et
1588 1370 1649 1452 ipsi
1672 1370 1735 1433 Deo
1757 1388 1827 1431 eam
1850 1369 1985 1431 inheren-

452 1478 583 1551 propter
616 1470 798 1551 injunctum
834 1470 919 1532 circa
946 1469 1101 1532 exteriora
1128 1468 1201 1531 oili·
1257 1475 1320 1530 tem
1336 1468 1521 1549 unitamque
1535 1467 1670 1547 alliciat,
1686 1468 1792 1549 palam
1814 1485 1877 1530 non
1892 1484 1984 1529 omncs

453 1566 539 1629 cium
554 1567 669 1645 lactus,
686 1587 772 1630 nunc
786 1569 908 1649 gaudeo
926 1591 933 1629 :
949 1567 1100 1648 quoniam
1116 1566 1200 1648 quod
1258 1566 1328 1629 illos
1348 1566 1402 1647 qui
1422 1567 1520 1629 Deum
1546 1566 1666 1645 colunt,
1682 1565 1849 1647 religiosos
1873 1584 1985 1627 censen-

454 1682 528 1727 cum
542 1664 651 1728 dolore
666 1664 870 1746 lacrimisque
884 1665 989 1742 omisi,
1005 1664 1072 1745 jam
1092 1663 1200 1745 utique
1256 1666 1325 1745 dos,
1351 1666 1405 1727 sed
1431 1684 1485 1727 eos
1510 1666 1672 1727 dumtaxat
1694 1665 1750 1746 qui
1775 1683 1809 1726 se
1834 1683 1853 1725 a
1876 1662 1985 1725 caducis

454 1781 527 1825 cum
542 1762 740 1844 precordiali
757 1762 864 1825 laetitia
882 1763 1031 1843 prosequi
1054 1781 1202 1826 consum·
1258 1762 1381 1824 cunctis
1396 1761 1583 1842 alienantes,
1599 1762 1699 1825 libera
1718 1762 1860 1842 itemque
1881 1760 1985 1822 sincera

454 1879 604 1941 mareque
628 1860 754 1924 inchoo.
771 1860 877 1939 Porro,
892 1868 929 1922 ut
953 1880 1062 1922 verum
1088 1860 1198 1936 fatear,
1215 1862 1238 1923 B
1257 1862 1320 1923 Deo
1345 1869 1451 1924 mente
1475 1861 1590 1923 intenti
1615 1868 1700 1940 sunt,
1726 1860 1846 1943 quippe
1870 1877 1985 1941 quorum

453 1976 491 2021 ac
514 1958 679 2040 praesentis
698 1958 794 2020 etiam
815 1957 1026 2038 jucunditatis
1047 1957 1201 2020 rationem
1257 1966 1306 2021 est
1320 1958 1450 2021 allectio
1466 1960 1584 2022 munda
1599 1967 1630 2021 et
1644 1959 1750 2021 anima
1766 1966 1885 2021 sancta
1897 1958 1985 2037 ltaque

454 2054 627 2136 insinuem,
643 2056 705 2118 tale
729 2063 796 2117 erat
813 2075 851 2117 ac
876 2063 998 2118 tanturn
1021 2054 1204 2136 occupatio-
1256 2057 1322 2137 jam
1338 2076 1423 2121 nunc
1438 2056 1485 2138 (ni
1500 2056 1607 2137 lallor)
1627 2056 1798 2119 innotescit
1820 2074 1859 2119 eo
1880 2053 1986 2135 religio

454 2153 505 2215 nis
524 2153 610 2216 illius
630 2172 811 2234 gravamen,
829 2162 863 2214 ut
882 2172 923 2215 ne
947 2172 1045 2215 unum
1071 2153 1201 2235 quidem
1258 2155 1373 2218 siorem
1389 2154 1488 2218 luisse
1503 2154 1643 2235 Mariam,
1660 2173 1724 2235 quo
1738 2162 1806 2217 erat
1822 2172 1909 2216 mens
1928 2153 1984 2233 ejus

453 2252 604 2315 editionis
618 2251 716 2333 bujus
730 2251 901 2314 articulum
917 2251 1044 2314 interim
1067 2250 1203 2333 scripse·
1258 2254 1298 2316 ab
1317 2252 1403 2315 omni
1424 2272 1443 2315 a
1472 2253 1595 2316 Christo
1619 2254 1789 2333 elongante
1814 2251 1928 2314 aflectu
1949 2250 1986 2311 di-

454 2349 526 2412 rim.
553 2350 694 2430 lienique
723 2350 827 2430 majus
856 2349 931 2412 inde
958 2368 1096 2431 quoque,
1116 2350 1199 2412 heul
1259 2352 1402 2428 stantior,
1420 2359 1451 2414 et
1472 2350 1505 2412 in
1520 2350 1621 2432 ipsius
1641 2351 1690 2412 sui
1712 2348 1872 2431 Unigeniti
1892 2350 1986 2411 ardore

453 2447 680 2509 detrimentum
705 2448 835 2511 sortitus
853 2466 949 2509 sum:
967 2448 1085 2530 quippe
1110 2445 1203 2528 cujus
1258 2447 1461 2511 immobilior.
1478 2448 1566 2523 Quod
1582 2450 1608 2510 si
1624 2448 1810 2529 angelorum
1827 2446 1987 2510 hominum·

455 2544 583 2607 interim
608 2564 699 2607 mens
724 2544 913 2622 instabilior,
939 2545 1065 2607 animus
1090 2546 1203 2607 distra-
1258 2565 1319 2628 que
1344 2546 1462 2628 linguis
1485 2547 1662 2628 eloquerer,
1679 2565 1743 2608 non
1769 2546 1879 2627 utique
1901 2546 1987 2607 adbuc

455 2644 545 2719 otior,
561 2643 689 2729 devotio
704 2642 819 2721 minor,
837 2642 945 2707 servor
965 2643 1120 2725 frigidior,
1139 2662 1203 2705 ma·
1258 2645 1374 2706 amoris
1390 2644 1485 2724 hujus
1506 2644 1739 2707 vehementiam
1762 2642 1882 2725 profari
1902 2660 1988 2705 essem

453 2741 505 2823 jor
528 2741 716 2821 loquacitas,
737 2740 919 2804 saecularior
942 2741 1112 2819 maneries,
1136 2760 1200 2820 cor,
1259 2743 1404 2806 idoneus.
1415 2743 1579 2821 Praeterea,
1590 2742 1794 2824 singulariter
1808 2742 1905 2803 nimis
1918 2759 1989 2821 pror-

455 2839 539 2900 heul
570 2839 677 2900 minus
706 2838 901 2918 timoratum,
931 2847 1095 2920 totumque
1123 2857 1203 2919 opus
1259 2860 1376 2921 susque
1391 2840 1688 2922 incomparabiliter
1702 2838 1735 2901 in
1750 2839 1806 2901 Dei
1830 2838 1989 2901 ministerio

455 2935 592 3017 amplius
621 2935 816 3000 indevotum.
846 2936 915 3000 Non
943 2937 1041 3014 enim,
1071 2944 1106 2998 ut
1134 2937 1202 2999 sine
1258 2938 1352 2999 llario
1367 2957 1402 3001 se
1416 2937 1571 3000 etomnia
1586 2955 1713 3018 quoque
1735 2955 1806 3018 quae
1822 2936 1856 2997 in
1872 2954 1903 2998 se
1916 2942 1990 2997 emnt

455 3033 659 3097 simulatione
674 3034 797 3115 loquar,
813 3034 964 3116 religioso
979 3055 1016 3097 ac
1031 3035 1199 3112 monacho,
1217 3034 1239 3098 C
1258 3034 1426 3116 occupavit
1454 3058 1460 3095 :
1488 3053 1604 3115 nempe
1632 3041 1808 3096 maternam
1838 3033 1914 3095 Filio
1938 3033 1988 3093 lleo

455 3133 693 3213 praesertimque
705 3132 900 3211 cartusiano,
909 3133 942 3194 in
957 3132 1116 3213 spirituali
1128 3151 1203 3195 non·
1259 3133 1444 3195 servitutem
1464 3132 1664 3213 impendens,
1681 3132 1789 3193 omnia
1810 3133 1931 3213 penitus
1949 3128 1987 3190 sui

454 3230 530 3291 dum
554 3229 619 3293 vita
637 3238 732 3310 atque
752 3230 786 3291 in
805 3230 1052 3312 contemplativa
1075 3248 1202 3311 quoque
1259 3230 1401 3312 corporis
1416 3232 1558 3293 membra
1571 3230 1604 3292 in
1620 3230 1707 3292 illius
1721 3229 1878 3292 famulatu
1892 3247 1989 3310 expan-

454 3328 593 3390 necdum
618 3328 734 3389 virtute
762 3327 838 3389 satis
867 3328 1037 3391 exercitato
1063 3328 1202 3409 itemque
1259 3328 1324 3405 dit;
1341 3348 1400 3391 nec
1416 3328 1502 3391 aliud
1517 3347 1612 3410 quam
1626 3328 1753 3391 dulcem
1773 3327 1867 3391 illum
1888 3325 1989 3389 suavis-

455 3425 607 3504 stabilito,
617 3426 807 3488 exteriorum
823 3425 951 3507 expedit
964 3424 1112 3488 officium
1127 3426 1203 3487 llar-
1259 3425 1333 3487 simi
1345 3426 1393 3488 sui
1406 3426 1525 3488 ventris
1541 3426 1679 3488 iructum
1691 3425 1837 3488 meditari
1850 3434 1902 3489 aut
1912 3422 1988 3487 ellari

456 3523 581 3604 thequa
594 3523 769 3605 negotium.
786 3522 917 3604 Nempe,
934 3531 969 3585 ut
989 3523 1117 3603 dicitur,
1134 3524 1203 3606 pln-
1260 3522 1395 3602 valebat,
1412 3523 1530 3605 quippe
1546 3522 1658 3604 inquo
1679 3531 1795 3586 cuncta
1816 3520 1991 3587 desiderabi-

456 3622 544 3685 ribus
569 3621 720 3700 intentus,
737 3621 841 3683 minor
858 3628 907 3683 est
924 3622 964 3683 ad
983 3622 1108 3702 singula
1133 3642 1203 3684 sen·
1259 3621 1304 3685 lia
1322 3630 1498 3703 cunctaque
1520 3621 1659 3684 salubria
1678 3621 1867 3704 plenissimo
1886 3619 1990 3683 inuenit

457 3739 522 3782 sus.
551 3719 583 3782 si
611 3737 676 3782 non
704 3718 801 3782 luerit
828 3719 1002 3800 spiritualis
1031 3719 1064 3781 in
1097 3720 1202 3783 animo
1260 3727 1355 3801 atque
1377 3720 1530 3801 possedit.

456 3817 582 3880 firmata
600 3818 766 3900 perfectio,
782 3837 855 3882 mor
878 3818 987 3899 utique
1011 3835 1203 3899 prorsusque

457 3925 679 4076 tilttttt
707 3917 1204 4076 tttlttttttttttltlss
1431 3974 1677 4039 Aruacos
1699 3974 1827 4037 xun-

455 4110 548 4173 Plura
569 4130 707 4192 namquo
727 4111 759 4172 in
779 4110 1001 4191 hujuscemodi
1023 4110 1204 4193 dispositi&
1288 4126 1335 4185 De
1355 4123 1523 4182 deuotione
1542 4124 1829 4197 supereecellentis
1849 4122 1968 4185 allart'tr.

456 4228 497 4271 ne
512 4210 703 4291 contingunt
716 4217 810 4290 atque
824 4217 1006 4289 occurrunt,
1022 4227 1092 4289 quae
1108 4207 1243 4272 inter-ll

456 4326 531 4369 nam
553 4307 658 4370 subito
677 4308 912 4388 mentalemque
930 4307 1134 4371 devotionem
1150 4316 1204 4369 aut
1322 4312 1547 4373 ONCALUIT
1565 4330 1622 4370 cor
1644 4330 1749 4371 meam
1776 4314 1869 4374 intra
1893 4332 1948 4380 me,
1964 4318 1988 4369 et
2000 4326 2082 4369 nina

457 4405 575 4467 laedunt
589 4414 644 4467 aut
658 4405 830 4486 perimunt,
848 4405 873 4466 si
893 4422 958 4467 non
980 4405 1077 4468 luerit
1097 4406 1204 4468 anima
1337 4411 1369 4467 in
1393 4410 1605 4469 meditatione
1618 4428 1689 4469 mea
1704 4413 1891 4470 exardescet
1905 4393 2015 4486 ipris*

457 4504 527 4585 ipsa
555 4503 641 4565 circa
664 4522 698 4565 se
722 4504 824 4584 ipsam
849 4502 1046 4565 incessanter
1069 4504 1205 4566 circum·
1259 4506 1428 4583 illucescit,
1450 4505 1576 4587 opinor,
1599 4507 1625 4568 si
1651 4508 1711 4569 rite
1736 4506 1878 4584 intendo,
1899 4507 1929 4568 in
1952 4524 1990 4566 re

458 4610 567 4683 specta
587 4610 680 4683 atque
705 4601 853 4664 sollicita.
869 4602 977 4682 ltaque
1001 4602 1096 4664 modo
1120 4611 1205 4665 tran·
1260 4604 1369 4685 ligioso
1398 4604 1508 4684 utique
1542 4604 1651 4667 animo
1685 4624 1722 4667 ex
1756 4605 1867 4668 divino
1899 4622 1990 4666 amore

457 4699 608 4783 quillitati
636 4698 788 4781 calleque
816 4699 967 4777 redditus,
994 4700 1079 4779 quod
1108 4708 1205 4762 restat
1259 4701 1542 4784 promptitudinem
1564 4703 1734 4781 quamdam
1755 4702 1890 4766 ellluere
1907 4702 1942 4764 ad
1961 4718 1991 4762 ra

456 4796 573 4876 ordior,
590 4798 629 4859 de
648 4796 855 4877 digressionis
875 4796 972 4876 hujus
995 4816 1126 4860 excessu
1153 4818 1205 4861 ve·
1258 4818 1328 4881 quae
1350 4798 1451 4861 divini
1475 4799 1579 4860 cultus
1602 4806 1676 4861 sunt
1697 4802 1896 4881 exsequenda
1915 4824 1922 4862 :
1941 4800 1991 4860 boc

456 4897 543 4959 niam
564 4914 698 4977 precans
715 4919 722 4957 ε
739 4915 804 4957 non
824 4895 910 4957 enim
930 4895 1046 4957 mentis
1066 4895 1205 4978 plenitu-
1258 4906 1363 4960 autem
1379 4896 1507 4959 devotio
1526 4904 1585 4959 est.
1601 4896 1727 4959 Etenim
1748 4898 1884 4975 devotio,
1901 4915 1993 4979 pmm·

455 4996 563 5057 dinem
586 4993 750 5056 continere
770 4992 927 5056 valebam.
1258 5003 1312 5077 pla
1326 4995 1472 5059 voluntas
1488 5014 1522 5057 se
1537 4994 1681 5057 tradendi
1698 4994 1810 5059 divino
1825 4993 1990 5067 famulatui,

494 5093 549 5155 Est
573 5101 679 5154 autem
703 5092 985 5172 (quemadmodum
1010 5112 1028 5153 a
1053 5091 1202 5155 Cicerone
1258 5093 1317 5155 rite
1346 5092 1545 5170 describitur,
1573 5094 1839 5174 quemadmodum
1870 5093 1992 5155 Psalmo

454 5191 670 5254 introductum
695 5192 754 5269 est)
781 5189 893 5272 religio
917 5190 1019 5252 virtus
1044 5208 1114 5271 quae
1138 5190 1200 5253 Deo
1256 5192 1395 5273 grapbus
1413 5215 1419 5253 :
1437 5191 1624 5253 Gaudebunt
1638 5191 1706 5271 (ait)
1722 5191 1806 5254 labia
1820 5212 1891 5255 mea
1904 5206 1990 5273 quum
2002 5194 2081 5245 nme

453 5289 575 5353 cultum
599 5288 877 5371 cerimoniamque
901 5287 997 5351 affert
1022 5312 1029 5351 ι
1056 5288 1141 5370 quod
1169 5297 1200 5353 et
1255 5296 1423 5354 cantavero
1451 5288 1520 5352 tibi.
1547 5288 1603 5351 Est
1631 5288 1737 5371 itaque
1765 5290 1903 5368 devotio,
1929 5286 1991 5351 reli-
