4309 6259
436 443 476 509 42
839 462 996 512 arrosrno
1016 463 1117 511 numu
1139 466 1147 509 :
1170 462 1301 511 vuxurn
1320 463 1409 511 nucu
1430 464 1588 513 rnonnuur

437 633 589 716 quaslibet
617 632 730 712 virtus,
755 632 830 717 quia
858 633 980 717 justitia
1008 642 1056 697 est
1083 632 1184 696 virtus
1198 634 1225 696 Α
1241 635 1451 717 deprecamur
1465 643 1500 699 ut
1512 636 1569 699 des
1583 634 1613 699 ei
1634 636 1768 718 gratiam
1782 636 1843 698 hoc
1858 634 1985 717 agendi.

434 730 630 809 communia,
659 731 723 795 imo
747 731 852 795 omnis
876 731 987 811 virtus,
1009 732 1184 795 secundum
1241 736 1326 803 Quos
1340 752 1403 811 per
1422 736 1531 794 crucis
1554 736 1747 812 mysterium
1773 738 1892 803 salvas,
1913 754 1987 811 rege

437 830 677 912 Philosophum,
694 838 725 893 et
739 832 800 894 hoc
821 833 996 895 secundum
1018 852 1115 895 unam
1135 831 1186 913 ju·
1237 852 1299 909 per
1312 837 1430 893 scocula
1446 854 1458 892 .·
1473 833 1505 895 id
1521 842 1579 911 est,
1595 834 1733 916 gratiose
1746 833 1888 915 guberna
1902 839 1934 894 et
1947 832 1985 894 ad

436 928 532 992 stitiae
546 928 775 1011 acceptionem.
788 932 927 1009 Rctsque
941 933 1026 991 dona
1043 933 1184 1000 ventam,
1240 929 1469 993 beatitudinem
1484 938 1633 994 aternam
1648 932 1779 1013 perduc,
1790 954 1807 990 u
1822 950 1879 1013 per
1889 950 1986 993 saecu-

439 1026 471 1089 id
495 1034 553 1106 cst,
580 1026 630 1089 his
661 1027 714 1109 qul
743 1028 846 1090 adhuc
875 1026 909 1090 in
938 1028 1084 1091 sordibus
1112 1037 1187 1091 sunt
1240 1028 1349 1106 la»,id
1359 1036 1408 1090 est
1419 1028 1453 1089 in
1463 1037 1606 1112 tempore
1616 1028 1881 1111 peregrinationis
1892 1038 1924 1090 et
1933 1030 1987 1091 du-

439 1125 579 1207 indulge,
599 1125 733 1208 gratiam
752 1124 966 1188 saluberrime
986 1126 1186 1191 contritionis
1241 1126 1372 1189 rationis
1387 1125 1460 1189 vitae
1474 1125 1577 1205 istius,
1593 1146 1648 1190 eos
1663 1150 1679 1186 u
1695 1146 1774 1208 quos
1789 1127 1893 1189 salvas
1907 1148 1937 1203 a,
1953 1126 1986 1187 id

436 1223 585 1303 infunde,
601 1223 711 1306 sicque
732 1223 899 1287 universos
918 1222 1073 1287 salvifica.
1240 1232 1299 1302 est,
1308 1223 1469 1287 redemisti
1485 1233 1516 1287 et
1530 1224 1652 1288 salvare
1666 1224 1910 1307 dignaris,«per
1920 1243 1987 1286 cru·

355 1327 373 1382 8
481 1326 534 1391 Tc,
559 1342 686 1384 summa
711 1326 800 1385 Deus
829 1325 990 1393 Trinitas,
1018 1323 1050 1385 id
1079 1332 1138 1401 est,
1166 1343 1186 1387 o
1241 1322 1288 1385 cis
1299 1322 1486 1404 mysterium
1497 1322 1569 1400 »,id
1580 1330 1629 1386 est
1642 1341 1700 1405 per
1713 1342 1752 1385 eu
1764 1341 1834 1404 quaa
1845 1321 1986 1384 Christus

441 1419 577 1483 Trinitas
601 1438 735 1498 summo,
757 1439 827 1502 quaa
852 1439 933 1482 unus
957 1438 991 1482 es
1012 1420 1107 1498 Deus,
1126 1425 1187 1481 cot·
1241 1420 1274 1482 in
1290 1439 1384 1483 cruce
1406 1440 1464 1502 pro
1482 1420 1576 1483 nohis
1590 1420 1751 1499 sustinuit,
1768 1428 1800 1483 et
1814 1439 1985 1502 perscore

440 1520 552 1577 laudet
566 1518 672 1577 onznis
690 1519 842 1593 spiritus,
858 1516 1021 1579 rationalis
1042 1524 1074 1579 et
1095 1516 1187 1579 intel·
1241 1528 1305 1582 tam
1327 1519 1433 1581 crucia
1453 1520 1587 1601 gratiam
1609 1539 1646 1581 ac
1660 1520 1820 1597 virtutem,
1837 1537 1895 1600 per
1907 1537 1985 1599 quas

439 1614 596 1693 lectualis,
626 1614 657 1676 id
691 1623 749 1692 est,
780 1614 875 1676 simul
909 1623 940 1677 te
973 1614 1104 1677 laudent
1130 1634 1187 1697 pcr
1241 1618 1401 1680 daemones
1420 1626 1452 1681 et
1473 1626 1603 1699 peccata
1617 1635 1745 1700 prorsus
1763 1616 1943 1679 vincuntur.

307 1728 424 1776 Panno.
439 1713 602 1777 caritatem
623 1712 716 1791 uniti,
732 1713 820 1795 juxta
842 1713 920 1775 illud
940 1712 1054 1775 Psalmi
1072 1736 1079 1775 :
1096 1712 1187 1775 Enal-

293 1796 314 1836 ⁴'
431 1820 541 1875 temus
565 1830 681 1875 nomen
704 1812 774 1893 ejus
796 1812 830 1872 in
854 1810 886 1873 id
907 1811 1024 1894 ipsum.
1045 1812 1084 1874 Et
1105 1811 1226 1877 rete-B
1281 1812 1362 1875 Ecce
1392 1812 1477 1875 hunc
1505 1813 1758 1891 devotissimum,
1784 1812 1987 1894 compendio-

438 1912 535 1975 rendo
563 1909 624 1974 hoc
652 1911 690 1973 ad
718 1909 893 1974 Ecclesiam
924 1910 1183 1991 triumphantem,
1241 1911 1404 1975 sissimum
1428 1911 1705 1993 mysterialemque
1728 1912 1883 1993 hymnum
1912 1930 1985 1973 cum

438 2018 487 2073 est
500 2028 561 2073 vox
583 2008 865 2091 congratulationis
887 2016 918 2071 et
932 2008 1183 2091 complacentia,
1241 2009 1363 2091 ingenti
1379 2009 1614 2088 recollectione,
1630 2010 1766 2087 fervore,
1782 2008 1919 2091 puritate
1933 2009 1987 2071 de

438 2108 589 2189 quoniam
605 2108 660 2170 illa
674 2107 817 2170 Ecclesia
839 2114 946 2169 nostra
967 2107 1185 2170 exhortatione
1241 2108 1405 2171 votissime
1433 2109 1648 2187 decantemus,
1675 2128 1747 2171 cum
1778 2107 1890 2169 intima
1916 2127 1987 2190 gra-

437 2214 469 2270 ct
483 2206 624 2270 oratione
639 2212 806 2286 nonoget3
823 2204 989 2267 referendo
1005 2212 1108 2267 autem
1125 2206 1185 2269 hoc
1241 2206 1376 2269 titudine
1405 2214 1498 2287 atque
1535 2206 1731 2289 precordiali
1765 2205 1987 2288 compassione

440 2307 479 2369 ad
494 2304 668 2367 Ecclesiam
691 2304 892 2381 militantem,
909 2311 1009 2365 exstat
1022 2306 1135 2383 oratio,
1152 2314 1187 2367 ut
1241 2301 1409 2367 dominica
1424 2303 1592 2384 passionis,
1609 2302 1860 2386 contemplantes
1881 2309 1913 2364 et
1932 2302 1987 2364 ad-

440 2404 481 2466 sit
500 2422 612 2466 sensus
629 2426 636 2463 z
654 2400 796 2465 «Omnis
818 2400 948 2483 spiritus
964 2424 992 2482 a,
1010 2402 1041 2463 id
1056 2411 1105 2465 est
1119 2420 1186 2465 om·
1241 2402 1393 2464 mirantes
1415 2401 1615 2464 altitudinem
1631 2402 1794 2483 sapientiae
1808 2408 1841 2463 et
1859 2400 1985 2464 consilii

432 2502 489 2564 nis
512 2501 619 2563 anima
644 2499 806 2563 rationalis
830 2499 999 2577 viatorum,
1025 2523 1041 2559 u
1066 2509 1098 2562 te
1122 2501 1186 2564 col·
1241 2499 1527 2581 superheatissimae
1546 2499 1708 2562 Trinitatis
1728 2500 1760 2560 in
1776 2497 1987 2581 recuperatio-

441 2601 547 2664 laudet
571 2622 599 2677 a,
625 2598 658 2661 id
686 2606 744 2675 est,
770 2598 888 2680 gratias
912 2597 969 2659 tihi
994 2606 1065 2680 agat
1091 2618 1186 2682 super
1240 2618 1314 2661 nem
1343 2607 1457 2661 uostrae
1485 2598 1595 2661 salutis
1624 2619 1681 2681 per
1708 2597 1894 2661 admiranda
1920 2616 1987 2679 my·

438 2699 534 2762 tantis
556 2698 724 2761 heneliciis
745 2717 815 2780 quta
836 2698 929 2761 nohis
943 2699 1106 2761 contulisti
1130 2718 1186 2781 per
1241 2698 1337 2759 steria
1364 2697 1545 2775 Salvatoris,
1571 2699 1611 2759 ad
1640 2698 1765 2759 laudem
1793 2704 1825 2759 et
1851 2694 1986 2778 gloriam

439 2798 609 2876 Christum,
625 2805 718 2878 teque
739 2797 773 2858 in
795 2795 944 2859 omnihus
959 2796 1138 2887 benedicat,
1155 2806 1187 2860 et
1240 2795 1481 2877 omnipotentis.
