4309 6259
455 470 515 535 302
742 491 782 538 mc
801 490 950 538 cassiana
970 488 1079 538 noranu
1100 488 1286 537 slcvnroms
1309 489 1466 537 ersmers.
1490 508 1531 521 -
1550 491 1621 537 aar.
1644 490 1721 537 xxm

317 668 358 713 Ιώ
368 671 443 720 avet.
498 658 601 738 Tunc,
626 677 645 723 o
668 658 801 722 Domine
826 666 857 720 et
884 657 1038 735 Salvator,
1066 656 1209 719 suscitati
1224 658 1249 719 Α
1266 656 1324 719 ties
1339 656 1421 721 ictus
1441 656 1524 737 illos,
1540 658 1664 739 quoties
1684 657 1913 737 accusantium,
1928 658 1998 723 blas

311 733 344 775 ¹⁰‘
392 840 395 845 Ι
461 764 537 818 sunt
557 756 718 839 falsiloqui
744 765 854 820 contra
878 755 995 818 faciem
1019 764 1118 835 tuam,
1135 774 1210 819 con·
1264 754 1493 835 pbcmantium,
1506 755 1705 819 irridentium
1724 764 1754 819 te
1767 755 1863 819 verba
1879 757 1996 835 audivit,

458 854 650 917 tradicentes
664 852 1100 935 tibi;collegernntiurorem
1117 871 1207 914 suum
1263 852 1388 932 quoties
1422 860 1452 915 tc
1487 853 1617 916 unicum
1651 862 1682 916 et
1716 852 1996 937 supercarissimum

458 952 492 1013 in
512 960 554 1029 te,
571 972 608 1016 ac
627 953 718 1015 vultu
737 952 854 1014 minaci
875 951 1110 1014 infremuerunt
1135 968 1209 1013 con·
1264 949 1379 1013 Filium
1396 951 1538 1013 suumin
1553 951 1649 1014 tantis
1665 952 1810 1015 ludibriis
1826 970 1861 1015 ac
1877 958 1998 1015 tormen-

308 1068 444 1113 nmmos.
459 1058 506 1111 tra
528 1058 558 1112 te
577 1050 726 1113 dentibus
748 1050 825 1113 suis.
843 1049 1026 1112 Tenuerunt
1048 1049 1208 1111 cervicem
1263 1048 1304 1109 tis
1319 1048 1471 1130 adspexit.
1488 1049 1567 1112 Hinc
1583 1058 1615 1113 et
1629 1059 1663 1113 tn
1677 1059 1738 1113 tuas
1757 1049 1950 1113 fidelissima
1967 1071 1996 1115 ac

460 1156 558 1229 tuam,
574 1148 800 1229 confregerunt
814 1156 844 1210 te
859 1154 891 1210 et
904 1155 1080 1229 posuerunt
1101 1154 1131 1209 te
1146 1147 1206 1208 sibi
1264 1147 1442 1209 tenerrima
1462 1146 1615 1210 Genitrici
1637 1147 1915 1211 vehementissime
1936 1167 1998 1211 ron·

459 1247 549 1326 quasi
574 1246 606 1307 in
633 1246 782 1327 signum,
808 1246 1058 1308 vulneraverunt
1083 1244 1206 1307 lumbos
1262 1244 1391 1307 doluisti
1407 1264 1443 1307 ac
1464 1244 1647 1325 praedilecto
1666 1264 1736 1309 eam
1750 1246 1910 1327 discipulo
1928 1265 1997 1310 com·

459 1353 542 1423 tuos,
559 1352 591 1407 et
604 1344 815 1408 conciderunt
829 1352 859 1406 te
875 1343 1006 1407 vnlnere
1029 1362 1124 1423 snper
1138 1342 1207 1405 vul·
1263 1342 1431 1422 mandasti,
1453 1342 1564 1406 dicens
1588 1344 1627 1406 ad
1653 1344 1740 1407 illam
1764 1366 1771 1407 ε
1793 1344 1915 1425 Mulier,
1934 1364 2096 1420 cererem,

317 1462 364 1506 rer.
378 1476 400 1513 v.
412 1464 444 1505 ra.
459 1462 530 1506 nus.
557 1441 758 1525 Negavernnt
785 1450 816 1505 te
844 1460 951 1524 regem
977 1460 1013 1504 ac
1036 1441 1206 1503 Dominum
1263 1440 1351 1503 lilius
1367 1449 1459 1520 tuus;
1476 1450 1507 1504 et
1530 1442 1567 1504 ad
1587 1442 1679 1505 illum
1697 1466 1704 1504 :
1721 1443 1802 1506 Ecce
1821 1450 1923 1505 mater
1942 1452 1995 1507 tua.
2008 1440 2062 1485 Μ·

316 1562 445 1612 noctem.
460 1562 563 1619 snum,
586 1542 729 1604 dicentes
746 1564 753 1603 :
769 1540 837 1604 Non
861 1548 909 1603 est
934 1540 1013 1620 ipse.
1034 1540 1208 1603 Petierunt·
1262 1538 1286 1601 0
1306 1528 1461 1619 quantum
1479 1540 1592 1603 horum
1613 1540 1694 1604 visio
1713 1540 1887 1623 corporalis
1907 1560 1940 1605 ac
1960 1560 1999 1604 re·

313 1628 347 1669 ¹⁵·
460 1658 522 1721 que
537 1639 641 1702 vimm
656 1639 851 1703 homicidam
866 1638 977 1701 donari
993 1637 1066 1718 sibi,
1083 1646 1113 1701 te
1133 1654 1208 1701 vero
1262 1636 1322 1699 alis
1336 1637 1463 1699 auditus
1478 1646 1576 1716 tuam,
1593 1657 1612 1701 o
1627 1638 1730 1701 dulcis
1752 1658 1788 1701 ac
1809 1639 1931 1721 optima
1950 1640 1999 1703 llo

459 1747 621 1801 auctorem
649 1738 723 1800 vitm
758 1736 906 1818 cruciligi
944 1736 1105 1818 petebant.
1136 1736 1207 1800 ldeo
1263 1734 1362 1813 mina,
1378 1735 1517 1798 animam
1543 1755 1731 1815 amorosam,
1752 1755 1883 1819 prorsus
1908 1737 1999 1820 piissi-

319 1856 413 1901 imeae.
424 1868 445 1907 ιι
458 1836 605 1919 pervenit
619 1855 715 1918 snper
728 1854 783 1899 eos
798 1836 844 1898 ira
858 1835 914 1897 Ilei
929 1853 1030 1915 usque
1045 1835 1077 1895 in
1093 1834 1205 1897 linem.
1226 1832 1249 1894 B
1265 1852 1361 1911 mam,
1377 1832 1539 1913 dissecuit,
1560 1835 1721 1913 contrivit,
1738 1836 1860 1917 punxit,
1878 1854 2000 1917 quorum
2117 1832 2118 1857 ³

314 1922 354 2027 ’Ἄ
370 1996 404 2026 u„
425 1984 445 2025 5·
460 1936 552 2015 Tn,o
573 1935 718 2012 Domine,
735 1935 921 1997 vnlneratus
941 1953 975 1995 es
994 1941 1124 2015 proptor
1149 1932 1209 1994 ini·
1263 1939 1295 1993 et
1309 1940 1437 2013 pectora
1458 1939 1577 2011 nostra,
1593 1934 1739 2014 quamvis
1753 1933 1832 1997 dnra
1853 1943 1887 1997 et
1908 1954 1999 2011 saxea,

356 2016 362 2028 ’
406 2015 412 2035 '
460 2033 598 2114 quitates
612 2033 881 2112 nostras‚attritus
896 2051 929 2094 es
945 2040 1075 2114 propter
1089 2032 1209 2095 scelera
1264 2030 1331 2093 sola
1353 2031 1529 2094 recordatio
1551 2031 1689 2094 scindit!

460 2140 590 2210 nostra3
606 2131 775 2213 disciplina
790 2130 878 2213 pacis
893 2139 925 2193 et
939 2128 1208 2193 reconciliationis
1305 2128 1404 2206 Tunc,
1428 2148 1447 2191 0
1471 2129 1604 2193 Domine
1628 2130 1841 2211 dominorum,
1861 2130 2002 2212 Princeps

311 2250 446 2303 nmero.
461 2238 576 2293 nostra
590 2233 666 2312 (qua
681 2229 744 2293 Deo
763 2228 845 2292 Patri
868 2248 976 2292 sumus
998 2227 1209 2308 reconciliati)
1265 2226 1486 2290 universorum
1515 2227 1713 2308 dignissime,
1740 2228 1780 2292 ab
1810 2228 2002 2311 impiissimis

336 2352 367 2397 n.
378 2355 446 2405 uas.
461 2348 556 2411 super
571 2338 611 2407 to,
629 2329 722 2411 cujus
738 2328 837 2393 livore
852 2328 952 2391 sanati
968 2347 1090 2390 sumus.
1264 2324 1608 2389 immisericordissime
1623 2344 1657 2389 es
1672 2326 1796 2406 irrisus,
1812 2335 1845 2389 et
1864 2326 1899 2389 in
1918 2346 2003 2390 cruce
2013 2356 2100 2401 mm

313 2453 446 2509 specta.
501 2427 600 2506 Tunc,
621 2428 720 2491 oLeo
743 2426 918 2491 fortissime
943 2426 981 2489 de
1008 2425 1093 2487 tribu
1117 2424 1207 2504 luda,
1264 2423 1365 2485 tribus
1390 2423 1518 2485 circiter
1541 2424 1628 2487 horis
1653 2424 1919 2489 inestimabiliter
1943 2412 2071 2488 ditebi·

327 2552 446 2603 ιιιιιιι.
461 2526 545 2588 sicut
571 2527 640 2589 ovis
669 2526 708 2588 ad
737 2524 932 2589 occisionem
960 2524 1074 2587 ductus
1103 2544 1148 2602 es,
1179 2531 1210 2586 et
1265 2530 1377 2600 tortus,
1393 2521 1426 2583 in
1441 2530 1564 2585 tantum
1579 2524 1663 2604 quod
1678 2524 1871 2587 universitas
1893 2532 2004 2587 creatu-

461 2623 551 2703 quasi
577 2642 677 2705 agnus
701 2641 807 2686 coram
831 2623 981 2686 tondente
1009 2619 1208 2697 obmutuisti,
1266 2639 1307 2681 rae
1337 2620 1397 2683 hoc
1426 2620 1517 2701 qnasi
1545 2621 1610 2701 pati
1639 2638 1703 2683 non
1732 2621 1854 2699 valens,
1885 2640 2004 2685 cursum

462 2731 556 2803 atque
581 2731 616 2785 nt
638 2741 739 2804 agnus
763 2729 947 2785 mansuetus
972 2721 1086 2783 ductus
1112 2738 1146 2781 es
1171 2720 1209 2782 ad
1265 2737 1358 2780 snum
1373 2726 1405 2781 et
1418 2718 1562 2781 ordinem
1577 2718 1721 2781 mutavit.
1738 2720 1825 2782 'lunc
1841 2719 2005 2783 discolora-

331 2838 447 2888 rama.
462 2820 703 2885 immolandum.
740 2821 940 2901 Aperuerunt
977 2837 1072 2900 snper
1109 2825 1139 2879 te
1174 2836 1210 2880 os
1266 2823 1315 2879 tus
1337 2824 1384 2879 est
1404 2816 1510 2879 vultus
1530 2823 1661 2895 natnrte,
1678 2817 1866 2880 obscuratus
1885 2826 1934 2881 est
1951 2816 2092 2895 sobnas

315 2905 348 2946 ¹⁰·
463 2939 554 2981 suum
569 2938 681 2983 omnes
696 2918 819 2981 inimici
835 2917 902 2996 tni3
919 2916 1129 2979 sibilaverunt
1148 2914 1210 2979 lre-
1265 2915 1340 2977 luna
1355 2915 1448 2996 plena
1464 2914 1589 2979 rediens
1604 2922 1688 2979 retro
1703 2934 1736 2977 se
1751 2915 1811 2979 soli
1832 2916 2003 2999 supposuit,

461 3024 672 3097 mnernntque
694 3015 854 3093 dentibus,
871 3023 902 3077 et
922 3013 1069 3076 dixerunt
1086 3037 1093 3074 ε
1110 3010 1246 3077 Davo-G
1265 3020 1347 3075 terra
1371 3013 1573 3092 contremuit,
1590 3012 1698 3077 scissas
1720 3022 1794 3077 sunt
1816 3024 1927 3096 petrae.
1946 3015 2006 3078 lrno
2028 3036 2091 3080 vna

460 3115 623 3191 ravimus3
640 3132 680 3177 en
695 3114 756 3176 ista
776 3120 824 3176 est
842 3112 910 3175 dies
932 3131 1026 3193 qnam
1049 3120 1210 3193 exspecta·
1265 3111 1296 3173 in
1313 3119 1434 3174 tantum
1455 3111 1608 3174 confusus
1627 3119 1675 3175 est
1693 3113 1770 3175 ordo
1793 3132 1914 3191 rerum,
1929 3114 2005 3195 quod
2016 3102 2094 3143 Μ’·

461 3211 594 3288 bamus,
611 3210 804 3291 invenimus,
821 3209 972 3272 vidimus.
1264 3208 1423 3292 sapientes
1443 3208 1551 3273 seculi
1574 3210 1670 3291 hujus
1694 3209 1811 3273 dixisse
1836 3211 2006 3295 leguntur:

500 3309 670 3391 Deprecor,
686 3309 808 3373 Christe
833 3307 999 3387 altissime,
1023 3315 1057 3369 ut
1081 3315 1210 3389 propter
1263 3309 1427 3371 Amastra
1451 3308 1660 3387 mentiuntur,
1676 3316 1732 3372 ant
1755 3317 1869 3374 auctor
1895 3318 2008 3373 nature

459 3408 528 3470 bsec
543 3407 650 3470 omnia
665 3407 705 3470 ab
719 3408 806 3471 omni
829 3405 979 3469 vitiorum
999 3405 1128 3468 laesione
1150 3424 1208 3469 nos
1264 3406 1392 3487 patitur,
1408 3416 1462 3470 aut
1476 3406 1624 3469 machina
1640 3407 1750 3470 mundi
1767 3408 1900 3489 peribit.
1914 3411 2008 3487 lunc,

461 3526 563 3584 cures,
585 3525 622 3569 ac
644 3525 771 3570 crucem
793 3513 864 3587 post
885 3511 916 3565 te
935 3503 1142 3585 spiritualiter
1163 3503 1209 3566 el·
1263 3523 1282 3567 o
1303 3504 1435 3567 Domine
1454 3505 1527 3567 lesu
1546 3504 1679 3585 Christo,
1695 3505 1856 3587 oppressit
1875 3515 1907 3569 te
1926 3505 2010 3569 dolor
2020 3531 2053 3574 m
2062 3542 2091 3576 a,
2099 3502 2120 3569 „t

459 3604 667 3685 licaciterqne
686 3612 812 3687 portare
827 3622 886 3667 nos
900 3602 1012 3681 iacias,
1029 3610 1116 3665 tuam
1132 3620 1209 3683 qno-
1262 3610 1347 3682 tuns,
1377 3610 1409 3666 et
1443 3603 1533 3685 quasi
1562 3602 1595 3664 in
1623 3603 1762 3666 nibilum
1790 3605 1914 3668 redacti
1943 3614 2011 3668 sunt

459 3722 522 3784 que
549 3702 770 3784 dignissimam
796 3700 977 3784 passionem
1001 3709 1116 3764 nostras
1144 3719 1210 3763 mc·
1263 3720 1373 3765 omnes
1388 3710 1474 3764 artus
1488 3700 1557 3781 tui,
1573 3702 1613 3763 ad
1628 3702 1727 3764 Deum
1747 3688 1884 3765 stillavit
1903 3703 2099 3767 coalescas.

458 3801 568 3865 morice
589 3802 804 3865 indelebiliter
825 3799 1002 3882 imprimas.
1262 3808 1345 3863 tuus.
1363 3800 1502 3863 blendosi
1521 3800 1696 3863 adversarii
1715 3800 1761 3863 tui
1782 3812 1962 3883 posuerunt
1984 3811 2114 3865 terimus

921 3888 925 3898 '
1262 3898 1295 3961 in
1325 3898 1529 3981 proverbium
1558 3898 1658 3980 vulgi,
1684 3906 1716 3961 et
1739 3898 1957 3981 despexerunt
1983 3908 2012 3962 te
2034 3922 2115 3967 nam

1262 3996 1361 4059 stulti.
1387 3996 1516 4059 Oblatas
1544 4015 1578 4059 es
1602 3996 1755 4077 quoniam
1782 3998 1931 4080 voluisti,
1958 3992 2109 4093 “witer

1262 4092 1412 4173 aperuisti
1432 4112 1467 4157 os
1487 4102 1587 4157 tunm.
1604 4092 1720 4156 Omnes
1741 4112 1800 4157 nos
1820 4096 1917 4176 quasi
1940 4114 2013 4160 oves
2025 4110 2095 4157 rect

579 4204 627 4263 De
649 4203 863 4263 recordandis
883 4204 965 4262 bora
986 4211 1088 4263 secta.
1224 4194 1248 4257 D
1262 4191 1449 4270 erravimus,
1465 4200 1497 4254 et
1510 4191 1663 4254 Dominus
1679 4190 1785 4273 posuit
1800 4191 1833 4253 in
1849 4200 1883 4256 te
1899 4194 2015 4275 iniqui-

1263 4298 1359 4353 tatem
1374 4290 1517 4352 omninm
1532 4290 1868 4353 nostrum.vradidisti
1885 4292 1920 4355 in
1935 4310 2015 4357 mor·
2026 4307 2072 4355 na
2083 4306 2104 4349 ιι

502 4388 672 4453 Sacvarcs.
702 4424 743 4437 —
770 4389 863 4453 Sexta
890 4389 1017 4453 circiter
1045 4389 1134 4469 bera,
1163 4390 1207 4452 mi
1262 4395 1326 4451 tem
1341 4388 1480 4451 animam
1494 4398 1593 4467 tuam,
1606 4397 1637 4451 et
1652 4408 1725 4451 cum
1741 4389 1910 4453 sceleratis
1926 4410 2015 4473 repu-

311 4508 445 4559 tassem.
460 4486 604 4566 Domine,
631 4507 666 4551 es
694 4488 780 4551 cruci
805 4486 935 4567 allinus,
962 4487 1045 4549 inter
1069 4488 1208 4552 latrones
1261 4495 1345 4550 tatus
1369 4506 1423 4565 es;
1439 4495 1533 4567 atque
1553 4495 1683 4569 peccata
1701 4486 1880 4551 multorum
1901 4488 2014 4569 tulisti,

634 4054 879 4119 ARTIGULUS
902 4054 1030 4118 XXIII.

313 4574 347 4617 ta.

312 4634 345 4678 Ia.
360 4647 401 4685 ιιιι,
413 4637 445 4677 ll.

318 4705 359 4749 rt.
377 4718 445 4757 ωιιι,
459 4692 549 4748 aceto
564 4684 685 4748 etlelle
700 4692 836 4768 potatus,
853 4692 918 4747 toto
934 4702 1065 4766 corpore
1087 4684 1209 4747 violen-
1263 4684 1510 4761 maledicereris,
1540 4702 1604 4746 non
1639 4684 1880 4765 maledicebas;
1919 4680 2037 4769 quum‘

312 4770 347 4812 ¹²·
459 4782 582 4846 tissime
609 4783 776 4846 distentus.
805 4783 892 4845 Tunc
921 4782 1142 4845 crudelissime
1170 4802 1207 4846 ac
1262 4784 1426 4867 patereris,
1443 4802 1507 4847 non
1529 4783 1786 4847 comminabaris.

459 4881 677 4964 poenalissime
693 4880 859 4963 perforatae
874 4888 948 4943 sunt
961 4900 1075 4943 manus
1094 4888 1155 4943 tuae
1171 4900 1208 4943 ac
1302 4882 1400 4959 Tunc,
1417 4882 1595 4961 bitumine,
1614 4881 1696 4945 sicut
1713 4900 1795 4964 aqua
1816 4882 1952 4947 effusus
1973 4904 2016 4961 es,
2030 4890 2120 4940 remu

459 4980 569 5063 pedes,
577 4980 724 5042 audiente
740 4986 794 5041 tna
808 4978 1015 5042 dilectissima
1028 4979 1124 5042 llatre
1138 4998 1209 5062 per·
1262 4990 1294 5043 et
1317 4982 1461 5063 dispersa
1481 4990 1555 5043 sunt
1573 4981 1681 5043 omnia
1701 5000 1774 5045 ossa
1796 4990 1865 5045 tua.
1886 4984 2016 5046 Factum
2029 4990 2120 5037 Mul·

459 5078 632 5142 iocantium
654 5075 967 5159 perforationumque
989 5077 1071 5139 ictus
1089 5100 1097 5138 ι
1114 5076 1207 5159 cnjus
1262 5087 1310 5143 est
1324 5098 1379 5142 cor
1393 5088 1482 5142 tunm
1498 5079 1581 5141 sicut
1595 5098 1667 5142 cera
1687 5078 1871 5160 liquescens
1896 5082 1932 5143 in
1956 5102 2020 5145 me-

457 5175 760 5241 allectuosissimam
779 5182 873 5255 atque
897 5174 1115 5237 dulcissimam
1139 5175 1207 5238 ani·
1262 5178 1315 5241 dio
1344 5178 1399 5239 tui.
1432 5178 1522 5240 Aruit
1549 5186 1700 5259 tanquam
1722 5186 1804 5240 testa
1826 5179 1939 5243 virtus
1969 5190 2019 5242 tua

457 5294 543 5341 mam
559 5275 651 5338 toties
666 5273 871 5356 pertransivit
885 5273 971 5337 ensis
984 5272 1114 5351 doloris,
1132 5292 1206 5357 quo
1262 5278 1401 5340 bumana
1416 5284 1447 5339 et
1461 5276 1646 5358 corporalis,
1663 5294 1727 5339 non
1742 5276 1855 5341 divina
1870 5296 1938 5343 nec
1960 5279 2022 5363 spi-

461 4605 645 4668 snspensus,
662 4605 735 4649 cum
755 4586 1010 4649 sceleratissimis
1032 4593 1206 4667 reputatus,
1262 4596 1294 4650 et
1307 4605 1364 4669 pro
1379 4586 1663 4667 transgressoribus
1686 4587 1813 4668 rogasti.
1831 4586 1894 4662 Qui
1919 4606 2015 4670 quum
2027 4590 2119 4695 ³qamt
