4309 6259
459 480 519 542 398
614 499 654 544 66
676 497 877 545 samareum
899 498 1086 543 1161111661
1107 497 1206 545 111666
1227 496 1455 543 661666161666
1476 497 1635 544 61116666.
1657 516 1698 527 -
1719 498 1791 544 aar.
1813 496 1854 543 611

459 666 654 748 dignatione,
685 667 906 731 munificentia
934 668 1043 747 miror,
1069 676 1101 730 66
1135 666 1208 730 6616
1224 669 1246 729 Α
1264 666 1415 747 guinihus
1430 677 1575 729 naturam
1590 667 1748 749 assumpsi
1764 668 1936 745 humanam,
1951 668 1994 730 66

460 764 588 843 6116661;
605 767 659 828 666
674 766 875 830 sicutmotus
891 766 1027 846 majores
1047 765 1210 846 expellunt
1265 764 1338 827 inde
1368 766 1617 827 sacratissimum
1646 766 1882 842 l'raecursorem,
1908 774 1994 845 atque
2100 806 2101 829 1

461 862 611 939 61166666,
629 862 674 925 616
694 864 861 927 admiratio
880 864 983 945 major
997 864 1136 926 extrudit
1152 862 1210 923 mi·
1265 871 1336 944 post
1351 862 1531 945 passionem
1547 882 1649 925 meam
1664 863 1820 945 gloriosos
1834 862 1992 944 Apostolos,

461 978 581 1022 norem.
599 960 679 1022 Dum
694 980 832 1042 namque
853 962 981 1024 attendo
1002 962 1087 1041 quod
1109 979 1209 1041 genus
1264 978 1344 1041 quos
1360 980 1424 1042 prae
1446 961 1560 1023 ceteris
1582 961 1662 1041 legis
1677 960 1831 1024 naturalis
1851 980 1884 1023 ac
1897 961 1994 1025 116661-

460 1058 634 1120 1166166661
651 1058 882 1138 defectuosum,
894 1058 1018 1121 declive
1033 1078 1069 1121 ac
1086 1058 1207 1138 fragile,
1265 1076 1309 1120 cae
1338 1058 1456 1120 sanctis
1486 1058 1636 1140 primitiis
1661 1058 1799 1139 Spiritus
1822 1058 1919 1121 Sancti
1945 1058 1995 1120 im-

384 1186 390 1199 ·
459 1156 500 1217 ad
530 1165 591 1219 666
625 1157 900 1238 6666666666616116
929 1156 1056 1219 deitatis
1092 1156 1209 1218 claram
1266 1155 1363 1237 plevi,
1380 1163 1411 1218 et
1432 1156 1674 1219 charismatibus
1696 1155 1805 1237 gratiae
1823 1165 1937 1238 gratum
1957 1156 1995 1218 fa-

461 1254 661 1317 intuitionem
684 1254 929 1337 beatificamque
948 1254 1110 1336 plasmasti
1134 1253 1211 1316 frui·
1266 1254 1379 1315 cientis
1401 1272 1439 1316 ac
1461 1254 1569 1335 gratita
1591 1254 1689 1335 gratis
1711 1255 1802 1335 66616,
1826 1254 1992 1333 clarissime,
2101 1292 2102 1311 1

460 1352 592 1430 6166661,
613 1370 677 1415 666
700 1363 831 1436 6666666
852 1353 930 1415 161111
953 1354 1031 1415 6666
1052 1352 1211 1414 admiran-
1266 1352 1547 1433 supernaturaliter
1571 1372 1607 1415 ac
1632 1351 1830 1416 deiformiter
1852 1353 1993 1416 decoravi.

461 1450 537 1513 dum
562 1451 647 1531 quod
675 1452 721 1513 cis
752 1451 785 1512 in
813 1452 875 1513 isto
899 1450 1010 1513 exsilio
1038 1458 1069 1513 te
1097 1450 1142 1512 sic
1171 1450 1209 1511 ad
1265 1448 1381 1522 Quibus
1392 1458 1424 1511 et
1439 1449 1521 1511 inter
1532 1458 1636 1512 cetera
1647 1450 1876 1513 ecclesiasticas
1890 1451 1994 1513 contuli

461 1558 587 1631 tempus
605 1550 704 1613 tradis
719 1550 870 1628 velatum,
887 1549 1003 1630 quibus
1023 1549 1118 1629 paulo
1141 1555 1212 1629 post
1267 1555 1436 1629 potestates
1455 1571 1461 1609 :
1480 1548 1563 1609 inter
1576 1567 1654 1629 quas
1669 1548 1789 1611 eminet
1803 1557 1834 1611 ct
1847 1548 1995 1631 prefulget

462 1647 496 1709 in
518 1647 640 1711 coelesti
660 1647 777 1729 palatio
799 1649 903 1711 trades
925 1656 955 1709 66
976 1648 1150 1709 revelatum
1172 1646 1211 1708 ad
1267 1646 1469 1709 sacerdotalis
1498 1654 1647 1727 potestas,
1673 1665 1743 1728 quae
1769 1647 1839 1708 talis
1862 1666 1896 1711 ac
1922 1656 1996 1709 tanta

463 1745 652 1809 intuendum
692 1746 985 1827 supernaturaliter,
1022 1745 1119 1823 clare,
1156 1763 1212 1826 per
1267 1752 1315 1806 est
1334 1752 1369 1805 ut
1388 1763 1483 1826 super
1508 1744 1578 1825 ejus
1598 1744 1817 1825 magnitudine
1841 1744 1995 1826 plurimum

463 1844 615 1925 speciem,
647 1844 875 1922 indesinenter,
908 1844 945 1906 ad
982 1843 1210 1925 perfruendum
1226 1844 1249 1906 B
1268 1843 1441 1905 admiretur
1461 1842 1557 1905 etiam
1577 1842 1722 1923 angelica
1741 1842 1902 1906 celsitudo.

462 1942 660 2021 dulcissime,
685 1942 965 2024 sempiternaliter,
989 1942 1028 2003 ad
1051 1940 1213 2022 possiden·
1307 1941 1478 2004 Sacsuoos.
1502 1977 1542 1986 —
1564 1941 1664 2021 Certo,
1689 1960 1708 2005 o
1733 1941 1995 2017 116616666616166,
2102 1950 2103 1975 ³

462 2042 538 2104 dum
568 2040 727 2102 tutissime
757 2060 830 2102 6616
859 2039 1050 2101 hereditaria
1083 2048 1214 2102 conten·
1268 2058 1307 2101 66
1330 2038 1470 2101 16666616
1495 2038 1640 2101 celeriter
1663 2037 1828 2118 elucescit,
1846 2040 1925 2120 quod
1944 2056 1997 2119 quo

464 2138 581 2202 tatione
598 2162 606 2199 :
623 2146 655 2200 et
670 2138 749 2201 illud
764 2138 797 2199 16
812 2137 896 2199 valle
916 2138 975 2200 hac
995 2137 1210 2212 lacrimarum,
1269 2137 1373 2218 maior
1400 2145 1449 2199 est
1477 2136 1614 2218 dignitas
1641 2145 1673 2199 et
1700 2137 1884 2200 excellentia
1910 2156 1999 2199 sacra·

463 2237 503 2298 ad
527 2235 770 2299 subventionem
789 2255 826 2298 ac
847 2235 1014 2314 meritum,
1031 2235 1139 2298 116616
1159 2253 1213 2315 611-
1268 2235 1367 2297 166661
1392 2235 1489 2316 buius
1511 2233 1647 2313 vivifici,
1668 2234 1771 2297 divini
1793 2255 1829 2298 ac
1849 2235 1996 2312 adomndi‚

464 2334 536 2413 tria,
557 2334 595 2395 ad
617 2333 883 2413 glorificationem
902 2341 934 2395 et
954 2333 1129 2414 praemium.
1267 2341 1355 2396 tanto
1375 2332 1543 2396 sublimior
1567 2341 1661 2414 atque
1684 2333 1825 2397 divinior
1846 2334 1886 2396 sit
1905 2352 1999 2415 super·

394 2465 449 2502 aaa.
506 2433 715 2495 1661616.-
736 2432 822 2494 Beati
845 2450 924 2513 quos
946 2431 1123 2513 paracletus
1146 2430 1214 2512 Spi-
1268 2431 1421 2494 naturalis
1449 2432 1508 2493 ista
1541 2439 1678 2512 potestas
1707 2432 1921 2511 consecrandi,
1949 2442 2000 2493 tra·

465 2529 727 2592 ritusSanctusa
749 2549 800 2592 me
823 2529 1070 2611 procedens,ita
1091 2528 1213 2609 delego
1269 2530 1388 2609 ctandi,
1414 2530 1560 2593 sumendi
1586 2549 1622 2593 66
1646 2529 1717 2593 61116
1746 2531 1922 2613 porrigendi
1948 2530 1998 2592 hoc
2103 2582 2104 2589 ,

317 2649 418 2693 166111.
428 2661 450 2700 a,
465 2629 520 2691 Dei
544 2628 689 2691 docuerit
713 2628 796 2691 sicut
814 2648 899 2691 6666
923 2636 953 2691 te
976 2628 1084 2691 unctio
1108 2628 1211 2703 docet,
1269 2635 1513 2705 sacramentum,
1527 2628 1620 2709 cujus
1634 2629 1832 2691 consecratio
1846 2639 1934 2711 atque
1947 2628 2000 2691 616

317 2714 352 2756 ¹⁷·
465 2728 492 2789 si
516 2735 621 2789 tauma
650 2726 710 2807 ipsi
739 2735 771 2789 et
799 2734 833 2789 66
862 2726 894 2787 16
923 2725 1024 2807 gratia
1052 2725 1112 2787 ista
1140 2743 1212 2787 cum
1269 2725 1413 2807 pensatio
1428 2724 1508 2787 nulli
1524 2725 1740 2806 angelicorum
1757 2726 1933 2808 spirituum,
1944 2725 2000 2788 nul·

331 2452 372 2496 Pa.

318 2518 352 2559 66.

464 2833 610 2908 prompta
624 2824 805 2888 obedientia
819 2845 856 2887 66
871 2824 962 2887 116611
978 2822 1214 2906 perseverantia
1269 2821 1292 2882 li
1307 2841 1344 2884 66
1365 2824 1529 2887 ordinibus
1549 2824 1833 2887 sacratissimorum
1848 2824 1999 2887 Chembim

311 2942 449 2993 terrama,
464 2924 659 3005 persistatis,
686 2923 712 2985 si
738 2931 844 2985 autem
870 2922 1045 3004 proieceris
1070 2923 1169 2984 Deum
1195 2941 1213 2984 a
1268 2940 1304 2983 ac
1320 2921 1496 3003 Seraphim,
1514 2923 1568 2985 sed
1584 2922 1660 2988 solis
1676 2922 1865 3005 presbyteris
1879 2932 1924 2985 est
1937 2942 2000 2985 cou-

312 3007 334 3047 9·
464 3030 506 3100 66,
528 3021 677 3103 projiciet
696 3030 727 3083 tc
747 3041 765 3083 a
784 3021 867 3083 sein
887 3028 1050 3083 aternum.
1227 3015 1367 3083 Ccessa.
1391 3020 1454 3083 Nec
1477 3028 1553 3103 puto
1574 3022 1657 3102 quod
1681 3022 1786 3085 omnis
1807 3029 1939 3104 potestas
1957 3020 2000 3101 ju-

504 3119 674 3183 86666666.
704 3156 744 3165 -
771 3120 818 3181 Ab
852 3127 985 3200 utraque
1014 3118 1212 3200 projectione
1268 3118 1504 3198 risdictionalis,
1534 3119 1657 3201 papalis
1688 3128 1783 3201 atque
1813 3118 1998 3202 episcopalis,

463 3218 523 3280 ista
552 3225 724 3298 praeservet
751 3236 802 3279 me
829 3216 1026 3279 incessanter
1053 3216 1154 3298 gratia
1182 3226 1213 3280 et
1266 3216 1383 3297 quibus
1398 3216 1540 3280 Pontifex
1554 3236 1697 3281 summus
1710 3218 1835 3281 cunctis
1848 3217 2001 3301 praefulget

464 3315 564 3397 pietas
586 3323 641 3377 tua
661 3315 829 3378 immensa.
1268 3314 1420 3376 ministris
1446 3314 1608 3394 Ecclesia,
1632 3324 1719 3379 611666
1748 3317 1788 3378 616
1817 3325 1851 3379 66
1876 3322 2001 3399 potestas
2104 3324 2105 3353 ¹

1267 3412 1329 3474 ista
1354 3414 1568 3492 sacerdotalis,
1591 3434 1653 3495 qua
1676 3423 1707 3476 et
1733 3414 1864 3477 infimus
1883 3420 2000 3479 ematur

1268 3511 1425 3574 sacerdos.

660 3579 906 3645 ARTICULUS
934 3580 1012 3643 XH-
1307 3608 1454 3673 11661616.
1476 3609 1683 3673 -Libenter
1704 3619 1735 3673 te
1753 3612 1847 3675 audio
1868 3611 1907 3673 de
1927 3617 2001 3672 lanta

462 3731 510 3790 De
528 3729 786 3804 praeclarissima
807 3729 971 3805 dignitate
985 3728 1156 3803 potestatis
1174 3746 1212 3786 ac
1268 3726 1301 3769 Γθ
1325 3716 1389 3769 [³¹¹¹
1414 3708 1571 3772 ⁰⁸lh⁰li⁰⁰
1596 3708 1821 3789 disputantem·
1845 3708 1907 3772 N⁰⁰
1926 3708 2000 3772 enim

503 3818 1066 3894 ordinissacerdotalisevangelicae
1081 3816 1169 3892 lepis.
1267 3805 1411 3869 Pontifex
1439 3826 1583 3869 summus
1612 3807 1726 3888 majori
1756 3808 1900 3890 fungitur
1925 3815 2001 3889 pote

1268 3912 1346 3967 state
1375 3924 1470 3986 super
1499 3924 1609 3967 verum
1638 3924 1755 3987 corpus
1784 3924 1890 3969 meum
1918 3922 2000 3988 quam

505 4002 650 4064 Vestras.
667 4001 786 4082 —Ego
805 4001 878 4063 veni
900 4001 932 4062 16
952 4002 1107 4063 16666616
1127 4002 1211 4064 11666
1266 4002 1432 4084 presbyter
1446 4002 1588 4081 infimus,
1600 4004 1655 4065 sed
1671 4004 1774 4067 solum
1791 4023 1885 4089 super
1899 4022 2001 4084 corpus

463 4099 568 4162 factus
592 4099 699 4176 homo,
722 4107 757 4161 ut
780 4100 926 4162 homines
951 4098 1158 4178 deificarem;
1181 4109 1213 4162 et
1268 4100 1449 4183 mysticum,
1479 4101 1563 4183 quod
1592 4109 1640 4164 cst
1667 4101 1820 4165 Ecclesia.
1847 4104 2000 4185 longeque

315 4198 602 4280 tlretr.1,t.pretiosa
637 4196 828 4278 copiosaque
867 4217 1000 4260 munera
1039 4197 1210 4278 gratiarum
1228 4198 1999 4281 116161666661861666661166661666666166616

462 4295 583 4359 contuli
599 4295 658 4373 eis,
675 4302 709 4356 ut
723 4314 781 4377 per
801 4295 868 4358 haec
890 4293 1075 4358 efficiantur
1096 4296 1211 4360 divinae
1266 4304 1298 4359 et
1322 4296 1510 4378 sanguinem
1535 4314 1733 4377 consecrare,
1760 4317 1875 4380 meque
1903 4315 2000 4361 vemm

462 4402 624 4458 consortes
646 4401 778 4472 natura,
794 4412 859 4457 non
880 4402 1026 4456 naturam
1048 4394 1209 4476 propriam
1266 4393 1365 4457 Deum
1385 4402 1417 4457 et
1436 4393 1599 4458 bominem
1619 4395 1665 4459 sic
1687 4395 1749 4458 sibi
1769 4396 1917 4460 exhibere
1934 4414 2000 4478 pra·

460 4491 646 4570 amittendo,
657 4511 760 4573 neque
775 4492 994 4555 substantialia
1008 4492 1207 4573 deponendo,
1267 4502 1399 4571 sentem,
1427 4494 1473 4556 sic
1501 4494 1564 4556 Deo
1593 4493 1674 4556 Patri
1700 4513 1758 4576 pro
1782 4502 1848 4558 tola
1871 4494 2000 4559 Ecclesia

461 4592 516 4654 666
541 4610 611 4654 6661
636 4591 669 4653 16
697 4589 948 4653 accidentalibus
976 4589 1174 4653 meliorando
1200 4613 1207 4653 ε
1266 4590 1396 4671 offerre,
1420 4592 1466 4654 sic
1489 4600 1632 4671 tractare,
1657 4612 1793 4674 sumere,
1817 4594 1998 4677 dispensare,

460 4698 492 4753 et
506 4708 591 4751 nunc
613 4688 742 4770 quidem
764 4688 798 4750 in
821 4688 872 4751 via
894 4688 953 4750 bac
976 4687 1157 4750 inchoative
1179 4696 1210 4751 et
1266 4709 1360 4771 quam
1386 4690 1483 4753 ceteri
1508 4698 1597 4754 actus
1620 4710 1700 4774 quos
1724 4702 1848 4756 6666666
1871 4692 2000 4757 Pontifex

460 4785 664 4869 incompleta,
682 4805 755 4849 cum
771 4786 958 4868 quotidiano
974 4786 1140 4868 profectu,
1157 4787 1210 4849 66-
1267 4808 1410 4851 66161666
1426 4789 1511 4851 circa
1530 4808 1636 4852 meum
1657 4789 1826 4871 mysticum
1846 4810 1965 4873 corpus.

460 4884 535 4947 inde
563 4885 596 4946 in
625 4885 727 4966 patria
755 4904 813 4966 per
840 4883 1081 4946 saluberrimam
1106 4904 1210 4947 remu·
1306 4888 1476 4951 Sacranos.
1497 4922 1537 4933 -
1558 4886 1582 4950 0
1603 4896 1721 4971 quauta
1745 4898 1794 4952 est
1817 4890 1950 4973 dignitas
1970 4906 1999 4952 ac

459 4983 668 5061 nerationem,
690 5002 764 5045 cum
785 4981 862 5060 fixo,
885 4982 970 5044 felici
992 4990 1208 5064 perpetuoque
1265 4984 1370 5047 vilitas
1394 4985 1484 5066 impii
1512 4986 1694 5065 sacerdotis,
1722 4987 1861 5051 camelis
1886 4988 2000 5070 presby·

459 5082 622 5162 adspectu.
653 5080 705 5142 Sic
734 5080 768 5141 16
797 5080 908 5161 6611616
942 5080 1208 5145 excellentissime
1265 5082 1345 5145 terit
1362 5083 1482 5164 Nempe
1503 5102 1566 5166 quo
1587 5084 1691 5166 maior
1713 5094 1761 5147 est
1781 5085 1920 5168 dignitas
1941 5086 2000 5166 ejus

459 5178 611 5243 deificavi
638 5178 862 5241 electissimam
890 5198 928 5242 66
957 5178 1208 5243 amantissimam
1266 5200 1304 5244 66
1322 5200 1454 5244 1666666
1475 5190 1541 5261 666,
1563 5201 1601 5246 66
1626 5183 1730 5264 major
1750 5192 1799 5246 est
1820 5184 1922 5248 vilitas
1941 5184 2000 5263 ejus

459 5278 588 5345 lintrem
603 5296 719 5357 meam,
735 5297 774 5340 66
788 5278 881 5359 cujus
901 5276 1122 5340 mundissimis
1138 5297 1209 5341 san·
1266 5298 1303 5342 66
1332 5280 1409 5344 vitio
1438 5299 1506 5345 suo.
1536 5280 1601 5345 lloc
1629 5281 1677 5363 (61
1712 5280 1820 5363 161166)
1847 5282 1999 5361 intellexit,
