4309 6259
417 449 456 516 11
823 466 981 515 axrosirro
1002 465 1100 513 niani
1123 465 1130 510 :
1153 464 1302 512 connnoa
1322 465 1403 511 xixa
1424 463 1557 513 sinaaux

410 688 413 697 ,
457 642 560 709 Laus,
580 640 696 709 honor,
716 640 837 709 virtus,
857 645 917 701 etc.
935 635 1023 699 Sicut
1042 634 1076 698 in
1097 634 1165 699 line
1179 636 1204 697 Α
1220 654 1318 714 num3
1334 634 1495 697 etiterum
1512 658 1519 697 ε
1535 633 1581 697 Ex
1600 641 1690 699 utero
1706 642 1780 698 ante
1794 634 1965 699 lucilerum
1978 653 2023 698 ra.
2033 657 2102 705 aaa

419 736 593 817 cujuslibet
612 735 725 819 psalmi
745 734 880 799 offertur
899 733 1095 817 preconium
1115 752 1167 795 su·
1219 734 1315 816 genui
1335 742 1375 796 te.
1393 733 1481 796 Unde
1499 734 1538 796 dc
1558 734 1647 797 Patre
1665 753 1702 797 ac
1721 734 1802 797 Eilio
1815 734 1966 797 Salomon

419 833 674 917 perdignissime
702 832 860 912 Trinitati,
885 832 929 895 ita
957 831 990 893 in
1018 832 1087 894 line
1112 850 1166 894 cu·
1220 830 1266 894 ait
1281 855 1288 894 :
1304 832 1391 907 Quod
1406 851 1523 895 nomen
1537 840 1585 893 θεῖ
1599 832 1679 913 ejus,
1696 840 1728 895 et
1748 832 1833 913 quod
1848 850 1965 895 nomen
1985 853 2108 901 mm.

418 932 551 1014 juslihet
564 930 847 1015 hymnizquoniam
859 930 1012 1013 quidquid
1028 929 1165 1012 agimus,
1221 930 1294 993 Eilii
1315 930 1396 1012 ejus,
1416 930 1444 992 si
1465 930 1572 993 nostil
1591 932 1626 993 ln
1647 930 1763 1011 quihus
1784 929 1891 993 verbis
1913 918 2003 991 Sa-⁴·

420 1030 591 1113 loquimur,
615 1048 810 1107 exercemus,
832 1029 872 1091 ad
895 1029 1021 1092 laudem
1046 1036 1078 1090 et
1100 1028 1168 1109 glo
1222 1028 1329 1091 lomon
1358 1028 1462 1091 innuit
1493 1035 1660 1109 utrumque
1688 1027 1964 1105 innominabilem,

421 1127 502 1191 riam
516 1126 820 1211 supersanctissimae
836 1125 998 1189 Trinitatis
1019 1125 1168 1189 ordinare
1223 1126 1578 1210 incomprehensibilem
1601 1146 1681 1205 esse,
1705 1127 1840 1208 ideoque
1864 1144 1968 1206 aqua-

420 1226 584 1305 debemus,
610 1225 694 1289 sicut
715 1224 916 1307 deprompsit
936 1223 1105 1307 Apostolus
1128 1225 1167 1286 ad
1222 1224 1279 1287 les.
1301 1228 1344 1287 Et
1363 1228 1451 1287 Fr'tr'o
1469 1225 1523 1287 Dei
1548 1225 1648 1288 Patris
1671 1225 1848 1306 unigenito,
1870 1224 1925 1305 qui
1948 1244 1967 1288 a

274 1339 405 1391 temari.
420 1324 611 1403 Corinthios,
631 1324 705 1388 Sive
725 1322 935 1400 manducatis,
957 1322 1025 1385 sive
1043 1320 1166 1399 bibitis,
1221 1321 1311 1388 Patre
1339 1321 1605 1400 intellectualiter,
1631 1322 1894 1401 immaterialiter,
1919 1321 1968 1385 iis

420 1423 489 1487 sive
500 1422 620 1504 aliquid
634 1423 719 1485 aliud
735 1420 969 1499 tacitis,omuia
984 1420 1017 1481 in
1032 1420 1167 1502 gloriam
1223 1419 1491 1483 commutabiliter
1512 1440 1549 1483 ac
1572 1421 1763 1483 eternaliter
1786 1427 1966 1502 generatur,

419 1520 475 1583 Dei
490 1519 607 1599 iacite;
623 1528 655 1583 et
669 1538 789 1599 rursus,
802 1518 953 1600 quoniam
968 1517 1045 1580 linis
1060 1524 1169 1581 noster
1223 1517 1358 1579 naturali
1382 1537 1419 1580 ac
1442 1517 1748 1600 supermundissima
1768 1516 1967 1580 emanatione

420 1626 468 1683 est
494 1617 593 1681 Deum
623 1617 655 1679 in
685 1616 775 1681 coelis
803 1636 840 1679 ex
868 1614 1020 1679 beatifica
1043 1614 1167 1678 visione
1224 1618 1398 1700 procedens
1419 1636 1437 1679 a
1458 1616 1558 1695 Patre,
1580 1618 1619 1679 de
1641 1636 1703 1699 quo
1724 1616 1842 1679 latetur
1862 1640 1869 1679 ε
1886 1615 1968 1678 Dixit
1981 1636 2091 1684 rami.

418 1714 610 1779 eternaliter
631 1714 823 1779 collaudare.
1224 1713 1377 1779 Dominus
1401 1715 1440 1777 ad
1464 1734 1527 1792 me,
1552 1715 1650 1777 Filius
1674 1734 1763 1777 meus
1788 1722 1888 1793 estu,
1909 1731 1967 1795 ego

458 1814 566 1895 ltaque
579 1836 586 1876 :
598 1816 699 1883 Eous,
715 1811 748 1875 id
762 1820 811 1874 est
830 1811 977 1874 mentalis
995 1831 1031 1873 ec
1046 1810 1166 1874 vocalis
1183 1809 1207 1871 B
1224 1813 1319 1877 hodie
1342 1812 1436 1894 genui
1462 1821 1502 1875 ῖθ.
1523 1818 1642 1875 Samio
1665 1816 1766 1875 simul
1783 1816 1967 1881 Paracleto,

419 1909 579 1989 laudatio;
595 1912 711 1980 bonor,
727 1908 758 1971 id
779 1917 828 1972 est
848 1909 1001 1972 exhibitio
1022 1927 1169 1971 reveren·
1226 1912 1258 1974 id
1279 1918 1327 1973 est
1349 1909 1480 1993 Spiritui
1495 1912 1621 1990 Sancto,
1638 1909 1830 1974 consolatori
1851 1908 1969 1972 dulcis-

420 2008 472 2071 tiae
486 2006 620 2071 actualis
635 2015 666 2069 et
680 2006 859 2089 operatoria
874 2005 907 2068 in
923 2006 1050 2088 signum
1066 2005 1169 2067 excel·
1224 2008 1318 2087 simo,
1334 2009 1388 2090 qui
1403 2017 1451 2072 θεῖ
1465 2028 1554 2073 amor
1567 2009 1665 2072 Patris
1684 2018 1716 2071 θῖ
1730 2008 1814 2085 Filii,
1831 2009 1872 2071 ab
1884 2016 1969 2070 utro

420 2105 526 2169 lentie
546 2114 579 2168 et
602 2104 821 2167 sanctimoniae
844 2128 850 2166 :
873 2104 1106 2187 propterquod
1126 2103 1170 2166 ait
1224 2126 1286 2189 que
1310 2106 1491 2170 immediate
1515 2107 1702 2184 scaturiens,
1724 2107 1799 2188 quia
1822 2106 1855 2168 in
1880 2106 1969 2169 Patre

274 2220 406 2271 iraami.
420 2204 600 2287 Apostolus,
618 2202 682 2267 Soli
703 2203 767 2266 Deo
789 2202 891 2265 honor
910 2210 941 2264 θῖ
962 2201 1073 2283 gloria,
1095 2200 1170 2283 quia
1225 2213 1255 2268 et
1283 2204 1363 2268 Filio
1390 2213 1439 2268 θεῖ
1462 2225 1525 2267 una
1548 2207 1704 2282 voluntas,
1730 2225 1748 2267 a
1772 2224 1834 2286 qua
1857 2212 1888 2267 et
1913 2222 1970 2286 per

421 2302 572 2364 videlicet
595 2301 681 2364 solus
705 2300 787 2363 Deus
812 2299 845 2362 in
870 2319 904 2361 se
928 2307 959 2362 θῖ
983 2306 1113 2382 pmpter
1135 2318 1169 2360 se
1224 2323 1319 2385 quam
1333 2322 1423 2367 amor
1444 2302 1503 2365 iste
1525 2311 1659 2365 eternus
1681 2311 1713 2365 et
1734 2303 1894 2366 increatus
1912 2303 1970 2365 im·

421 2399 564 2462 finaliter
579 2398 862 2481 principaliterque
877 2398 1053 2460 laudandus
1068 2405 1100 2460 et
1114 2397 1170 2459 ho-
1224 2401 1361 2464 mediate
1380 2401 1529 2483 spiratur,
1545 2402 1811 2481 quemadmodum
1831 2400 1969 2463 Verbum

421 2497 581 2561 norandus
597 2503 655 2572 est,
672 2495 727 2557 alii
742 2504 846 2558 autem
864 2495 896 2557 in
912 2495 974 2559 Deo
995 2503 1026 2557 θῖ
1041 2503 1170 2577 propter
1225 2498 1265 2560 ah
1280 2498 1442 2560 intellectu
1456 2497 1652 2580 producitur.
1660 2498 1733 2560 ldeo
1743 2497 1880 2581 Spiritus
1894 2499 1971 2560 San-

257 2636 260 2643 ·
286 2610 406 2663 raum,
420 2595 532 2672 Deum,
557 2601 651 2676 prout
674 2592 754 2655 dixit
776 2592 952 2671 Psalmista,
977 2593 1011 2654 ln
1035 2592 1170 2654 Domino
1226 2604 1295 2659 ctus
1310 2615 1328 2658 a
1342 2596 1430 2658 Patre
1445 2604 1477 2657 θῖ
1490 2596 1571 2659 Filio
1587 2604 1735 2677 tanquam
1751 2597 1791 2658 ah
1804 2614 1869 2658 uno
1883 2595 1971 2679 prin-

275 2677 295 2718 ³·
422 2691 603 2755 laudabitur·
622 2690 728 2753 anima
749 2710 840 2769 mea3
857 2693 978 2761 virtus,
993 2690 1026 2751 id
1046 2697 1095 2752 est
1116 2708 1171 2771 po
1226 2694 1312 2776 cipio
1327 2712 1453 2773 unoque
1468 2694 1622 2775 spiratore
1637 2694 1809 2772 derivatur,
1821 2693 1972 2774 quemad-

422 2797 518 2853 tesias
534 2807 589 2852 seu
603 2788 708 2853 omnis
723 2788 849 2851 virtutis
865 2787 1036 2870 periecti03
1045 2791 1170 2865 qlort'a,
1227 2793 1357 2854 modum
1371 2789 1467 2853 etium
1482 2799 1633 2853 creaturae
1648 2792 1823 2873 procedunt
1837 2811 1856 2853 u
1870 2791 1971 2853 trihus

423 2888 456 2951 id
476 2895 524 2951 est
545 2906 669 2950 summa
691 2886 841 2968 majestas
860 2905 896 2949 ac
915 2883 1169 2967 magnificentia,
1227 2888 1372 2952 Personis
1388 2896 1536 2970 tanquam
1552 2889 1591 2951 ab
1606 2909 1670 2954 uuo
1685 2889 1840 2954 Creatore.
1857 2891 1973 2965 Quum-

311 3000 408 3053 imaa.
423 2984 512 3067 juxta
532 2984 611 3047 illud
630 2982 717 3047 lsaiae
740 3006 746 3045 :
768 2983 863 3046 Plena
888 2990 935 3045 est
959 2983 1063 3046 omnis
1087 2990 1171 3044 terra
1188 2979 1210 3043 G
1229 3006 1290 3069 que
1304 2995 1368 3049 tres
1383 2987 1525 3051 Personae
1539 2988 1604 3050 sint
1618 2988 1974 3067 consubstantiales,co-

277 3100 350 3146 netu.
361 3113 410 3151 mi,
424 3082 526 3165 gloria
540 3081 630 3163 ejus3
648 3081 680 3143 in
695 3080 918 3144 Ecclesiastico
936 3099 1061 3162 quoque
1078 3104 1085 3143 :
1102 3080 1173 3143 (llo
1229 3094 1354 3149 aeterne
1368 3078 1407 3147 'ct
1428 3086 1614 3167 coequales,
1630 3088 1763 3149 debetur
1776 3086 1823 3149 eis
1838 3107 1920 3149 unus
1941 3096 1974 3149 et

280 3167 312 3207 ¹⁶·
426 3180 473 3244 ria
500 3178 627 3244 Domini
656 3178 785 3261 plenum
813 3187 863 3242 est
889 3197 968 3261 opus
1004 3179 1085 3260 ejus.
1116 3178 1173 3240 Vel
1229 3183 1360 3265 equalis
1381 3185 1494 3261 honor,
1511 3184 1589 3262 laus,
1606 3185 1716 3265 gloria.
1733 3183 1796 3247 Nec
1811 3185 1854 3247 ita
1876 3184 1974 3247 versi-

427 3303 444 3341 o
469 3280 570 3363 gloria
594 3301 623 3357 a,
645 3278 677 3341 id
701 3286 749 3341 θεῖ
773 3277 910 3340 felicitas
934 3286 1027 3359 atque
1052 3276 1171 3354 laetitia,
1230 3284 1339 3346 culum
1359 3281 1454 3344 istum
1474 3290 1637 3345 cantamus
1657 3284 1746 3365 quasi
1767 3303 1891 3346 summa
1909 3284 1975 3346 l'ri-

428 3379 503 3443 item
520 3379 603 3442 clara
618 3396 691 3440 cum
707 3376 800 3439 laude
816 3376 939 3456 notitia,
955 3376 1041 3438 lama
1059 3373 1176 3437 altissi-
1231 3380 1315 3443 nitas
1338 3400 1478 3462 unquam
1507 3381 1548 3441 sit
1575 3380 1644 3443 sine
1673 3381 1776 3460 laude,
1801 3383 1922 3446 honore
1944 3390 1977 3445 ct

428 3496 491 3558 ma,
508 3473 756 3540 honorificentia
776 3493 912 3536 summa.
929 3474 1017 3537 Unde
1032 3490 1089 3555 per
1102 3472 1177 3534 lsai·
1232 3478 1345 3560 gloria,
1371 3478 1435 3542 imo
1464 3478 1497 3540 in
1525 3478 1674 3541 militanti
1702 3498 1738 3541 ac
1767 3478 1976 3561 triumphanti

290 3594 323 3637 12.
336 3606 384 3645 mi.
393 3595 414 3636 a.
429 3596 480 3640 am
504 3574 657 3639 Dominus
681 3580 873 3655 protestatur
894 3596 901 3634 :
923 3571 987 3654 Ego
1010 3571 1175 3649 Dominus,
1233 3577 1376 3640 Ecclesia
1399 3578 1429 3639 ei
1450 3578 1517 3640 haec
1542 3576 1774 3640 incessabiliter
1797 3578 1979 3641 ollemntur

429 3676 490 3739 hoc
523 3680 571 3736 θεῖ
603 3690 720 3735 nomen
749 3688 876 3748 mcum;
906 3669 1039 3752 gloriam
1073 3689 1177 3732 meam
1234 3684 1266 3738 θῖ
1280 3676 1549 3755 exhihentur3sed
1564 3677 1683 3739 orando
1698 3683 1733 3738 ut
1743 3675 1869 3758 plenius
1883 3682 1978 3757 atque

430 3771 521 3836 011011
540 3788 605 3833 11011
624 3768 756 3833 (1011001
777 3768 903 3830 laudem
925 3786 1028 3829 meam
1048 3767 1179 3849 sculpti·
1235 3773 1419 3857 perfectius,
1436 3782 1499 3836 eta
1514 3774 1668 3856 pluribus,
1686 3774 1750 3837 imo
1771 3775 1812 3837 ab
1829 3775 1979 3838 omnibus

430 3870 525 3934 libus.
541 3873 606 3932 Deo
620 3868 734 3937 Patri,
750 3866 804 3947 qui
820 3885 854 3929 se
870 3865 974 3948 ipsum
989 3865 1181 3928 internaliter
1235 3872 1442 3936 rationalibus
1466 3872 1630 3952 creaturis,
1651 3872 1679 3934 ei
1709 3873 1928 3951 exhibeantur,
1948 3881 1980 3935 et

431 3987 468 4032 ac
483 3964 716 4029 invariabiliter
730 3963 937 4046 intelligendo
956 3982 993 4026 ac
1013 3962 1177 4040 intuendo,
1235 3970 1311 4033 item
1330 3970 1496 4052 gaudendo
1511 3978 1543 4032 et
1557 3970 1804 4052 congratulando
1819 3970 1894 4052 quia
1911 3972 1979 4033 hec

432 4067 492 4129 hoc
513 4064 598 4147 cuod
612 4063 652 4126 do
666 4080 700 4124 se
715 4061 868 4144 concipit,
886 4061 969 4122 inim
989 4079 1023 4123 se
1045 4060 1177 4142 profert,
1235 4069 1275 4132 aa
1295 4068 1454 4132 universis
1474 4067 1576 4131 neatis
1599 4068 1840 4151 infatigabiliter
1860 4088 1897 4132 a:
1918 4069 1980 4132 icr-

432 4162 583 4227 videlicet
605 4161 743 4224 Verbum
771 4167 937 4237 eternum,
963 4158 995 4220 in
1024 4176 1088 4239 quo
1115 4165 1179 4221 tota
1195 4160 1220 4223 D
1236 4168 1421 4232 peritissime
1448 4167 1478 4230 ei
1508 4166 1743 4249 impenduntur.
1769 4168 1860 4232 Juxta
1884 4187 1978 4250 quem
2136 4235 2137 4240 ,

432 4268 615 4325 manatura
630 4267 723 4341 atque
744 4256 909 4340 perfectio,
926 4266 958 4319 et
975 4256 1130 4339 quidquid
1146 4256 1179 4317 in
1236 4268 1364 4331 modum
1386 4267 1425 4329 ad
1448 4266 1608 4329 coelestem
1630 4267 1801 4330 Jerusalem
1823 4268 1975 4331 dicimus:
2136 4253 2137 4332 i

432 4379 488 4423 suu
503 4358 633 4423 infinita
652 4354 809 4439 sapientia
828 4356 1020 4433 continetur,
1037 4355 1122 4417 lucet
1142 4374 1179 4417 ac
1233 4365 1350 4443 Lauda,
1370 4366 1556 4444 Jerusalem,
1575 4365 1755 4430 Dominum.
1776 4366 1849 4441 Qum
1868 4368 1977 4449 utique
2001 4396 2129 4443 mm,

432 4458 585 4535 cernitur,
606 4457 699 4539 plene
719 4454 908 4538 exprimitur
926 4473 963 4516 ac
986 4452 1177 4535 resplendet.
1234 4471 1342 4527 „mim
1361 4463 1576 4528 exhortatione
1595 4484 1659 4529 „011
1679 4464 1811 4547 indiget,
1833 4466 1887 4528 sed
1906 4466 1976 4547 ejus
1993 4462 2027 4501 ¹²·

297 4576 385 4630 Halm,
396 4576 417 4631 ῖς
431 4558 505 4622 Ideo
520 4555 657 4619 Verbum
672 4554 732 4617 hoc
749 4552 928 4635 appellatur
948 4550 1100 4633 Splendor
1113 4550 1179 4632 gio·
1233 4562 1381 4625 laudibus
1420 4563 1666 4643 congaudemus,
1705 4562 1776 4626 flaec
1815 4582 1891 4645 ergo
1929 4566 1976 4627 sic

284 4640 416 4697 Sw'm'w'
432 4656 498 4735 ridi,
514 4653 619 4736 fisstll'd
633 4647 981 4735 petemaesubstantiae,
998 4648 1103 4729 imago
1125 4666 1180 4711 118·
1234 4659 1308 4740 sint,
1339 4663 1374 4721 in
1400 4665 1592 4723 saeculorum
1623 4665 1754 4732 soecula,
1785 4660 1818 4724 id
1845 4671 1894 4725 &Si
1920 4682 1978 4745 pel·

431 4752 543 4818 turaiis
566 4771 604 4815 80
628 4747 902 4834 superclarissime
925 4747 980 4809 Dei
1005 4745 1116 4824 Patris,
1137 4745 1178 4808 Si·
1233 4757 1415 4821 durationes
1443 4766 1623 4841 perpetuus,
1648 4767 1757 4841 utpote
1783 4759 1911 4841 jugiter,
1936 4761 1979 4823 si.

430 4851 566 4915 millima
580 4849 674 4913 Patri.
691 4849 730 4911 Et
743 4846 817 4929 quia
831 4846 1006 4908 secundum
1023 4843 1177 4907 rationem
1232 4877 1273 4920 „0
1295 4856 1373 4919 rme,

430 4948 651 5013 similitudinis
665 4946 814 5009 oriturae
830 4942 1077 5027 pmcedit,recte
1089 4941 1177 5024 gigni

430 5048 594 5124 asseritur,
615 5064 653 5107 ac
678 5043 783 5125 proles
808 5050 839 5105 et
857 5041 957 5104 Filius
981 5040 1080 5103 Patris
1104 5058 1179 5102 cen·
1272 5038 1443 5115 Postremo,
1465 5037 1548 5117 quod
1570 5034 1604 5097 iu
1627 5035 1730 5117 primo
1751 5036 1909 5101 versiculo
1931 5038 1979 5102 di-

431 5154 528 5223 setur,
554 5142 671 5224 quide
699 5140 759 5203 hoc
788 5160 845 5204 suo
873 5138 1042 5221 Unigenito
1071 5146 1178 5202 conte·
1233 5144 1318 5200 ctum
1334 5142 1418 5212 est,«
1433 5132 1583 5197 Conditor
1596 5134 1679 5197 alme
1693 5134 1832 5197 siderum
1844 5136 1978 5213 a,etiam

279 5259 413 5316 ramma.
430 5252 530 5309 statur
550 5265 557 5306 :
579 5238 741 5304 Eructavit
762 5255 817 5302 cor
838 5256 943 5301 meum
966 5236 1099 5300 verbum
1122 5236 1177 5300 bo·
1233 5236 1273 5298 de
1301 5232 1521 5317 spiritualibus
1549 5232 1706 5295 sideribus
1734 5232 1836 5317 accipi
1861 5243 1976 5317 potest,
