4309 6259
343 514 383 559 nr
403 514 552 562 muninus
574 514 779 561 stncrrssnrn
800 514 838 561 ar
858 513 1024 561 memnon
1045 514 1228 575 minuans,
1249 516 1308 563 ran
1327 517 1435 565 xenon
1454 517 1602 565 nomnen
1686 500 1742 565 ltl

195 680 412 764 omnipotens,
428 690 544 747 ntcme
558 682 652 763 Deus,
668 683 723 765 qui
742 701 816 746 cum
835 682 946 765 unige-
960 686 986 749 A

195 779 265 842 nito
286 780 367 843 Filio
387 788 443 845 tuo
466 788 498 843 et
521 780 641 863 Spiritu
666 780 780 845 Sancto
804 800 887 843 unus
912 800 945 843 es

194 876 291 956 Deus,
307 897 390 941 unus
401 896 435 941 es
450 878 603 941 Dominus
621 901 627 939 :
644 896 708 943 nou
723 880 756 941 in
772 878 866 941 unius
882 877 945 941 sin-

192 974 364 1055 gularitate
382 994 537 1058 personne,
554 976 608 1038 sed
630 975 664 1037 in
686 976 781 1038 unius
805 976 945 1038 trinitate

194 1073 390 1137 substantie.
407 1074 496 1149 Quod
510 1074 597 1137 enim
612 1075 651 1137 de
667 1082 720 1137 tua
734 1075 836 1157 glorie
857 1094 946 1137 reve-

194 1170 282 1234 lante
306 1180 337 1234 te
361 1172 533 1251 eredimus,
549 1172 610 1235 hoc
637 1173 676 1235 de
696 1172 777 1235 Filio
800 1180 867 1251 tuo,
883 1172 944 1235 hoo

192 1269 236 1331 do
250 1269 369 1351 Spiritu
386 1271 513 1348 Sancto,
531 1269 601 1333 siue
621 1268 806 1333 differentia
826 1270 945 1333 discre-

192 1366 292 1429 tionis
318 1368 483 1431 sentimus.
510 1368 605 1431 Utin
631 1366 833 1431 consessione
861 1386 943 1430 verer

194 1465 460 1548 sempiternaeque
475 1466 616 1546 Deitatis,
624 1474 656 1529 et
670 1466 703 1527 in
717 1466 862 1530 Personis
877 1484 946 1548 pro

193 1563 325 1645 prietes,
342 1570 374 1627 et
392 1563 425 1625 in
444 1564 582 1627 essentia
601 1563 717 1644 unitas,
734 1572 765 1627 et
789 1566 824 1627 in
847 1563 946 1645 maje-

195 1668 278 1723 state
305 1662 453 1725 adoretur
486 1661 659 1743 equalitas.
689 1663 788 1736 Quam
817 1662 945 1725 laudaut

193 1758 311 1841 Angeli
335 1768 430 1841 atque
452 1760 653 1843 Archangeli,
673 1759 843 1823 Cherubim
868 1778 946 1841 quo-

193 1876 261 1939 que
276 1876 312 1919 nc
327 1857 503 1940 Seraphim,
519 1858 574 1939 qui
589 1876 653 1921 nou
668 1866 794 1921 cessant
808 1858 982 1927 clamerell

45 1980 83 2024 rs.
97 1994 133 2031 n,
152 1984 176 2024 a.
193 1955 352 2037 quotidie,
361 1975 425 2018 una
438 1974 518 2019 voce
531 1956 674 2019 dicentes
687 1980 694 2017 :
708 1956 853 2036 Sanctus,
869 1956 945 2019 San-

194 2064 281 2135 ctus,
297 2054 441 2134 Sanctus,
456 2054 609 2118 Dominus
624 2056 706 2118 Deus
720 2056 921 2137 omnipotens
935 2078 943 2133 3

192 2152 285 2236 pleni
298 2161 372 2215 sunt
385 2153 459 2217 coeli
473 2161 505 2217 et
520 2161 602 2217 terra
615 2154 717 2235 gloria
732 2162 795 2217 tua.

44 2279 92 2322 r..
102 2292 136 2329 a,
149 2280 175 2321 2.
239 2264 271 2315 t.
288 2252 430 2331 Domine,
446 2252 560 2316 excudi
574 2254 750 2317 orationem
766 2271 880 2315 meam.

239 2370 272 2426 n.
287 2352 325 2415 Et
338 2352 458 2416 clamor
471 2370 562 2416 meus
576 2354 615 2415 ad
630 2361 660 2415 te
675 2352 792 2416 veniat.

500 2450 642 2514 Oremus.

1292 689 1455 765 Hymnus.

1121 782 1250 847 lentule
1265 783 1384 864 lumen,
1401 784 1484 847 Deus
1498 784 1602 863 vivus,

1100 880 1181 943 Vere
1195 900 1289 959 unus,
1306 900 1379 944 vere
1395 882 1508 959 trinus,

1100 978 1143 1040 'le
1157 986 1272 1041 cuncta
1286 988 1413 1061 pavent,
1430 979 1488 1041 tibi
1502 988 1625 1062 parent,

1099 1076 1173 1149 Quae
1187 1095 1371 1159 pergyrum
1387 1077 1458 1141 eoeli
1475 1086 1593 1141 tenent.

1121 1174 1167 1235 'lu
1181 1174 1316 1238 dulcedo
1330 1174 1470 1255 infinita,

1101 1271 1166 1333 Lux
1180 1272 1347 1353 immensa,
1363 1293 1443 1356 pura
1457 1274 1533 1354 vita,

1100 1370 1142 1431 Te
1157 1368 1261 1432 solum
1275 1370 1368 1433 decet
1381 1371 1483 1450 latria,

1099 1468 1135 1529 ln
1149 1476 1181 1530 tc
1195 1467 1351 1531 immensa
1366 1469 1484 1532 laetitia.

1118 1566 1234 1629 Praesta
1247 1567 1346 1629 menti
1360 1567 1532 1648 gratiarum

1100 1664 1188 1727 Dona
1202 1682 1292 1727 saera
1306 1684 1527 1747 supernarum,

1100 1761 1138 1824 Ut
1151 1770 1182 1823 te
1196 1770 1282 1824 emet
1295 1770 1328 1825 et
1340 1770 1472 1844 metuat,

1101 1859 1234 1942 Tibique
1249 1880 1374 1943 semper
1388 1871 1505 1944 pareat.

1119 1958 1236 2038 llouor,
1253 1959 1354 2023 virtus
1368 1968 1400 2022 et
1413 1969 1563 2043 potestas,

1099 2056 1180 2119 Laus
1194 2064 1226 2119 et
1238 2057 1376 2139 hymnus
1390 2078 1427 2121 ac
1442 2059 1603 2140 majestas,

1100 2154 1230 2218 Summo
1243 2154 1326 2218 Patri
1340 2164 1434 2237 atque
1446 2157 1548 2221 Verbo

1098 2252 1137 2315 llt
1151 2270 1246 2333 quem
1261 2253 1392 2336 spirant,
1408 2254 1465 2317 uni
1479 2255 1554 2319 Deo.
1566 2255 1679 2319 Amen.

1040 2354 1119 2415 Ant.
1136 2350 1230 2414 Deus.

1260 2453 1415 2513 Psalmus
1428 2456 1488 2515 26.

239 2548 375 2611 Trinitas
399 2548 597 2630 incorpores,
618 2548 802 2628 invisibilis,
824 2548 946 2612 incom-
1040 2546 1192 2609 Dominus
1207 2546 1398 2613 illuminatio
1417 2568 1488 2613 mec
1506 2558 1538 2613 et
1556 2549 1642 2614 salus
1663 2569 1746 2630 mea,
1762 2566 1892 2619 mmai.

187 2645 435 2729 prehensibilis,
456 2646 809 2728 incircumscriptibilis,
837 2665 947 2729 super·
1000 2662 1097 2725 quem
1111 2644 1249 2709 timebot

189 2744 343 2824 exaltata,
359 2752 487 2822 eterna,
501 2762 571 2825 que
585 2744 625 2806 cd
643 2744 751 2807 omnia
770 2745 946 2827 procedens

1039 2738 1192 2802 Dominus
1208 2746 1367 2821 protector
1380 2741 1452 2805 vitre
1466 2760 1556 2820 meae,
1572 2760 1591 2804 a
1608 2760 1672 2824 quo
1687 2749 1749 2804 tro-

189 2860 258 2925 per
276 2841 355 2904 lucis
374 2850 435 2905 tue
454 2842 624 2923 inlluxum,
645 2862 755 2905 manes
774 2842 808 2905 in
828 2850 858 2905 te
877 2842 946 2924 ipsa
1000 2836 1140 2919 pidabol

190 2940 430 3003 inaccessibilis
455 2949 549 3022 atque
572 2940 756 3021 immobilis,
779 2939 946 3004 uniformi·
1039 2934 1171 3015 Exaudi,
1187 2935 1331 3014 Domine,
1347 2954 1460 3000 vocem
1474 2956 1578 3001 meam
1598 2957 1661 3020 qua
1682 2939 1746 3001 cla·
1762 2956 1820 3001 rese.
1837 2960 1880 3003 aa.

189 3048 249 3101 ter
266 3046 359 3120 atque
378 3038 442 3101 lixe
461 3046 492 3101 et
510 3038 702 3103 eternaliter
719 3040 832 3103 eodem
851 3038 945 3102 modo
961 3034 984 3099 (l
1000 3034 1085 3097 mavi
1099 3035 1139 3097 ad
1155 3042 1207 3113 te,
1223 3034 1463 3115 misereremei,
1479 3044 1512 3100 et
1525 3036 1637 3100 exaudi
1652 3056 1715 3100 me.

189 3334 288 3399 omni
312 3333 515 3397 immunditia
534 3334 633 3417 cripe,
654 3353 788 3416 eamque
809 3333 947 3397 reforma

189 3540 255 3593 tua
269 3528 409 3593 bonitate
423 3530 559 3594 custodi.
575 3529 631 3593 Cui
646 3531 760 3611 honor,
772 3530 945 3608 heatitud0,

17 3168 79 3211 oen.
98 3180 115 3217 t,
128 3166 172 3207 ar,
189 3146 231 3200 te
245 3137 366 3201 habens
385 3160 392 3199 ε
411 3137 550 3199 animam
568 3146 721 3218 nostram,
739 3156 836 3220 quem
851 3138 890 3201 ad
905 3136 946 3199 si·
1040 3131 1110 3194 l'ibi
1124 3132 1203 3194 dixit
1217 3151 1404 3212 cormeum,
1417 3134 1589 3215 exquisivit
1602 3142 1632 3196 te
1647 3133 1747 3198 iacies

189 3235 415 3300 militudinem
430 3243 516 3299 tuam
531 3235 686 3318 plasmare
700 3235 829 3319 dignata
844 3255 889 3316 es,
906 3234 945 3299 ab
998 3249 1093 3308 mea,
1108 3229 1225 3294 faciem
1239 3239 1338 3310 tuam,
1354 3233 1498 3311 Domine,
1514 3233 1685 3315 requiram.

1039 3326 1085 3391 Ne
1098 3336 1223 3392 avertas
1238 3328 1353 3392 faciem
1375 3340 1462 3393 tuam
1475 3350 1494 3393 a
1509 3350 1572 3409 me,
1587 3350 1629 3393 ne
1650 3329 1748 3393 decli·

189 3440 230 3495 et
246 3430 304 3494 tibi
318 3430 470 3510 assimila,
487 3440 581 3513 atque
596 3432 813 3495 indesinenter
826 3450 897 3494 eam
912 3430 946 3493 in
1000 3444 1057 3489 nes
1079 3426 1182 3490 inira
1202 3447 1221 3490 a
1241 3446 1334 3491 servo
1356 3435 1421 3491 tuo.

1039 3524 1174 3606 Adjutor
1187 3544 1278 3588 meus
1292 3534 1372 3604 este,
1388 3525 1532 3604 Domine,
1549 3545 1590 3589 ne
1611 3525 1750 3588 derelin-

189 3628 266 3692 vita
281 3636 312 3690 et
326 3646 460 3711 regnum
479 3648 536 3711 per
550 3627 666 3692 saecula
681 3628 819 3691 inlinita.
833 3629 944 3691 Amen.
1000 3641 1078 3704 quas
1093 3642 1144 3686 me
1158 3646 1166 3701 ;
1182 3642 1286 3704 neque
1305 3624 1463 3706 despicias
1483 3642 1547 3701 me,
1563 3624 1645 3687 Deus
1665 3624 1750 3687 salu-

240 3737 274 3789 t.
291 3725 433 3807 Domine,
450 3726 576 3806 exaudi,
592 3736 649 3789 etc.

238 3844 273 3899 q.
290 3823 328 3886 llt
342 3824 462 3888 clamor
474 3843 577 3905 meus,
592 3835 650 3886 etc.

239 3934 274 3985 rt.
291 3922 518 3986 Benedieamus
533 3923 680 3989 Domino.

238 4040 273 4096 rr.
292 4021 355 4085 Deo
369 4020 495 4104 gratias.

1002 3720 1077 3783 taris
1098 3740 1200 3784 meus.

1041 3819 1148 3883 Gloria
1161 3820 1255 3883 Patri.

1041 3922 1121 3983 Ant.
1138 3920 1220 3982 Deus
1234 3918 1339 3983 omnis
1352 3918 1472 4001 gratim,
1485 3920 1541 4001 qui
1556 3919 1675 3983 vocasti
1691 3936 1750 3983 nos
1766 3935 1773 3979 ι
1789 3936 1854 3980 ree.
1874 3948 1897 3987 v,

1003 4018 1036 4079 in
1051 4024 1202 4081 aetcrnam
1217 4025 1304 4080 tuam
1318 4016 1453 4099 gloriam
1471 4018 1506 4080 in
1525 4017 1648 4081 Christo
1663 4018 1749 4096 lesu,

1767 4002 1800 4050 tt,
1811 4002 1843 4043 ll.

240 4133 275 4185 tt.
299 4120 420 4183 Animre
444 4120 589 4183 omnium
613 4120 759 4183 lidelium
784 4118 950 4185 defuncto-
1002 4116 1164 4179 modicum
1185 4135 1295 4200 passos
1315 4125 1349 4179 tu
1367 4135 1426 4181 nos
1445 4116 1577 4199 pertice,
1595 4116 1752 4181 confirmt

190 4238 273 4285 rum
295 4237 352 4301 per
371 4218 622 4283 misericordiam
643 4226 741 4299 tuam,
757 4236 776 4282 o
791 4218 988 4301 benignis-D
1003 4222 1034 4277 et
1049 4214 1160 4277 solide.
1179 4214 1236 4277 Cui
1249 4214 1352 4278 honor
1365 4222 1397 4277 et
1410 4214 1512 4296 gloria
1532 4223 1565 4278 et
1579 4214 1751 4298 imperium

191 4320 284 4383 sima
298 4317 445 4397 Trinitas,
462 4316 661 4399 requiescant
675 4318 708 4381 in
724 4336 813 4399 pace.

238 4436 274 4492 p.
292 4416 403 4479 Amen.

437 4562 501 4633 An
527 4560 714 4635 Parmam,

1004 4314 1037 4376 in
1053 4312 1168 4377 saecula
1182 4312 1386 4395 sempiterna.

1043 4416 1123 4475 Ant.
1140 4411 1252 4475 Deetae.

1278 4512 1431 4572 Psalmus
1445 4514 1481 4573 6.

1044 4607 1189 4686 Domine,
1214 4626 1256 4669 ne
1279 4606 1313 4669 in
1336 4606 1444 4671 lurore
1467 4614 1522 4671 tuo
1545 4626 1659 4689 arguas
1686 4627 1750 4688 mc,
1765 4638 1898 4692 p„„‚2.5‚
1940 4637 1943 4643 ¹

239 4710 333 4777 Adsit
346 4710 450 4789 uobis,
467 4721 540 4782 etc„
557 4721 592 4773 ut
607 4731 719 4789 supra.
1006 4725 1110 4788 neque
1124 4706 1158 4767 in
1172 4704 1220 4766 ira
1234 4712 1289 4767 tua
1302 4704 1456 4786 corripias
1470 4724 1533 4768 me.

39 4846 117 4896 pm„
130 4844 173 4889 η,
240 4824 276 4875 x.
294 4810 352 4875 (lor
365 4810 520 4873 mundum
536 4828 609 4873 crea
624 4809 656 4872 in
672 4829 734 4889 mc,
751 4810 844 4875 Deus.
1045 4806 1192 4869 Miserere
1215 4804 1291 4882 mei,
1317 4803 1460 4882 Domine,
1487 4804 1638 4885 quoniam
1662 4805 1754 4869 inlir-

241 4930 277 4989 η.
294 4909 332 4972 ttt
356 4908 502 4993 spiritum
521 4916 643 4973 rectum
663 4909 781 4973 innova
799 4910 833 4973 in
853 4911 953 4975 visoc
1007 4923 1078 4968 mus
1109 4923 1202 4981 sum,
1232 4922 1309 4965 sana
1336 4921 1398 4981 me,
1427 4903 1573 4983 Domine,
1602 4905 1753 4985 quoniam

194 5012 296 5079 ribus
310 5010 401 5073 meis.
1008 5004 1194 5069 conturbato
1216 5011 1291 5064 sunt
1310 5019 1383 5065 ossa
1402 5021 1484 5067 mee.

242 5123 277 5175 r.
295 5110 388 5187 Deus,
406 5108 439 5171 in
453 5108 660 5190 adjutorium,
679 5119 737 5170 etc.
1048 5104 1086 5167 Et
1099 5104 1205 5166 anima
1219 5121 1290 5165 mea
1305 5103 1429 5165 turbata
1442 5111 1491 5166 est
1504 5104 1597 5169 valde
1610 5127 1618 5182 3
1635 5103 1691 5166 sed
1706 5111 1752 5185 tu,

241 5231 277 5287 n.
294 5208 439 5289 Domine,
455 5209 494 5270 ad
510 5207 738 5289 adjuvandum,
756 5217 814 5271 etc.
1008 5202 1153 5281 Domine,
1168 5205 1357 5283 usquequol

242 5322 277 5374 r.
291 5308 397 5374 Gloria
411 5306 503 5370 Patri.
520 5304 666 5369 Alleluia.
1049 5303 1251 5380 Convertere,
1275 5302 1418 5380 Domine,
1444 5311 1477 5364 et
1499 5302 1587 5384 eripe
1614 5302 1754 5365 animam
