4309 6259
428 468 467 533 76
891 482 1049 529 ειιοειτιο
1069 481 1168 528 ιιιιιιιι
1192 487 1200 525 :
1223 482 1260 528 ur
1281 483 1401 537 Qunam
1421 484 1511 530 mxrs

426 654 545 718 multos
566 653 710 717 liliorum
731 654 825 716 lsrael
848 660 1031 732 convertet3
1052 660 1085 715 et
1105 651 1174 733 ipse
1189 650 1214 713 d
1229 653 1349 716 lactum
1364 653 1486 716 moritis
1501 652 1571 735 ejus
1593 651 1811 734 sequentibus,
1828 660 1923 733 atque
1938 650 1976 715 ad

427 753 585 836 precedet
606 760 678 815 ante
700 752 789 815 illum
811 751 886 832 (hoc
907 759 1049 815 estante
1070 750 1174 814 Domi·
1229 752 1475 815 declarationem
1496 751 1694 815 excellentias
1709 749 1891 814 futurorum
1911 770 1978 815 me-

428 870 506 913 num
521 850 628 914 lesum
642 850 814 931 Christum)
829 850 861 913 in
877 850 990 931 spiritu
1011 857 1043 913 et
1058 849 1175 911 virtute
1230 849 1361 914 ritomm
1378 849 1489 932 ipsius.

428 948 516 1026 Elim,
533 967 643 1030 parare
657 947 790 1012 Domino
805 948 930 1031 plebem
946 946 1133 1031 perfectam.
1272 952 1401 1012 Ventris
1411 951 1559 1009 abstruso
1567 947 1902 1024 positus*cubr'2i,hoo
1916 955 1974 1026 θεῖ,
2046 956 2066 1011 l

470 1050 542 1117 lile,
558 1054 669 1128 utputa
690 1046 865 1126 Zachariae,
881 1049 1035 1123 promissi
1054 1048 1176 1106 dubius
1230 1054 1265 1109 tu
1292 1047 1395 1109 adhuc
1424 1046 1597 1109 collocatus
1625 1053 1657 1107 θῖ
1681 1045 1851 1107 clausus«
1877 1044 1976 1107 cubili
1991 1037 2114 1081 ''W''

428 1149 577 1223 superni,
592 1147 653 1210 hoc
668 1154 716 1210 est
730 1147 912 1209 incredulus
931 1144 1007 1208 boni
1029 1144 1089 1207 sihi
1105 1162 1176 1225 pro
1230 1145 1375 1209 abstruso
1397 1143 1517 1207 ventris
1533 1167 1561 1223 ιι,
1579 1143 1610 1205 id
1630 1151 1678 1206 est
1699 1142 1732 1205 in
1747 1142 1879 1206 matrice
1901 1162 1978 1204 ven-

428 1244 518 1307 missi
533 1263 552 1306 a
566 1244 629 1308 Deo
644 1263 701 1326 per
714 1244 938 1325 angelum,seu
954 1242 1175 1325 promissionis
1230 1243 1288 1306 tris
1319 1252 1381 1305 tuae
1414 1242 1623 1305 sanctissime
1657 1249 1751 1323 atque
1785 1239 1977 1303 beatissima

429 1360 573 1424 superne
597 1342 734 1423 desuper
760 1341 821 1404 sihi
845 1340 936 1405 laetae
963 1364 970 1403 ι
997 1358 1061 1404 uon
1089 1340 1174 1421 quod
1230 1341 1340 1404 matris
1355 1341 1496 1421 undique
1511 1341 1631 1421 clausa,
1648 1340 1812 1403 involutus
1826 1339 1977 1421 pellicula

428 1440 527 1503 Deum
548 1458 613 1503 non
635 1441 778 1503 crederet
798 1440 1048 1521 omnipotentem
1071 1456 1107 1500 ac
1122 1456 1175 1500 ve-
1230 1458 1301 1521 quaa
1322 1440 1437 1502 dicitur
1458 1437 1642 1517 secundina,
1661 1458 1820 1508 senseras,
1834 1436 1896 1500 hoc
1917 1445 1975 1515 est,

429 1556 512 1616 rum,
528 1547 583 1600 aut
602 1539 687 1620 quod
708 1537 858 1619 angelum
879 1544 1005 1619 putarat
1023 1535 1173 1613 mentiri3
1229 1558 1268 1601 ax
1292 1536 1526 1619 supermirabili
1551 1535 1734 1618 operatione
1758 1543 1791 1597 et
1818 1534 1978 1597 illumiua-

430 1636 484 1699 sed
506 1636 687 1699 vehementi
709 1636 838 1700 horrore
859 1655 897 1698 ex
922 1634 1026 1716 angeli
1051 1633 1176 1716 appari·
1231 1636 1316 1698 tione
1332 1653 1537 1716 cognoveras,
1553 1638 1684 1711 Regem,
1697 1633 1729 1696 id
1743 1641 1792 1696 est
1805 1632 1975 1711 Christum,

430 1733 515 1797 tione
534 1735 689 1816 turbatus,
705 1753 769 1798 non
792 1733 929 1815 respexit
949 1732 1115 1795 actualitor
1136 1732 1174 1794 ad
1230 1733 1347 1814 Regem
1367 1752 1489 1813 regum,
1507 1734 1650 1792 thalamo
1670 1741 1867 1801 manentem,
1883 1730 1978 1792 idest

429 1832 690 1915 omnipotentiam
713 1833 779 1911 Dei,
797 1834 851 1895 sed
873 1831 912 1895 ad
933 1830 1175 1912 dispositionem
1194 1830 1266 1893 Bin
1282 1839 1370 1894 utero
1381 1830 1580 1893 electissime
1591 1828 1732 1910 Virginis
1746 1829 1976 1909 quiescentem,

290 1950 370 2003 ruer,
384 1952 415 1993 rs.
429 1939 559 2011 naturae,
582 1931 718 1995 dicendo
742 1955 749 1993 ι
772 1930 860 1993 Unde
885 1930 946 1993 hoc
969 1929 1089 1992 sciami
1111 1928 1176 2009 Ego
1232 1928 1314 1991 sicut
1335 1928 1511 2010 expositum
1532 1936 1581 1991 θεῖ
1602 1947 1697 2010 super
1718 1927 1797 1989 illud
1819 1926 1853 1989 in
1874 1926 1978 2007 primo
1995 1939 2086 1993 esea

430 2029 516 2093 enim
532 2048 603 2091 sum
618 2048 726 2105 senex,
743 2037 776 2091 θῖ
789 2046 867 2091 uxor
889 2046 959 2089 mea
974 2026 1130 2108 processit
1144 2026 1177 2087 in
1232 2026 1351 2108 hymno
1368 2050 1375 2087 :

430 2127 543 2191 diebus
574 2128 651 2189 suis.
678 2126 751 2189 Tale
775 2144 902 2207 quoque
926 2124 1059 2205 contigit
1081 2123 1178 2205 Moysi

284 2234 464 2351 pranso-et
487 2225 589 2289 domn
613 2225 653 2288 ad
677 2242 775 2305 aquas
799 2222 1062 2287 contradictionis
1089 2245 1096 2284 ι
1122 2222 1177 2303 qui

1405 2196 1450 2245 Uti
1466 2208 1591 2259 sponsus
1606 2196 1640 2245 de
1654 2195 1790 2255 thalamo,

1104 2320 1110 2332 .
1137 2320 1143 2332 .
1404 2277 1544 2339 Egressus
1559 2276 1761 2328 honestissima

432 2343 529 2406 quum
546 2330 591 2387 tot
609 2342 645 2385 ac
660 2330 747 2385 tanta
768 2328 1002 2405 perpetrassent
1022 2321 1177 2402 prodigia,
1403 2356 1528 2421 virginis
1542 2358 1643 2409 histris
1657 2356 1794 2408 clausula.

433 2422 544 2503 etjam
559 2429 631 2483 ante
646 2420 744 2483 semel
765 2418 990 2502 pmduxissent
1010 2437 1124 2499 aquam
1139 2419 1178 2480 de

283 2537 417 2592 sesam,
432 2526 522 2601 petra
534 2518 648 2599 lloreb,
664 2526 700 2582 ut
713 2519 746 2581 in
761 2517 866 2581 Exodo
886 2518 1055 2595 recitatum
1072 2524 1178 2579 tamen
1232 2516 1278 2579 Ex
1289 2516 1339 2579 his
1354 2516 1624 2599 innotescit‚quod
1638 2516 1886 2599 gloriosissimus
1897 2516 1981 2581 (lhri-

283 2604 305 2645 ⁶'
432 2618 472 2681 od
493 2636 590 2699 aquas
611 2614 875 2681 contradictionis
896 2615 1027 2678 luerunt
1047 2615 1110 2677 Deo
1131 2613 1180 2675 in·
1234 2614 1274 2678 sti
1299 2616 1554 2698 consanguineus
1579 2624 1611 2677 θῖ
1637 2634 1822 2698 precursor,
1845 2634 1980 2696 magnus

432 2715 565 2795 creduli,
586 2714 739 2779 intuendo
763 2715 802 2777 ad
827 2712 1104 2797 indispositionem
1125 2730 1180 2773 na·
1234 2712 1294 2775 iste
1321 2714 1468 2790 loannes,
1490 2714 1522 2776 in
1547 2722 1636 2777 utero
1663 2732 1728 2775 suaa
1752 2712 1861 2775 matris
1885 2712 1979 2775 Verbi

432 2822 520 2893 ture,
533 2813 624 2895 quasi
638 2812 853 2893 omnipotenti
867 2830 932 2875 non
948 2820 1031 2875 esset
1045 2810 1181 2894 perfaci-
1233 2811 1343 2873 aeterni
1372 2812 1623 2875 iucamationem
1651 2818 1746 2893 atque
1778 2810 1980 2893 presentiam

431 2912 461 2976 le
481 2913 520 2975 de
541 2930 615 2975 saxo
636 2910 807 2975 durissimo
823 2910 982 2991 copiosam
1005 2911 1179 2991 producere
1234 2908 1305 2991 ejus
1320 2909 1353 2971 in
1368 2910 1507 2991 Virginis
1522 2918 1612 2973 utero
1626 2928 1700 2972 vere
1714 2907 1981 2989 cognovit,quan-

430 3028 545 3091 aquam
563 3008 717 3071 :luerunt
737 3008 856 3090 quippe
873 3026 912 3069 ex
931 3007 1041 3090 populi
1063 3007 1179 3088 impor-
1196 3010 1219 3074 C
1234 3026 1329 3089 quarn
1352 3008 1516 3071 Udalricus
1538 3008 1571 3069 in
1592 3007 1722 3070 Summe
1743 3026 1801 3070 sua
1820 3007 1907 3069 dicat
1926 3025 1981 3088 op

432 3108 568 3171 tunitate
582 3106 709 3170 turbati.
723 3108 880 3169 Perdidit
893 3116 1053 3182 prompte
1068 3110 1179 3166 made·
1234 3106 1385 3188 positum.
1410 3105 1473 3169 Nec
1501 3106 1586 3169 enim
1613 3106 1697 3168 istud
1720 3104 1909 3168 incredibile
1934 3112 1983 3167 est
2143 3179 2144 3188 ἵ

432 3211 478 3267 ios
498 3208 645 3285 loquetae,
660 3205 721 3268 hoc
743 3210 802 3283 est,
819 3203 926 3266 amisit
946 3226 962 3263 ιι
983 3204 1129 3267 modulos
1150 3226 1178 3282 ιι,
1235 3206 1441 3284 censendum,
1471 3223 1570 3286 quum
1598 3204 1631 3265 in
1660 3212 1749 3267 utem
1777 3203 1888 3266 matris
1917 3222 1982 3266 suae
1999 3228 2058 3273 cue.
2073 3244 2087 3276 ι,
2100 3231 2144 3271 ιι.;

432 3306 464 3367 id
480 3312 528 3367 θεῖ
547 3303 729 3367 laenitatem
751 3309 782 3367 et
801 3301 929 3365 solitum
945 3303 1087 3383 modum,
1103 3324 1120 3361 e
1136 3302 1182 3365 lo
1235 3310 1364 3365 sanctus
1388 3303 1442 3365 hic
1457 3322 1537 3384 puer
1564 3303 1737 3365 exsultasse
1765 3302 1900 3383 legatur,
1916 3302 1982 3365 imo

431 3403 533 3484 quelae
548 3409 702 3485 prompte
718 3423 746 3481 ι,
762 3401 823 3465 hoc
842 3408 891 3463 est
905 3400 1067 3483 expedite,
1084 3419 1179 3482 quam
1235 3408 1267 3463 et
1286 3400 1405 3483 Spiritu
1424 3400 1538 3464 Sancto
1560 3402 1699 3482 repletus
1716 3400 1907 3464 :exsultatio
1928 3419 1984 3463 au·
2000 3426 2063 3467 ιιιι.
2076 3428 2108 3467 ιε.

432 3500 546 3565 hahuit
567 3507 651 3563 ante.
677 3500 757 3562 ilino
782 3500 898 3581 legitur
922 3499 1004 3581 apud
1028 3500 1177 3561 Lucam:
1236 3508 1299 3562 tem
1321 3518 1359 3561 ex
1373 3499 1627 3582 apprehensione
1656 3499 1810 3581 pmcedit.
1837 3499 1926 3574 Quod
1951 3507 1985 3561 ct

298 3598 639 3681 cae.1‚m,llespondens
662 3599 805 3679 angelus,
832 3597 912 3660 dixit
935 3596 964 3660 ei
988 3597 1084 3679 :Ego
1108 3616 1179 3660 sum
1236 3598 1267 3660 S.
1297 3597 1484 3673 Bemardus‚
1502 3597 1793 3678 llaximusquoque
1813 3597 1984 3679 episeopus

285 3681 319 3723 ²⁰·
432 3698 569 3777 Gabriel,
594 3697 649 3778 qui
677 3698 767 3761 adsto
795 3704 868 3758 ante
895 3695 1016 3772 Deum3
1046 3704 1078 3757 et
1105 3714 1180 3759 ecce
1235 3695 1335 3758 etalii
1357 3695 1449 3757 multi
1472 3695 1656 3759 Sanctomm
1679 3702 1847 3758 senscrunt
1868 3718 1875 3757 ε
1896 3696 1983 3777 quod

432 3796 495 3861 eris
514 3805 623 3860 tacens
642 3804 675 3858 θῖ
691 3814 755 3858 non
775 3794 894 3877 poteris
916 3792 1002 3876 loqui
1024 3812 1125 3875 usque
1146 3794 1179 3856 in
1236 3813 1331 3876 super
1350 3795 1466 3856 Lucam
1481 3794 1607 3876 plenius
1620 3793 1790 3857 declaravi.
2018 3828 2058 3883 ς,
2074 3829 2123 3873 ,ῃ

432 3896 519 3959 diem
547 3912 610 3977 quo
638 3895 705 3957 hee
733 3893 825 3973 liant,
851 3911 908 3975 pro
936 3911 974 3957 eo
1002 3894 1087 3974 quod
1115 3910 1179 3956 non
1275 3895 1364 3954 Hirro
1384 3910 1507 3968 parens
1531 3895 1605 3952 reati
1627 3895 1757 3953 meritis
1777 3902 1926 3972 uterque,
1950 3894 1983 3957 id
2000 3894 2112 3948 tm·

434 3994 597 4059 credidisti
613 3992 719 4057 verbis
734 3992 825 4055 meis.
1236 4000 1284 4054 est
1298 3998 1387 4073 pater
1400 3998 1432 4053 et
1446 3999 1547 4053 mater
1561 3991 1662 4053 sancti
1678 3990 1739 4053 lilii
1759 3991 1868 4073 hujus,
1885 4014 1902 4052 a
1917 4010 1986 4055 me

472 4096 540 4155 Sed
555 4092 745 4170 reformasti
753 4091 967 4168 penitas,hoo
982 4098 1039 4169 est,
1048 4098 1083 4153 tu
1097 4099 1182 4173 post·
1236 4090 1305 4152 ritis
1319 4091 1385 4152 nati
1400 4112 1430 4170 ιι,
1442 4098 1555 4171 utputa
1568 4088 1630 4151 lilii
1646 4089 1707 4169 sui,
1723 4092 1837 4150 abdita
1847 4094 1984 4167 pandit,

434 4210 532 4274 quam
554 4199 647 4253 natus
668 4188 793 4251 luisti«
817 4189 995 4253 reformasti
1017 4211 1045 4269 ι,
1066 4189 1099 4251 id
1119 4196 1179 4269 θεῖ,
1196 4183 1296 4252 Dhoc
1318 4195 1377 4266 est,
1394 4196 1514 4250 secreta
1535 4196 1627 4269 atque
1649 4186 1756 4250 lutura
1775 4189 1928 4252 rovelavit
1945 4209 1984 4254 ao

434 4288 599 4354 restituisti
629 4296 663 4351 θῖ
690 4287 853 4370 reparasti,
879 4298 1057 4365 perempte
1088 4308 1181 4363 arpa-
1236 4286 1446 4365 denuntiavit,
1463 4294 1499 4347 ut
1521 4294 1607 4368 patet
1627 4285 1660 4346 in
1683 4286 1808 4350 cantico
1827 4288 1985 4352 Zacharia
2016 4314 2131 4357 rma

434 4410 479 4450 aa
494 4390 591 4458 vocis,
606 4387 639 4451 id
661 4394 709 4450 θεῖ
733 4386 943 4449 instrumenta
963 4386 1086 4450 «vocis
1107 4386 1181 4466 (hoc
1237 4393 1268 4448 et
1295 4384 1400 4447 verbis
1425 4392 1541 4447 sancte
1566 4384 1728 4448 Elisabeth
1757 4384 1790 4446 in
1818 4385 1903 4449 Luca
1930 4386 1986 4449 de
2001 4378 2042 4423 ⁷⁹·
2055 4380 2121 4421 Μ’

434 4494 483 4552 θεῖ
502 4485 647 4567 loquele)
665 4493 837 4568 perempte
853 4506 881 4563 ιι,
905 4484 935 4547 id
957 4492 1005 4547 θεῖ
1024 4484 1105 4566 patri
1127 4493 1181 4548 tuo
1237 4484 1363 4565 scriptis
1385 4507 1393 4545 ι
1414 4503 1489 4545 nam
1514 4482 1659 4565 spiritum
1685 4484 1859 4565 prophetias
1881 4485 1984 4548 sortiti

435 4586 547 4649 ablatae
564 4609 571 4647 :
589 4584 633 4648 ita
645 4585 730 4667 quod
752 4583 1015 4666 impedimentum
1031 4582 1181 4664 loquendi
1237 4590 1321 4645 sunt.
1337 4583 1383 4644 Ex
1400 4581 1516 4663 quibus
1535 4583 1639 4645 denuo
1659 4582 1814 4663 sequitur,
1831 4584 1916 4664 quod
1936 4602 1988 4646 sa-

314 4707 374 4753 nta.
386 4711 421 4752 ιι.
434 4684 497 4748 luit
511 4684 539 4747 ei
555 4682 706 4762 ablatum,
719 4682 809 4764 juxta
823 4681 901 4744 illud
915 4680 1182 4762 Lucae:dpertum
1237 4680 1434 4744 eratissimos
1446 4680 1581 4743 loannes
1592 4680 1626 4743 iu
1637 4689 1727 4744 utero
1738 4681 1848 4743 metris
1863 4682 1986 4746 ratione

435 4791 484 4847 est
503 4782 590 4846 illico
611 4800 647 4845 os
669 4780 739 4862 ejus
758 4789 790 4843 et
809 4780 928 4861 lingua,
945 4787 977 4842 et
995 4778 1183 4861 loquebatur
1238 4779 1280 4842 sit
1293 4798 1369 4842 usus
1384 4798 1421 4841 ac
1436 4778 1552 4842 meruit
1566 4778 1781 4842 vehementer.

434 4880 629 4945 benedicens
650 4880 761 4942 Deum.
785 4878 871 4952 Quod
897 4880 946 4957 (ut
970 4876 1183 4940 communiter
1276 4881 1389 4940 Antra
1411 4879 1544 4948 deserti,
1570 4879 1692 4937 teneris
1719 4880 1778 4937 sub
1806 4882 1917 4949 annis,
1940 4882 1986 4939 ci-

434 4979 552 5043 dicitur
575 4986 608 5041 θῖ
634 4978 687 5041 ῖιίθ
715 4974 870 5039 insinuari
899 4974 1036 5054 videtur)
1061 4974 1182 5037 lactum
1238 4980 1329 5036 viem
1355 4986 1482 5036 turmas
1504 4977 1649 5052 fugiens,
1670 4978 1817 5052 petisti:
1838 4976 1900 5040 hoc
1924 4986 1985 5056 est,

435 5086 484 5141 θεῖ
498 5076 619 5139 meritis
634 5076 666 5139 S.
683 5073 823 5153 loanniS,
839 5073 894 5154 qui
914 5072 1055 5136 nondum
1076 5082 1180 5149 natus,
1238 5093 1257 5138 o
1278 5076 1309 5136 S.
1331 5074 1477 5151 loannes,
1498 5081 1569 5135 tu«
1593 5072 1700 5153 petisti
1723 5096 1751 5152 ιι,
1773 5072 1804 5136 id
1825 5082 1885 5154 est,
1901 5094 1988 5156 quae-

436 5196 475 5241 ex
491 5184 580 5239 utero
595 5180 775 5258 preventus
790 5180 838 5235 est
852 5191 912 5236 usu
923 5170 1183 5253 rationis‚sicqne
1239 5170 1482 5252 sisti‚invenisti
1494 5178 1589 5251 atque
1600 5171 1762 5252 ingressus
1776 5190 1847 5252 es,«
1857 5180 1986 5254 amma,

436 5275 471 5339 in
493 5282 582 5339 utero
606 5272 710 5355 potuit
730 5271 815 5334 istud
836 5270 972 5349 marari3
994 5271 1045 5335 vel
1066 5270 1184 5334 dicitur
1240 5270 1273 5333 id
1294 5276 1344 5333 est
1364 5268 1544 5352 speluncas,
1561 5267 1710 5331 «deserti
1726 5290 1755 5351 ιι,
1771 5277 1807 5331 ut
1826 5268 1907 5333 inibi
1922 5270 1988 5335 lieo
