4309 6259
816 500 910 547 ruonx
931 498 1119 547 annuamus
1681 484 1742 551 665

226 672 347 730 virtuosi
369 673 449 740 fiant,
467 672 568 740 ieon’,
584 672 624 737 B’,
644 675 673 729 et
694 673 732 729 ad
755 668 937 728 devotionern
994 671 1137 728 SYNllSlS
1165 675 1209 729 est
1233 672 1325 731 virtus
1353 674 1473 733 moralis
1502 677 1553 748 'per
1577 690 1666 747 quarn
1690 675 1741 731 bo·

228 764 406 837 perveniant,
424 765 513 831 6666,
528 768 557 821 et
578 763 608 819 bi
631 765 701 819 sunt
719 758 937 833 sapientissimi,

227 854 330 918 6606;
347 853 406 919 alii,
422 858 456 911 ut
475 854 506 911 in
526 856 649 926 utroque
667 850 756 908 simul
776 848 938 923 proficiant,

227 943 326 1009 loos’,
337 944 376 1008 6,
390 944 512 1007 istaes
526 943 556 1000 hi
571 943 710 999 dicuntur
724 939 825 1004 divini,
837 938 937 995 6606.

224 1064 261 1073 -
275 1032 405 1089 Praelatis
424 1032 565 1105 competit
581 1030 711 1089 scientiis
730 1029 820 1087 simul
838 1032 868 1085 et
885 1028 940 1083 rir-

1028 778 1078 817 mo
1098 761 1129 831 lit
1147 761 1177 819 in
1202 764 1322 836 agendis
1346 764 1417 821 bene
1437 764 1625 838 judicativus,
1641 766 1740 823 2076.

1350 954 1383 1027 T

224 1121 338 1179 tutibus
351 1123 477 1185 studere,
495 1122 592 1185 6606,
605 1120 757 1178 monacbis
770 1121 869 1176 autem
884 1117 940 1173 vir·
992 1121 1281 1179 TABERNACULUM.
1295 1122 1459 1195 Deportatio
1473 1125 1654 1183 tabernaculi
1670 1127 1701 1181 V.
1713 1127 1741 1182 1..

224 1215 323 1269 tutum
342 1211 439 1269 studio
457 1210 586 1269 totaliter
603 1210 782 1274 incumbere,
800 1209 888 1264 6666.
904 1238 940 1247 -

225 1301 362 1359 Studium
388 1302 465 1373 quod
489 1317 549 1357 uon
569 1300 722 1357 ordinatur
740 1300 777 1354 ad
797 1298 939 1354 virtutum

225 1391 422 1464 adeptionem,
450 1390 495 1447 vel
523 1407 582 1463 quo
615 1388 773 1462 negligitur
805 1386 939 1443 diriuum

226 1481 371 1545 Officium,
385 1481 472 1543 6876,
484 1496 502 1536 6
515 1478 699 1552 perceptione
713 1477 864 1549 sapientire
877 1476 940 1533 ani·

227 1587 310 1627 mum
327 1570 459 1642 impedit,
476 1570 564 1625 l8'ld.

188 1660 413 1717 8668766666.
429 1660 514 1715 Pater
528 1674 595 1714 cum
611 1657 684 1713 Filio
697 1660 726 1714 et
741 1656 850 1728 Spiritu
869 1657 940 1712 San·

226 1752 273 1805 cto
295 1752 339 1807 est
360 1762 437 1805 unus
459 1748 544 1813 Deus,
561 1748 590 1803 iu
614 1748 702 1803 unius
720 1746 850 1803 trinitate
872 1745 940 1801 sub·

225 1839 350 1905 stantiae,
362 1854 420 1894 uon
437 1838 467 1894 iu
483 1838 571 1894 unius
581 1836 783 1909 singularitate
798 1850 938 1907 personae,

223 1929 274 1983 356
286 1930 315 1983 6.
326 1958 358 1969 -
368 1929 426 1983 Cur
436 1927 526 1983 Filius
535 1930 655 1982 vocetur
667 1926 760 1997 ligura
770 1923 940 1981 substantiae

225 2018 328 2083 Patris,
341 2018 419 2074 6656
431 2035 437 2081 ;
455 2018 603 2089 quomodo
617 2016 748 2072 Christus
762 2015 801 2071 sit
815 2014 941 2087 geminae

224 2109 308 2180 gigas
335 2106 514 2171 substantiae,
540 2106 576 2163 30
584 2110 614 2162 A.
643 2136 674 2147 -
700 2106 845 2177 Separatae
873 2104 941 2159 sub·

224 2198 340 2254 stantiae
367 2200 436 2253 suut
461 2197 597 2268 quiedam
621 2194 700 2252 cutia
723 2193 879 2265 simplicia,
905 2194 941 2249 de

226 2288 288 2344 suis
302 2285 485 2345 sufficientia,
505 2286 593 2341 6770.

188 2378 389 2435 8667666768
407 2379 452 2432 est
474 2376 528 2431 dos
550 2373 680 2446 corporis
700 2373 827 2446 gloriosi,
839 2373 940 2434 3666ς

225 2484 264 2525 66
293 2467 375 2523 illam
404 2464 541 2521 habuerit
567 2465 698 2523 Christus
727 2463 756 2519 in
786 2464 840 2519 hac
872 2462 940 2527 rita,

226 2558 317 2613 3666,
333 2588 367 2599 -
382 2555 509 2612 Subtiles
529 2553 677 2610 intellectu
694 2553 830 2609 homiues
849 2556 878 2609 ei
898 2553 940 2609 lo·

227 2646 350 2703 briciex
367 2648 474 2702 natura
488 2660 604 2702 necesse
624 2643 733 2699 babent
755 2658 831 2714 sape
851 2645 942 2698 certa·

227 2753 268 2800 re,
284 2735 383 2799 6266,
404 2736 526 2806 possunt
543 2737 641 2788 tamen
662 2731 767 2788 elevari
787 2748 876 2804 supra
895 2747 942 2786 oo-

227 2824 389 2897 guitionem
404 2821 697 2886 rationalem‚l36C';
714 2837 766 2877 cur
780 2819 943 2877 assimilen-

224 2918 274 2971 tur
288 2911 452 2970 ccuturioni
468 2910 518 2984 qui
534 2909 636 2967 habuit
655 2925 770 2966 serrum
787 2908 940 2965 infirmum

225 3004 256 3060 in
277 3005 374 3065 domo,
390 3003 486 3057 6376.

188 3094 315 3151 80006.
332 3091 532 3163 Sanguineum
554 3090 691 3145 sudorem
707 3087 735 3143 io
757 3087 864 3159 agonia
883 3087 942 3159 pati

225 3183 316 3239 voluit
335 3181 475 3241 Christus,
490 3180 588 3238 2886,
604 3181 637 3234 ut
656 3194 741 3233 nosa
759 3176 883 3233 crimine
904 3177 943 3233 la·

224 3278 313 3335 naret,
329 3272 419 3334 3006,
435 3274 464 3327 et
481 3287 498 3326 6
517 3270 623 3325 timore
644 3267 739 3324 ultimi
756 3266 863 3341 judicii
884 3266 943 3324 eri·

225 3366 328 3427 meret,
344 3362 398 3417 286
407 3363 439 3416 6.

188 3454 311 3511 8066666
332 3449 531 3508 confessorum
552 3447 683 3520 (loannis
697 3446 890 3517 bossinensis)
904 3446 943 3503 ci-

224 3547 314 3606 tatur,
330 3543 383 3598 676
391 3542 434 3605 6;
450 3540 519 3596 item
539 3540 663 3595 Summa
685 3537 790 3593 Pisana
811 3537 943 3609 (Bartho-

225 3632 324 3690 lomaei
343 3629 460 3701 Pisani),
475 3628 573 3685 6766.

1029 1210 1136 1281 figurat
1151 1211 1363 1282 processionem
1379 1214 1428 1269 SS.
1445 1214 1634 1277 sacramenti,
1650 1216 1742 1280 6666,

1029 1301 1109 1372 quod
1123 1316 1224 1357 verum
1239 1300 1462 1359 tabernaculum
1478 1303 1597 1360 Deitatis
1611 1302 1665 1361 rite
1676 1320 1743 1361 cen·

1029 1392 1119 1456 satur,
1134 1390 1226 1446 ilidii.

992 1478 1131 1535 766768.
1152 1479 1363 1537 Delectationes
1385 1484 1480 1537 tactus
1503 1480 1643 1538 maximae
1665 1485 1743 1549 sunt,

1028 1568 1119 1633 5666,
1135 1568 1240 1640 spiritu
1255 1569 1372 1656 difficile
1387 1574 1537 1642 reguntur,
1554 1574 1583 1627 et
1602 1571 1744 1630 laboriose

1029 1656 1224 1723 eradicantur,
1241 1658 1416 1723 56666666
1435 1659 1552 1733 speciali
1576 1660 1682 1719 virtute
1701 1661 1744 1717 in-

1031 1748 1132 1820 digent
1149 1746 1299 1814 refrenari,
1316 1748 1346 1804 id
1366 1753 1407 1805 est
1427 1750 1630 1822 temperantia,
1646 1752 1743 1817 5626,

1030 1853 1096 1909 quoe
1112 1837 1220 1895 idcirco
1234 1841 1353 1895 vocatur
1372 1838 1539 1905 cardinalis,
1555 1840 1608 1897 566
1618 1842 1647 1896 B.
1663 1842 1744 1897 -lu

1032 1928 1079 1983 his
1094 1928 1225 1983 maxima
1239 1932 1281 1985 est
1295 1927 1456 1999 turpitudo,
1470 1931 1524 1985 566
1533 1930 1573 1995 6,
1590 1933 1618 1986 et
1633 1922 1746 2003 pericu·

1032 2016 1104 2081 lum,
1122 2017 1221 2082 6256,
1235 2017 1273 2072 6.

994 2107 1239 2163 TELESPHORUS
1253 2108 1307 2179 (S.)
1321 2107 1398 2180 Papa
1419 2107 1559 2165 nonnulla
1580 2107 1672 2165 iertur
1694 2109 1744 2165 66-

1031 2196 1139 2253 didisse
1158 2196 1271 2267 hymno
1286 2215 1300 2249 a
1316 2196 1413 2254 Gloria
1428 2196 1457 2253 in
1473 2196 1595 2255 excelsis
1610 2218 1634 2260 a,
1650 2198 1701 2254 366
1712 2198 1743 2255 B.

1030 2288 1095 2358 (hp.
1117 2286 1260 2350 dunstan,
1282 2287 1318 2343 de
1339 2286 1409 2341 Vitis
1432 2288 1515 2343 Rom.
1532 2288 1614 2343 Pont.
1635 2302 1698 2359 cap.
1718 2289 1744 2345 a

1030 2375 1126 2448 iligna
1141 2376 1256 2432 Potrol.
1271 2375 1324 2431 tot.
1341 2380 1412 2432 tom.
1430 2377 1490 2441 627,
1506 2374 1560 2431 col.
1578 2376 1671 2448 6675.)

994 2463 1239 2520 ΤΕΜΡΕΒΑΝΤΙΑ
1253 2463 1345 2521 virtus
1363 2467 1407 2521 est
1426 2464 1554 2530 moralis,
1570 2464 1672 2530 5626,
1686 2464 1746 2521 imo

1033 2551 1200 2619 cardinalis,
1215 2554 1306 2619 5666,
1323 2554 1353 2608 in
1373 2554 1502 2626 appetitu
1522 2554 1659 2612 sensitivo
1681 2554 1745 2621 sita,

1032 2659 1099 2716 qrrae
1113 2643 1190 2699 circa
1204 2642 1410 2701 delectationes
1421 2648 1523 2716 gustus
1537 2646 1673 2701 attactus
1687 2660 1749 2701 ver·

1031 2735 1122 2795 satier,
1151 2732 1250 2798 5626,
1276 2732 1365 2788 5666.
1391 2732 1549 2805 Splendida
1576 2739 1618 2791 eat
1645 2734 1745 2799 virtus,

1034 2824 1134 2889 6626,
1150 2840 1216 2896 qua
1236 2823 1348 2895 perlicit
1369 2824 1635 2897 concupiscibilem,
1654 2826 1745 2889 6636,

1032 2918 1061 2971 et
1084 2914 1147 2987 ipsa
1170 2913 1319 2987 perlicilur
1341 2914 1446 2971 timore
1465 2930 1498 2971 ac
1517 2931 1576 2986 spe,
1598 2916 1649 2971 667
1659 2915 1699 2979 6’,
1719 2919 1748 2972 et

1032 3003 1163 3069 scientia,
1179 3004 1271 3058 2586.
1288 3034 1320 3044 -
1337 3005 1451 3069 Quanta
1464 3002 1569 3060 Christi
1583 3007 1748 3078 temperan-

1032 3094 1082 3157 tia,
1098 3095 1189 3157 6286,
1205 3093 1233 3149 el
1254 3094 1283 3149 B.
1299 3092 1406 3155 Marias,
1422 3092 1515 3149 5666.
1531 3124 1567 3135 -
1587 3095 1619 3150 66
1641 3095 1745 3162 Beatis,

1033 3182 1290 3256 concupiscibilem
1309 3182 1471 3255 appetitum
1490 3184 1684 3257 temperantia
1706 3188 1747 3243 te·

1033 3277 1082 3330 net
1108 3273 1163 3331 sub
1187 3274 1648 3349 ratione,215D.-Temperat
1672 3278 1746 3334 lleus

1033 3380 1131 3420 rerum
1147 3362 1232 3427 vices,
1249 3378 1306 3433 quo
1322 3380 1419 3429 sensu,
1438 3366 1524 3420 6266.

994 3453 1166 3509 TEMPLUM.
1191 3452 1294 3508 Uterus
1316 3453 1348 3507 B.
1372 3453 1470 3510 llariae
1494 3452 1548 3509 luit
1569 3454 1667 3511 virum
1697 3455 1745 3511 Dei

1032 3542 1185 3614 templum,
1197 3543 1269 3597 290.
1281 3574 1317 3583 -
1331 3542 1388 3599 Cur
1401 3542 1512 3614 templa
1526 3541 1744 3611 benedicantur,

1033 3633 1122 3695 3536,
1138 3631 1240 3687 3586.

187 3718 461 3781 summittendis
479 3721 523 3775 est
541 3716 637 3773 omnis
657 3715 760 3787 culpae,
776 3716 863 3779 6806,
878 3734 942 3773 ma·
996 3722 1139 3778 TEMPUS.
1152 3722 1227 3777 Deus
1242 3736 1299 3777 non
1316 3722 1351 3777 ab
1367 3724 1484 3787 aeterno,
1501 3723 1550 3778 sed
1565 3739 1600 3779 cr
1616 3725 1746 3795 tempore

224 3818 270 3870 ter
288 3809 429 3871 rancoris,
437 3803 523 3870 6806,
540 3805 666 3870 invidie,
683 3806 773 3866 6800,
785 3809 813 3862 et
829 3806 941 3878 jurgio·

225 3919 302 3965 rum,
318 3902 352 3957 57
359 3899 406 3963 6’;
422 3897 472 3954 sed
492 3914 544 3969 per
563 3897 673 3952 donum
694 3896 808 3951 timoris
827 3912 941 3953 coerce·

225 3996 283 4057 tur,
310 3988 413 4047 6666,
437 3986 542 4042 2606.
566 4017 599 4027 -
623 3985 771 4057 Superbus
803 3988 847 4041 est
879 3986 941 4042 dia-

225 4081 285 4138 boli
302 4078 442 4139 imitator,
457 4076 560 4139 6676,
577 4079 606 4132 et
625 4073 810 4131 adversarius
824 4075 939 4142 Christi,

224 4171 325 4228 6066’.

187 4258 379 4319 8666606.οΜ
405 4254 511 4328 triplex
537 4258 589 4315 est,
614 4254 828 4327 Apostolorum,
853 4255 940 4310 hiba-

225 4349 311 4408 uasii,
334 4346 497 4408 Nicaenum,
521 4344 622 4409 aloa’,
638 4348 667 4399 et
689 4360 756 4400 cum
780 4345 940 4401 attentione

224 4438 394 4500 dicendum,
410 4435 510 4491 3666.

189 4526 403 4588 SYMMACHUS
422 4526 476 4597 (S.)
489 4525 568 4595 Papa
586 4522 616 4578 in
633 4522 742 4594 hymno
762 4542 776 4575 6
793 4522 890 4579 Gloria
909 4523 939 4579 iu

224 4615 376 4676 excelsis»
398 4612 541 4669 nonnulla
561 4611 709 4668 addidisse
733 4610 831 4675 iertur,
848 4612 939 4677 3666,

224 4725 313 4781 quem
344 4707 465 4777 insuper
493 4703 523 4759 in
555 4703 641 4758 Missa
668 4703 817 4759 decantari
841 4703 939 4776 jussit,

223 4800 274 4855 366
290 4799 322 4853 u.
344 4798 411 4868 (llp.
433 4795 577 4857 6666666..
598 4794 633 4849 66
654 4792 725 4847 Vitis
750 4793 832 4847 Rom.
857 4794 938 4848 Pont.

224 4904 288 4958 cap.
297 4886 341 4941 53.
351 4884 446 4955 iligna
456 4881 573 4937 Patrol.
588 4882 721 4937 luttom.
733 4882 792 4944 628,
800 4882 853 4937 col.
864 4883 941 4953 666.)

187 4975 348 5032 Sinnius.
372 4973 443 5027 Vide
456 4970 641 5027 Communia.

186 5062 404 5122 SYNDERESIS
430 5064 474 5117 est
501 5060 617 5117 habitus
645 5059 808 5131 primorum
834 5061 940 5131 princi·

224 5154 342 5227 piorum
376 5151 454 5207 circa
486 5149 647 5222 operabilia
675 5149 784 5205 anima·
817 5149 937 5214 inditus,

226 5243 316 5305 6066,
332 5258 385 5315 per
402 5256 490 5313 quem
509 5241 545 5296 de
560 5238 773 5296 universalibus
787 5239 939 5311 principiis

220 5332 347 5411 judicat,
363 5346 487 5389 manens
500 5330 530 5385 in
546 5328 702 5397 damnatis,
720 5330 771 5386 696
779 5329 820 5385 6’.

1033 3810 1258 3873 6666666006.
1273 3812 1369 3876 Quum
1391 3827 1477 3868 omne
1492 3815 1608 3884 tempus
1630 3812 1666 3868 sit
1686 3813 1745 3879 Dei,

1033 3900 1108 3961 636,
1134 3901 1282 3970 quodnam
1308 3901 1424 3971 tempus
1450 3900 1605 3971 specialius
1632 3902 1747 3959 dicatur

1032 3994 1150 4061 tempus
1178 3989 1236 4053 liei,
1260 3988 1346 4045 636.
1371 4020 1406 4029 -
1429 3990 1577 4061 Sapientia
1605 3992 1746 4049 Crantoris

1033 4078 1167 4135 distinxit
1191 4078 1410 4136 multiformiter
1433 4082 1574 4152 tempora,
1603 4082 1698 4149 6266,
1718 4085 1747 4138 et

1033 4169 1162 4225 diversas
1179 4169 1265 4225 horas
1284 4168 1429 4225 exercitiis
1448 4170 1596 4242 deputarit
1616 4171 1745 4237 diversis,

1033 4276 1133 4330 quare,
1146 4258 1242 4323 6036,
1260 4260 1338 4314 6006
1353 4262 1381 4315 et
1395 4277 1418 4314 s.
1429 4261 1553 4332 Tempus
1568 4264 1745 4318 nocturnum

1032 4350 1069 4404 ad
1090 4350 1252 4405 vacandum
1283 4348 1339 4405 [ico
1367 4348 1552 4420 aptissimum
1581 4354 1632 4411 est.
1657 4352 1744 4408 6036.

1032 4439 1157 4509 Tempus
1176 4437 1259 4493 nobis
1278 4437 1437 4501 indultum,
1454 4439 1612 4511 pretiosum
1635 4443 1745 4499 donum

1032 4527 1229 4597 reputandum
1258 4529 1310 4591 est,
1337 4527 1441 4582 lodn'.
1468 4558 1503 4568 -
1530 4529 1745 4601 Temporalium

1032 4633 1116 4673 amor
1131 4615 1314 4672 inordinatus
1325 4614 1431 4672 divine
1446 4616 1574 4673 caritatis
1589 4619 1745 4689 puritatem

1031 4707 1163 4768 olluscat,
1186 4706 1274 4765 6876,
1295 4708 1323 4761 et
1347 4708 1456 4775 quanto
1476 4706 1541 4777 quis
1565 4707 1692 4779 amplius
1713 4726 1748 4766 ea

1031 4794 1140 4869 abjicit,
1157 4796 1237 4850 tanto
1248 4794 1283 4849 de
1295 4793 1401 4849 divinia
1416 4793 1511 4850 verius
1516 4794 1640 4865 judicat,
1650 4798 1700 4852 687
1705 4799 1744 4854 6.

1031 4914 1063 4925 -
1078 4883 1212 4955 'tempori
1232 4882 1441 4939 adscribuntur
1455 4900 1520 4954 quae
1540 4884 1615 4941 liunt
1629 4886 1659 4943 in
1675 4891 1746 4944 tem-

1031 4990 1109 5045 pore,
1135 4974 1207 5037 326,
1232 4974 1267 5028 66
1277 4974 1316 5027 6.
1344 5004 1375 5012 -
1401 4972 1482 5027 netto
1506 4974 1661 5031 Beatorum
1686 4994 1744 5033 non

1030 5066 1219 5119 mensuratur
1243 5065 1383 5133 ternpore,
1408 5062 1458 5117 sed
1483 5078 1551 5126 aevo,
1576 5064 1671 5129 3520,
1691 5066 1746 5121 erit

1029 5155 1126 5207 tamen
1138 5155 1254 5223 tempus
1265 5152 1423 5207 discretum
1435 5153 1462 5207 et
1473 5150 1571 5223 aliquo
1583 5154 1669 5209 modo
1680 5171 1746 5211 eon·

1031 5240 1147 5297 tinuum
1158 5240 1187 5296 iu
1200 5240 1327 5298 motibus
1337 5257 1491 5312 corporum
1505 5240 1743 5313 glorificatorum,

1030 5331 1099 5397 606,
1107 5346 1165 5387 666
1180 5333 1296 5405 ternpus
1310 5347 1345 5389 ex
1361 5334 1443 5387 motu
1458 5330 1522 5389 coeli
1537 5334 1743 5399 uniumeou.
