4309 6259
480 464 540 528 tat
763 482 804 529 or
823 481 980 531 rnnceuro
1000 481 1038 528 nr
1058 480 1221 529 oronnam
1241 480 1358 539 uanis,
1382 480 1470 529 brnen
1491 482 1513 528 1.
1535 496 1576 513 —
1596 482 1666 529 aar.
1688 482 1761 531 mv

483 652 625 717 valebitl
648 652 829 731 Enimvero,
857 653 883 716 si
907 652 1078 717 informem
1108 652 1271 734 sapien-li
1288 660 1393 715 mente
1418 651 1557 715 intende.
1579 651 1749 716 Enimvero
1771 653 1811 715 de
1835 652 1931 715 ldaria
1951 671 2006 715 can

483 752 561 814 tiam
580 750 713 832 adipisci
735 760 840 833 queat,
861 751 1029 815 formatam
1051 760 1157 813 tamen
1180 769 1233 813 ve·
1287 750 1421 828 salitate,
1442 769 1512 831 quae
1534 758 1583 813 est
1605 751 1705 833 ipsius
1731 750 1895 831 virginalis
1916 759 2006 813 mater-

344 866 469 917 nalem.
484 868 614 931 remque
632 868 833 930 nequaquam
854 849 959 913 sortiri
979 849 1105 931 poterit.
1123 847 1232 911 Omnis
1287 867 1391 930 naque
1412 847 1601 927 fecunditas,
1624 848 1718 929 paulo
1743 856 1816 910 ante
1834 866 1892 930 pro
1911 848 2005 909 viribus
2023 881 2077 915 aa.

484 948 630 1029 equidem
660 947 815 1028 sapientia
842 967 861 1009 a
888 947 1021 1011 Domino
1052 948 1116 1010 Deo
1144 954 1192 1009 est
1222 967 1229 1005 :
1286 945 1473 1009 disseruisse
1486 965 1537 1009 me
1552 947 1695 1024 memini,
1704 946 1842 1029 idque,si
1856 945 1913 1007 rite
1923 953 2003 1024 teneo,
2014 950 2039 978 ¹²

484 1045 539 1126 qui
554 1046 662 1126 utique
681 1053 800 1108 castam
815 1044 1088 1126 affectuosamque
1110 1043 1233 1126 sapien·
1286 1052 1448 1107 ostensum
1464 1052 1513 1107 est
1529 1067 1535 1105 :
1554 1063 1613 1107 nec
1628 1046 1781 1109 coelorum
1804 1044 2003 1114 causalitatem,

483 1143 572 1221 tiam,
598 1162 668 1223 quae
693 1143 761 1206 sola
789 1162 863 1205 vere
888 1143 1045 1224 sapientia
1074 1140 1230 1220 consistit,
1287 1161 1346 1205 nec
1366 1143 1504 1206 siderum
1518 1142 1781 1225 planetarumque
1796 1142 2003 1219 fecunditatem,

485 1240 655 1303 immunde
669 1241 824 1321 aridaeque
836 1241 933 1304 menti
949 1240 1082 1303 minime
1095 1246 1230 1320 praestat.
1288 1260 1391 1321 neque
1411 1241 1640 1305 elementorum
1662 1241 1847 1305 seminalem
1869 1239 2003 1315 rationein,

484 1338 592 1420 Neque
613 1338 719 1418 itaque
739 1338 892 1415 Christus,
909 1339 963 1420 qui
985 1336 1233 1400 substantialiter
1287 1337 1472 1401 fecunditati
1495 1358 1588 1421 posse
1610 1340 1787 1421 comparari
1807 1338 1937 1419 Virginis
1954 1358 2005 1400 san

485 1445 613 1501 sanctus
641 1436 773 1519 ipsaque
801 1437 932 1517 insuper
960 1435 1232 1518 superessentialis
1288 1444 1356 1516 ctae,
1387 1437 1504 1520 quippe
1533 1456 1603 1519 qnae
1632 1438 1745 1501 horum
1773 1435 1933 1519 opificem,
1957 1454 2005 1499 om

484 1535 635 1598 sanctitas
654 1542 712 1613 est,
734 1554 794 1597 nec
815 1534 886 1616 ejus
904 1534 1011 1616 utique
1031 1542 1233 1597 sacrosancta
1287 1534 1400 1616 nisque
1424 1535 1499 1598 boni
1523 1535 1618 1599 creati
1642 1536 1786 1613 Fontem,
1813 1534 1899 1597 felici
1921 1542 2005 1597 ventre

482 1633 635 1713 Genitrir,
665 1633 728 1695 nisi
760 1653 778 1696 a
806 1641 892 1696 casta
921 1651 1097 1713 serenaque
1125 1640 1232 1695 mente
1288 1632 1413 1695 effudit.

483 1730 626 1795 contueri
654 1740 786 1812 queunt.
817 1732 877 1795 Sed
905 1731 988 1812 quis,
1018 1739 1053 1792 ut
1082 1748 1232 1812 superna·
1325 1731 1458 1813 Insuper
1472 1750 1547 1813 ergo
1562 1751 1619 1814 per
1640 1732 1832 1815 positionem
1853 1730 1895 1793 sic
1913 1730 1946 1793 ed
1961 1731 2005 1792 tb-

483 1830 618 1892 turalem
632 1830 832 1893 sanctitatem
851 1848 922 1910 quea
941 1829 1081 1891 Christus
1100 1836 1148 1891 est
1165 1828 1231 1909 jam
1247 1833 1270 1895 B
1287 1829 1341 1891 rien
1370 1832 1669 1912 contemplationem
1698 1831 1890 1914 progredere
1917 1853 1923 1891 ε
1949 1848 2005 1891 eun-

482 1946 569 1990 nunc
583 1928 740 2005 deseram,
756 1927 828 2009 ejus
847 1927 958 2007 utique
978 1927 1152 2006 praeelectae
1172 1925 1232 1987 lla-
1287 1935 1409 1989 clarum
1445 1929 1571 1993 attende
1607 1929 1753 1992 ordinem
1787 1929 2005 2011 qualitatemque

481 2026 538 2088 tris
557 2025 757 2088 sanctitatem
779 2025 874 2107 digne
896 2023 1013 2087 intueri
1035 2024 1157 2107 possitl
1174 2022 1232 2086 Ne-
1287 2025 1477 2088 feminarum
1501 2046 1538 2090 ac
1562 2027 1735 2109 virginum,
1761 2036 1793 2089 et
1822 2025 1960 2108 quidquid
1983 2023 2006 2084 in

481 2142 544 2204 que
569 2123 702 2186 idoneus
727 2142 809 2202 sum,
836 2122 949 2201 fateor,
976 2122 1031 2184 sed
1057 2140 1160 2203 neque
1186 2121 1232 2183 ef·
1287 2124 1336 2186 his
1355 2124 1517 2206 dignitatis
1540 2125 1810 2207 perfectionisque
1833 2122 2005 2206 compereris,

483 2221 576 2285 ficar.
602 2221 838 2300 Verumtamen,
865 2221 924 2284 etsi
949 2220 1124 2304 improbus,
1147 2221 1228 2283 heut
1287 2222 1387 2285 blariee
1411 2242 1470 2304 per
1489 2223 1709 2287 excellentiam
1729 2222 1885 2286 adscribe.
1905 2222 1935 2284 lu
1953 2220 2007 2283 aliis
2101 2292 2102 2299 ἵ

484 2317 627 2380 laudator
645 2317 716 2395 sim,
737 2316 837 2380 nihilo
861 2317 968 2379 minus
992 2316 1077 2398 quod
1099 2316 1231 2397 concepi
1287 2321 1444 2384 laudanda
1467 2320 1643 2403 virginitas»,
1666 2322 1721 2384 sed
1747 2321 1885 2400 sterilis;
1907 2321 1936 2381 in
1956 2318 2007 2381 aliis

483 2414 619 2479 effabor.
1287 2420 1539 2483 commendanda
1559 2418 1750 2499 fecunditas,
1767 2420 1825 2482 sed
1842 2415 2006 2499 cormptioni

523 2513 649 2577 Etenim
664 2532 781 2596 magno
795 2513 966 2595 divinoque
981 2531 1040 2577 uos
1054 2513 1231 2576 instruente
1286 2517 1431 2581 obnoxia.
1455 2517 1588 2581 Domum
1610 2518 1644 2579 in
1665 2518 1858 2600 quibusdam
1879 2516 2008 2579 admirare

352 2635 384 2680 o·
397 2636 468 2681 mm.
484 2612 644 2694 Dionysio,
660 2612 795 2676 triformi
808 2613 862 2675 via
874 2632 913 2675 ex
934 2611 1088 2676 creaturis
1107 2613 1146 2675 ad
1161 2611 1232 2675 Cre-
1287 2616 1337 2692 da,
1363 2616 1457 2677 etiarn
1485 2615 1519 2677 in
1544 2614 1693 2697 conjugio
1717 2614 1886 2679 observata
1905 2612 2008 2693 integri

336 2711 469 2744 ¹⁵⁰⁰·‘''¹¹·
484 2702 582 2775 eloris
615 2711 918 2793 contemplationem
951 2710 1187 2793 proficiscimur
1222 2733 1230 2773 z
1287 2721 1345 2792 tas,
1361 2720 1456 2794 atque
1470 2712 1503 2775 in
1523 2712 1681 2795 aliquibus
1696 2712 1838 2776 vidualis
1857 2710 2008 2775 veneranda

483 2830 542 2893 per
564 2809 781 2873 causalitatem
805 2810 963 2889 videlieet,
987 2808 1177 2890 positionem
1201 2816 1233 2871 et
1287 2811 1445 2874 honestas.
1462 2811 1500 2873 Et
1520 2811 1588 2875 baec
1609 2812 1737 2893 quidem
1755 2812 1795 2874 ad
1820 2809 1952 2893 corperis
1968 2826 2008 2869 re·

484 2908 687 2972 ablationem.
703 2907 848 2971 Effectus
868 2927 983 2991 nempe
998 2927 1126 2972 causam
1142 2926 1232 2971 suam
1286 2917 1443 2973 nustatem
1458 2910 1622 2993 potissime
1641 2910 1811 2992 pertinent.
1831 2910 1939 2973 Omnes
1956 2925 2008 2989 per

483 3007 675 3087 manifestat,
700 3007 851 3088 quoniam
874 3007 978 3070 omnis
1001 3006 1137 3069 effectus
1163 3024 1233 3087 par·
1250 3005 1442 3079 Gfectioues
1464 3010 1512 3072 baa
1526 3009 1629 3071 llariae
1651 3008 1937 3090 superexcellenter
1952 3024 2009 3068 cou-
2102 3052 2103 3093 ,

482 3104 612 3187 ticipata
626 3106 771 3186 quaedam
786 3113 835 3167 est
849 3105 1022 3168 similitudo
1036 3124 1101 3167 suaa
1117 3124 1229 3167 causas.
1287 3108 1429 3170 veniunt.
1446 3108 1517 3189 Ipsa
1531 3108 1680 3189 equidem
1696 3116 1797 3170 mater
1810 3116 1861 3171 est
1874 3114 1904 3171 et
1916 3106 2006 3186 virgo:

483 3203 623 3286 Denique
638 3204 670 3265 in
685 3203 760 3284 Deo,
778 3204 911 3267 velutin
929 3203 1144 3266 universitatis
1159 3222 1232 3267 cau·
1286 3207 1341 3268 sed
1356 3207 1445 3288 virgo
1456 3206 1665 3288 virginum,et
1678 3205 1857 3287 angelicam
1869 3206 2007 3287 puritatem

483 3301 542 3364 sali
556 3301 731 3384 fontaliquc
745 3301 1065 3384 principio,omnium
1082 3303 1233 3365 secundo
1285 3305 1437 3383 vincens,
1463 3313 1564 3367 mater
1591 3322 1728 3386 quoque,
1754 3322 1813 3385 per
1843 3303 1930 3385 cujus
1953 3318 2008 3383 prtr

482 3420 553 3462 rum
573 3400 785 3482 perfectiones
804 3400 896 3463 fateri
911 3419 969 3481 par
987 3407 1045 3463 est.
1068 3400 1107 3461 Et
1127 3400 1231 3463 denuc
1284 3404 1348 3466 lem
1378 3403 1484 3466 omnis
1513 3403 1653 3465 salvatur
1680 3401 1874 3481 fecunditas,
1903 3402 1958 3463 imo
1985 3404 2010 3459 et

481 3498 539 3561 bas
554 3499 641 3580 ipsas
656 3500 696 3562 ab
710 3500 780 3580 ipso
796 3516 961 3561 removere
975 3506 1100 3579 oportet
1117 3521 1124 3559 z
1141 3498 1231 3579 quip
1284 3501 1428 3582 angelica
1451 3508 1615 3583 reparatur
1635 3500 1809 3583 integritas.
1827 3500 1967 3580 Denique,
1985 3502 2008 3556 et

481 3616 522 3679 pe
550 3596 606 3677 qui
633 3596 783 3660 omnibus
812 3594 1159 3677 supersubstantialiter
1193 3614 1230 3657 ac
1285 3617 1437 3680 sponsum
1452 3597 1583 3678 babens,
1601 3598 1719 3661 intacta
1738 3599 1878 3677 exstitit3
1893 3595 2009 3660 etvidur

481 3694 609 3758 infinite
631 3694 798 3758 sublimior
819 3702 878 3773 est,
901 3694 1230 3775 incomprehensibilis
1284 3696 1451 3774 exsistens,
1468 3713 1532 3758 non
1554 3694 1662 3775 utique
1684 3694 1717 3755 in
1740 3694 1864 3757 deliciis
1885 3692 1962 3757 vixit.
1979 3723 2009 3733 -

481 3793 785 3874 innominabilisque
801 3792 990 3856 consistens.
1007 3792 1107 3874 Igitur
1126 3792 1158 3853 in
1180 3792 1230 3854 via
1284 3793 1416 3856 Proinde
1441 3794 1480 3855 ad
1505 3792 1618 3855 anirnae
1642 3792 1792 3855 virtutem
1815 3792 1843 3854 si
1865 3788 2008 3871 adspicias,
2103 3776 2104 3837 i

481 3890 627 3972 positiva,
649 3890 693 3953 rei
715 3898 828 3953 creatae
849 3890 1004 3972 perfectio
1025 3889 1071 3952 sic
1092 3890 1156 3953 Deo
1177 3892 1231 3953 ad·
1284 3911 1348 3955 nou
1374 3900 1421 3954 est
1445 3891 1574 3953 inventa
1598 3889 1711 3952 similis
1735 3889 1783 3951 illi
1801 3913 1808 3951 :
1825 3890 1938 3971 quippe
1955 3902 2010 3967 que

482 3988 650 4051 scribenda
663 3997 722 4069 est,
738 3996 774 4051 ut
791 3988 875 4069 quod
891 3987 1079 4051 defectionis
1102 3996 1134 4050 et
1153 3988 1229 4050 item
1284 3990 1481 4071 singularum
1500 3988 1634 4051 virtutes
1653 3986 1831 4051 eminenter
1851 3982 2010 4069 complecti-

481 4086 687 4169 ignobilitatis
712 4086 945 4170 complectitur,
971 4106 990 4148 a
1013 4086 1076 4149 lieo
1106 4086 1229 4167 longius
1283 4096 1346 4150 tur.
1356 4088 1434 4162 Quid
1451 4106 1488 4150 ea
1503 4086 1664 4162 humilius,
1675 4086 1714 4147 ad
1730 4104 1826 4166 quarn
1843 4104 1877 4148 se
1891 4085 2009 4168 primum

481 4186 651 4265 relegetur,
667 4193 761 4266 atque
782 4185 866 4267 quod
888 4184 1051 4265 dignitatis
1074 4193 1226 4264 remanet,
1244 4186 1366 4254 DDeus
1382 4184 1587 4249 excellentius
1607 4183 1795 4247 inclinavitf
1810 4184 1888 4258 Quid
1907 4179 2008 4264 purius,

480 4284 544 4346 Deo
566 4301 623 4364 per
644 4282 859 4346 omnimodam
881 4282 1103 4345 excellentiam
1124 4282 1229 4346 inesse
1283 4284 1376 4365 cnjus
1406 4303 1535 4347 carnem
1559 4282 1695 4366 proprie
1719 4282 1901 4363 Unigenitus
1923 4278 2009 4361 splen·

480 4389 612 4445 constet
619 4380 784 4445 Gemimns
799 4400 937 4462 namque
951 4381 984 4442 in
996 4381 1091 4443 rebus
1104 4382 1227 4464 creatis,
1282 4383 1403 4463 dorque
1418 4382 1516 4445 Patris
1531 4380 1686 4444 divinitati
1702 4380 1795 4443 unire
1810 4398 1874 4444 non
1889 4376 2007 4442 borruitl

479 4500 561 4562 esse,
582 4482 703 4559 vivere,
720 4480 912 4562 intelligere,
933 4480 1055 4560 lurnen,
1079 4480 1230 4561 sapienti·
1282 4480 1360 4555 Quid
1382 4480 1462 4562 ipsa,
1484 4479 1591 4542 divina
1612 4478 1742 4541 caritate
1764 4478 1953 4560 proximique
1971 4472 2008 4535 di·

479 4600 542 4658 am,
558 4580 799 4657 beatitudinem,
817 4579 873 4640 sed
894 4598 967 4640 cum
986 4578 1228 4659 imperfectione
1283 4578 1429 4659 lectione,
1451 4578 1645 4657 estuantius,
1667 4596 1737 4659 quea
1761 4576 1816 4639 Dei
1840 4571 2009 4639 incarnatio

479 4679 595 4760 aliqua.
611 4680 719 4760 ltaque
734 4678 818 4760 quod
833 4677 1037 4759 perfectionis
1053 4678 1148 4741 ineis
1168 4687 1226 4760 est,
1283 4696 1356 4739 nem
1384 4676 1615 4739 incessabiliter
1638 4675 1777 4756 optabat,
1803 4675 1957 4754 Deumque
1982 4668 2007 4730 iu

478 4778 543 4841 Deo
570 4777 760 4860 adscribere,
788 4785 820 4842 et
847 4776 932 4857 qnod
957 4776 1146 4839 defectionis
1174 4777 1228 4839 ba·
1282 4794 1316 4839 se
1337 4774 1430 4837 traxit
1450 4783 1482 4837 et
1500 4776 1549 4854 (ut
1571 4772 1617 4837 sic
1636 4772 1750 4853 fatear)
1770 4768 2008 4835 transformaritt

478 4875 566 4957 beot,
584 4876 645 4958 ipsi
664 4877 791 4939 auferre
811 4875 969 4955 congruit.
1281 4873 1361 4948 Quid
1383 4892 1422 4936 ea
1441 4891 1568 4954 quoque
1589 4872 1655 4934 fide
1677 4871 1813 4953 plenius,
1830 4890 1899 4953 qun
1913 4887 1944 4932 se
1963 4863 2010 4928 mi·

518 4975 551 5037 Si
578 4994 664 5057 ergo,
691 4975 792 5037 Mariae
816 4981 948 5054 amator,
970 4973 1130 5054 condigno
1156 4992 1226 5035 eam
1282 4973 1400 5035 nimam
1415 4972 1610 5050 existimans,
1627 4971 1726 5033 Deum
1741 4970 1842 5033 nihilo
1856 4970 1956 5033 minus
1972 4982 2008 5037 se,

478 5076 595 5139 intuitu
618 5074 774 5157 speculari
794 5072 929 5151 moliris,
945 5071 1149 5155 praeinductis
1172 5071 1227 5133 tri·
1281 5071 1370 5134 salvo
1391 5070 1522 5152 pudoris
1544 5070 1693 5149 candore,
1711 5077 1933 5150 concepturam
1954 5062 2009 5126 fore

477 5175 537 5238 bus
552 5174 613 5237 viis
628 5175 668 5237 ad
682 5172 782 5255 ipsius
802 5169 1102 5252 contemplationem
1118 5188 1224 5232 meare
1280 5186 1344 5231 non
1368 5169 1477 5249 utique
1501 5166 1796 5245 dubitabatf'lu,o
1819 5164 1896 5229 felix
1919 5160 2010 5225 etho

476 5273 605 5354 festina,
626 5292 760 5355 eamque
782 5269 978 5334 deiformiter
1001 5288 1074 5332 cum
1101 5268 1224 5331 sincera
1280 5266 1433 5330 norabilis
1447 5265 1552 5346 ldaria,
1569 5265 1643 5329 vitae
1663 5264 1854 5347 exemplum,
1873 5262 2009 5326 virtutum
