4309 6259
458 506 498 553 li!
519 505 609 555 120le
631 506 764 553 sumnus
786 503 905 563 SANh'l'l,
925 504 1103 553 nudemus
1125 506 1156 553 ll.
1179 526 1219 537 -
1239 506 1309 553 ΛΒΤ.
1332 506 1431 554 mul
1657 486 1716 553 203

171 674 203 738 id
226 683 273 739 cst
297 677 338 739 de
361 678 483 759 angelis
507 684 539 741 et
562 676 729 739 animabus
753 675 911 739 humanis.
929 677 955 740 A
970 676 1057 740 circo
1078 676 1303 759 distinguendo
1324 678 1407 741 dona
1425 696 1444 739 a
1462 674 1644 754 virtutibus,
1663 674 1718 737 de-

169 774 276 857 ltaque
291 794 348 857 per
362 776 551 857 sapientiam
564 776 692 838 Creator
706 782 828 838 tantum
843 792 916 837 con·
969 774 1094 853 berum,
1110 784 1145 837 ut
1166 775 1210 838 ait
1231 776 1376 855 Thomas,
1393 774 1483 857 sequi
1509 774 1713 855 Scripturam.
1742 798 1862 845 Sum,

169 872 324 953 spicitur3
339 892 397 955 per
420 874 618 937 intellectum
638 891 714 937 vero
733 873 860 935 Creator
884 881 914 935 et
970 873 1106 955 Spiritus
1132 882 1237 936 autem
1264 873 1491 955 impulsionem
1520 890 1576 934 sen
1605 866 1890 971 motio-2¹2⁸·lfflu'·

169 978 321 1033 creatura
334 972 490 1053 quedam,
507 970 656 1034 videlicet
671 970 913 1048 intellectuales,
970 990 1044 1033 uem
1058 972 1227 1053 quamdam
1243 969 1387 1051 designat
1404 994 1410 1033 :
1428 978 1459 1033 et
1474 988 1549 1053 ergo
1564 970 1647 1032 dona
1661 986 1717 1049 per
1744 960 1749 970 '
1775 958 1781 969 '

168 1067 398 1150 adspiciuntur.
414 1069 467 1132 Sic
491 1088 567 1150 ergo
589 1070 710 1133 donum
734 1068 915 1132 intellectus
970 1068 1030 1131 hoc
1055 1088 1074 1131 a
1099 1068 1269 1131 virtutibus
1294 1067 1460 1147 dillcrunt,
1486 1068 1570 1149 qnod
1595 1064 1719 1128 iaciunt

167 1186 202 1229 se
221 1166 361 1229 extendit
379 1169 418 1230 ad
438 1168 530 1249 plura
554 1187 649 1251 quam
674 1168 838 1250 sapientire
861 1168 916 1229 de
971 1174 1111 1229 mentem
1137 1175 1273 1230 creatam
1299 1165 1381 1229 bene
1406 1185 1554 1249 capacem
1585 1162 1719 1244 inspira-

167 1284 257 1327 num.
272 1265 312 1327 Et
331 1265 370 1327 ad
392 1266 453 1329 hec
474 1266 583 1330 reduci
605 1274 709 1348 potest
728 1266 813 1346 qued
834 1265 915 1328 Tho-
972 1263 1068 1327 tionis
1082 1264 1211 1343 divine,
1227 1273 1434 1347 prompteque
1450 1264 1600 1327 mobilem
1615 1280 1633 1324 a
1649 1262 1718 1343 Spi-

42 1380 151 1422 srmnn.
168 1382 237 1425 mas
262 1362 412 1426 allirmat.
435 1364 555 1427 Asserit
578 1382 727 1445 namque,
749 1364 833 1446 quod
857 1380 915 1444 per
971 1362 1034 1425 ritu
1056 1364 1182 1443 Sancto,
1199 1373 1231 1426 et
1255 1364 1325 1445 ejus
1349 1362 1522 1445 impulsum
1547 1360 1719 1425 delectabi-

30 1444 151 1547 fifl'm·
166 1460 287 1523 donum
326 1462 506 1525 intellectus
546 1462 723 1545 accipimus
763 1460 912 1523 subtilem
972 1460 1044 1523 liter
1057 1470 1290 1545 assequentem,
1303 1462 1570 1544 quemadmodum
1586 1460 1718 1523 virtutes

165 1558 781 1640 quamdamacintimamcegnitienem
803 1576 914 1621 eorum
972 1557 1095 1621 iaciunt
1130 1559 1304 1623 virtuosum
1334 1562 1415 1623 bene
1444 1561 1558 1623 sectari
1586 1560 1717 1623 rationis

165 1673 303 1736 quorum
317 1655 581 1719 estlides.Fides
600 1666 707 1719 autem
725 1675 790 1720 uon
810 1656 913 1719 solum
970 1656 1140 1738 judicium.
1158 1658 1195 1719 Et
1219 1658 1303 1719 istud
1327 1658 1510 1740 frequenter
1532 1666 1716 1740 praetactum
1750 1687 1813 1727 mn,
1840 1682 1857 1733 ι,

165 1762 213 1816 cst
233 1756 274 1817 de
293 1755 368 1835 neo,
384 1756 441 1817 sed
459 1756 498 1817 de
517 1755 671 1818 creaturis
690 1773 816 1836 queque
836 1772 916 1816 non·
971 1756 1130 1819 recordor.
1158 1756 1303 1818 Securnlo
1330 1756 1361 1817 in
1387 1756 1592 1819 distinctione
1620 1756 1718 1819 dono
1731 1748 1771 1789 ω·
1786 1758 1854 1789 ’·““·

165 1850 279 1929 nullis,
295 1850 470 1932 praesertim
489 1850 770 1913 intellectualibus.
786 1851 845 1913 Pcr
866 1870 914 1912 sa-
932 1850 956 1913 B
971 1872 1041 1915 rum
1055 1853 1225 1917 observare
1246 1862 1276 1915 et
1300 1854 1388 1934 sequi
1410 1854 1563 1917 debemus
1585 1852 1718 1933 conjun-

163 1948 295 2029 pientiae
322 1965 398 2010 vere
431 1948 551 2011 donum
583 1948 759 2030 accipimus
792 1956 912 2011 rectum
970 1952 1109 2013 ctionem
1125 1970 1161 2032 aq
1177 1950 1446 2014 combinationem
1461 1970 1556 2032 quam
1572 1950 1718 2014 observat

163 2045 377 2127 sapidamque
397 2045 553 2127 judicium
578 2064 688 2108 eorum
711 2064 846 2127 querum
866 2053 915 2107 est
970 2049 1124 2130 Propheta
1141 2073 1148 2109 ι
1166 2068 1239 2111 nam
1260 2068 1313 2111 sex
1338 2049 1440 2131 prima
1465 2068 1521 2131 per
1546 2050 1605 2113 tria
1629 2048 1718 2131 paria

161 2142 248 2205 fides
266 2152 421 2224 quantum
436 2144 475 2205 ad
491 2144 560 2225 ipsa
580 2143 690 2206 divina
711 2150 806 2225 alque
826 2152 915 2206 eter-
970 2145 1030 2208 sibi
1046 2145 1219 2226 combinat,
1237 2147 1384 2209 ultimum
1400 2165 1475 2209 vero
1491 2166 1547 2229 per
1562 2166 1594 2209 se
1616 2146 1715 2229 pouit.

160 2261 234 2303 na:
263 2242 373 2322 sicque
396 2241 553 2324 sapientia
575 2242 726 2325 pauciora
749 2242 915 2305 concernit
969 2243 1036 2307 lluo
1059 2262 1135 2324 ergo
1161 2244 1341 2307 combinata
1367 2245 1405 2307 ad
1430 2244 1581 2323 invicem,
1597 2243 1718 2326 specia-

158 2358 258 2421 quarn
281 2338 474 2402 intellectus.
491 2341 558 2403 lme
578 2340 734 2422 sapientia
755 2338 912 2402 subtiliori
970 2341 1032 2403 lem
1047 2342 1304 2405 convenientiam
1319 2342 1437 2407 habent
1452 2344 1535 2405 iuter
1549 2362 1595 2422 se,
1607 2342 1718 2405 distin-

158 2436 783 2519 simplicioriquemodorersaturcirca
803 2436 913 2499 divina
970 2441 1172 2522 ctioncmque
1207 2441 1247 2504 ab
1282 2442 1364 2505 eliis.
1394 2442 1432 2504 Et
1465 2442 1525 2505 hoc
1561 2460 1646 2504 nnnc
1679 2441 1718 2503 de

156 2554 258 2615 quam
285 2534 478 2611 intellectus,
495 2553 559 2597 nen
585 2535 688 2599 solum
714 2535 748 2596 in
773 2542 914 2597 contern-
970 2536 1125 2617 sapientia
1139 2544 1170 2599 et
1185 2536 1349 2600 intellectu
1365 2537 1513 2600 innotuit.
1530 2538 1564 2599 ln
1585 2555 1719 2618 sequen·

158 2634 293 2715 plaude,
309 2633 366 2695 sed
380 2633 511 2715 insuper
525 2633 558 2695 in
572 2633 914 2716 degustandczquam-
971 2634 1056 2696 tibus
1084 2652 1209 2717 qnoque
1237 2636 1276 2698 de
1300 2634 1371 2697 aliis
1400 2635 1586 2699 innotescet.
1614 2634 1718 2698 l'ertio

157 2730 207 2793 vis
222 2740 257 2793 ct
270 2731 391 2794 donum
406 2730 587 2794 intellectus
603 2732 635 2793 in
651 2740 724 2794 actu
746 2749 805 2794 suo
827 2731 913 2793 delc-
970 2731 1139 2813 diligenter
1154 2732 1354 2795 considerare
1377 2733 1529 2795 debemus
1551 2732 1583 2795 in
1606 2732 1718 2795 distin-

158 2829 336 2891 ctationcm
359 2828 475 2892 babeat
497 2828 690 2905 admixtam3
717 2848 782 2892 nen
806 2837 912 2892 tamen
970 2830 1076 2893 ctione
1096 2830 1263 2909 donorum,
1280 2830 1504 2912 proprietatem
1525 2838 1556 2893 et
1576 2830 1641 2892 vim
1663 2848 1719 2893 no-

158 2927 241 2990 adeo
267 2945 392 3008 puram,
414 2927 636 2989 vehementem
660 2946 698 2989 ac
722 2926 911 2989 deiformem
971 2927 1093 2989 minum
1113 2926 1229 3009 quibus
1253 2927 1415 3009 Scriptura
1439 2927 1587 3011 exprimit
1609 2928 1716 2991 done:

158 3033 194 3087 ut
218 3024 386 3106 sapientie
410 3025 542 3103 donum,
568 3026 644 3106 quia
668 3045 733 3088 non
757 3025 827 3087 unit
854 3044 913 3087 nos
933 3024 1239 3106 unemadmodum
1262 3025 1429 3107 Dionysius
1450 3026 1484 3087 in
1505 3025 1718 3108 descriptione
1742 3051 1865 3096 nscoerfflr.

158 3123 223 3185 [leo
240 3131 306 3184 tam
327 3122 508 3186 immediate
523 3142 559 3185 ac
576 3123 687 3185 intime
709 3124 914 3205 quemadmo·
971 3122 1120 3186 ordinum
1141 3123 1370 3203 angelicorum,
1391 3123 1565 3206 presertim
1586 3124 1720 3186 attendit
1733 3116 1865 3221 ffwfl·

157 3222 236 3283 dum
254 3220 421 3303 sapientia.
437 3221 527 3294 Quod
547 3221 633 3284 enim
655 3223 775 3284 denum
791 3221 915 3284 intelle-
971 3220 1037 3281 vim
1073 3220 1282 3283 terminorum
1318 3239 1374 3283 seu
1409 3221 1574 3283 nominum
1603 3219 1718 3301 quibus
1755 3210 1762 3223 ’

158 3328 230 3382 ctus
246 3320 281 3381 in
297 3337 355 3382 suo
370 3328 442 3382 actu
462 3319 705 3383 delectationem
726 3339 763 3383 ac
784 3329 913 3401 gustum
971 3316 1135 3398 Scriptura
1156 3318 1286 3400 angelos
1309 3318 1463 3381 nominat.

156 3418 333 3499 quemdam
346 3417 568 3495 sortitur‚binc
582 3416 785 3499 liquet,quod
799 3418 913 3481 [lector
1011 3416 1046 3478 ln
1068 3416 1304 3479 combinatione
1329 3426 1435 3479 autem
1459 3418 1614 3481 donorum
1641 3416 1719 3479 illud

157 3516 294 3578 divinus
309 3514 546 3579 aitzlloriendo
561 3515 799 3597 nobismetipsis
814 3516 914 3579 susci·
970 3514 1125 3597 Propheta
1153 3515 1310 3592 observat,
1341 3516 1425 3595 quod
1460 3534 1558 3577 unum
1593 3515 1719 3579 illorum

158 3614 271 3695 pimus
301 3614 421 3676 donum
456 3612 648 3693 intellectus,
678 3614 821 3695 illudque
849 3632 916 3677 sor·
970 3614 1109 3696 pertinet
1123 3614 1162 3675 ad
1178 3614 1344 3693 rationem,
1354 3614 1441 3676 alind
1456 3614 1495 3675 ad
1511 3604 1717 3692 voluntatem,

158 3711 272 3775 tiendo
307 3710 545 3791 nobismetipsis
580 3730 652 3774 mox
687 3711 851 3784 morimur,
883 3720 915 3773 et
970 3712 1122 3793 quoniam
1138 3711 1218 3773 ratio
1237 3712 1433 3774 voluntatem
1453 3711 1592 3793 dirigere
1610 3711 1716 3775 babet.

158 3810 235 3872 inde
252 3808 286 3871 in
301 3808 394 3872 nobis
408 3809 548 3873 exoritur
562 3808 738 3891 spiritualis
752 3817 784 3872 et
798 3828 914 3891 expan-
970 3812 1057 3874 b'nde
1093 3808 1265 3873 consilium
1301 3809 1479 3872 fortitudini
1515 3810 1653 3892 copulet,
1689 3818 1721 3872 et

157 3908 230 3970 siva
246 3926 304 3969 sen
318 3906 460 3988 apertiva
478 3906 647 3969 delectatio
661 3908 700 3969 ad
716 3908 827 3986 Deum,
844 3925 914 3988 quas
971 3908 1137 3971 scientiam
1153 3907 1279 3989 pietati:
1292 3906 1462 3970 consilium
1478 3908 1564 3970 enim
1579 3909 1612 3970 in
1627 3908 1721 3971 ratio

158 4005 349 4068 interiorem
363 4004 526 4067 bominem
540 4012 684 4067 nostrum
699 4024 827 4087 semper
845 4024 916 4087 per·
971 4026 1012 4069 ne
1026 4015 1075 4069 est
1094 4006 1177 4068 sicut
1197 4004 1341 4085 scientia,
1357 4005 1527 4087 dirigitque
1549 4006 1720 4069 consilium

159 4105 311 4167 vivacem
334 4102 410 4166 lacit
430 4122 467 4165 ac
490 4102 633 4184 vigilem.
972 4103 1192 4168 fortitudinem
1216 4104 1248 4165 in
1270 4121 1326 4166 suo
1351 4113 1436 4181 actu,
1452 4105 1719 4185 quemadmodum

932 4198 1105 4265 llscientia
1121 4202 1281 4284 pietatem.
1298 4202 1447 4275 Ouernvis
1469 4210 1574 4265 autem
1596 4203 1720 4285 saplen-

971 4302 1016 4364 tia
1029 4310 1060 4363 et
1074 4300 1344 4382 intellectusque
1360 4308 1470 4363 mutuo
1485 4300 1717 4379 combinentur,

323 4366 569 4433 ARTICULUS
596 4367 757 4431 XXXIH.
971 4399 1004 4461 in
1020 4400 1141 4462 ratione
1156 4398 1330 4461 fundentur
1344 4406 1375 4460 et
1390 4398 1720 4479 subjectentur,intcl-

205 4520 258 4578 De
282 4516 391 4575 tribu,
414 4517 450 4575 ὑ,
475 4517 688 4576 diggrncgiong
709 4518 870 4575 donorum
970 4497 1072 4559 lectus
1093 4505 1197 4558 tamen
1218 4495 1404 4577 sapientiem
1425 4495 1605 4574 introducit,
1622 4503 1654 4557 ct
1672 4514 1720 4558 sa-

430 4606 650 4665 oegervandis,
971 4593 1092 4676 pientia
1121 4594 1273 4657 allectum
1302 4592 1404 4673 magis
1432 4592 1597 4654 concernit
1623 4611 1719 4673 quam

972 4692 1171 4755 intellectus:
1186 4691 1412 4771 propterquod
1428 4690 1549 4753 dictum
1564 4698 1623 4769 est,
1635 4692 1719 4771 quod
1734 4714 1774 4753 ιη.
1777 4723 1872 4761 ιιιιιιιιι

236 4791 382 4856 cuntant
396 4811 486 4854 sacra
500 4792 663 4873 Scriptura
681 4794 765 4855 dona
785 4812 915 4855 enume-
971 4791 1127 4872 sapientia
1142 4789 1271 4871 perlicit
1286 4789 1461 4869 caritatem,
1475 4789 1718 4873 intellectusque
1734 4786 1798 4815 ¹¹¹¹¹¹

161 4790 327 4990 Omns
348 4889 485 4971 explicat
503 4907 552 4968 ea,
573 4907 637 4951 nen
655 4889 766 4971 utique
785 4890 915 4953 nomine
971 4888 1081 4951 lidcm.
1112 4888 1236 4950 Clarum
1272 4894 1320 4948 est
1353 4895 1459 4948 autem
1488 4887 1572 4968 qnod
1602 4908 1718 4951 nomen

157 4989 255 5069 doni,
284 4988 341 5051 sed
368 4988 499 5069 spiritus
527 4987 587 5067 (sic
615 4987 734 5070 quippe
762 4988 916 5070 Propheta
971 4987 1133 5069 sepientiae
1149 5006 1167 5049 a
1182 5004 1292 5067 sapore
1308 4984 1627 5066 imponitur3nnmen
1644 5006 1719 5050 vero

53 5112 142 5165 nare
157 5086 287 5151 ellatur
314 5109 322 5147 ι
347 5084 537 5167 Requiescet
560 5104 656 5167 super
679 5104 753 5149 eum
777 5086 913 5168 Spiritus
971 5085 1151 5147 intellectus
1166 5085 1206 5146 ab
1221 5083 1333 5145 intima
1348 5084 1483 5163 quadam
1499 5084 1719 5165 perspectione

157 5183 306 5263 Domini,
321 5182 452 5266 spiritus
476 5183 640 5265 sapientia
664 5192 696 5245 et
719 5184 911 5261 intellectus,
972 5183 1156 5265 impositum
1171 5191 1229 5245 est.
1243 5182 1315 5244 ldco
1330 5181 1397 5244 hoec
1413 5182 1475 5245 duo
1491 5183 1574 5246 dona
1589 5202 1644 5263 per
1658 5182 1718 5245 hec

156 5283 299 5368 spiritus
324 5281 449 5346 consilii
474 5288 507 5343 et
530 5280 738 5362 fortitudinis,
754 5284 851 5364 ctc.);
867 5281 914 5344 id·
971 5281 1131 5364 descripta
1155 5288 1229 5344 sunt
1253 5289 1347 5362 atque
1371 5280 1532 5361 distincta,
1559 5281 1642 5362 quod
1671 5300 1719 5347 se-
