4309 6259
453 489 513 555 244
747 505 788 557 un
809 503 899 552 noros
920 502 1053 550 4444444
1075 500 1194 563 sinon,
1216 497 1390 549 44444444
1412 500 1454 547 444.
1477 519 1519 529 -
1538 500 1607 547 4444.
1631 502 1713 549 4444

453 675 583 758 expellit
597 683 774 759 peccatum.
781 673 1013 756 Negligentiam
1029 672 1128 755 fugat,
1136 672 1242 753 jux-A
1296 670 1333 733 Et
1367 671 1633 752 respondendum,
1667 670 1753 751 quod
1789 669 1891 747 multi,
1925 669 2004 731 inter

318 787 432 832 nectam
435 774 610 841 ‚teillud.
632 774 688 848 Qui
709 774 800 837 timet
819 774 929 851 444444,
951 772 1031 833 nihil
1053 770 1196 852 negligit.
1256 788 1336 849 quos
1350 769 1444 831 estS
1461 769 1608 843 Thomas,
1625 768 1790 832 affirmant
1803 769 1887 833 dona
1901 768 1968 830 ad
1962 788 2002 829 rn
2016 794 2106 841 Μ,

388 875 501 965 110,4444
523 873 712 955 sapientiam
727 878 893 953 preparat,
909 870 997 951 juxta
1017 869 1122 930 illud:
1140 869 1201 930 lni-
1256 867 1417 929 tellectum
1434 866 1632 948 pertinentia,
1650 866 1804 931 nohiliora
1824 886 1894 929 esse
1914 864 2055 927 donis¹'⁴
2031 868 2106 967 w't

309 854 341 893 49.

455 973 535 1035 tium
551 971 713 1054 sapientia
734 971 831 1033 timor
851 968 987 1032 Domini.
1005 968 1200 1048 Sapientiam
1255 966 1430 1047 appetitum
1445 985 1500 1027 seu
1516 965 1710 1029 voluntatem
1731 965 1933 1029 ornantibus.
1951 965 2002 1027 444

307 1091 380 1136 neers.
388 1094 441 1141 ι44.
455 1070 549 1151 parit,
564 1069 655 1150 juxta
670 1069 772 1130 illud:
790 1068 886 1130 lladix
906 1066 1070 1147 sapientie
1091 1066 1201 1127 timere
1256 1082 1317 1144 que
1333 1063 1496 1145 sapientia,
1513 1063 1703 1141 intellectus,
1716 1063 1884 1126 consilium
1898 1070 1935 1125 et
1951 1062 2001 1125 sci-

455 1168 564 1230 444444.
581 1167 731 1228 Animum
747 1165 876 1243 stabilit,
894 1173 926 1226 44
939 1164 1044 1226 eordrs
1066 1163 1200 1225 salutem
1255 1162 1351 1240 entia,
1375 1180 1445 1242 que
1469 1162 1621 1223 rationem
1647 1160 1829 1242 perficiunt,
1855 1161 1918 1223 alia
1951 1162 2000 1222 4444

455 1265 602 1342 custodit,
634 1264 809 1327 seeundum
839 1262 916 1323 illud
945 1259 1158 1324 Ecclesiastiei
1191 1284 1198 1323 ε
1255 1260 1349 1339 dona,
1367 1259 1512 1322 videlieet
1535 1258 1763 1337 fortitudinem,
1787 1259 1938 1340 pietatem
1962 1268 2000 1321 at·

309 1364 520 1433 rtu1.uv11,Nisi
542 1371 573 1426 te
596 1365 629 1425 in
649 1363 763 1425 timore
785 1361 909 1423 44444444
934 1361 1088 1421 instanter
1112 1367 1201 1421 tenu·
1256 1376 1316 1438 que
1332 1358 1486 1434 timorem,
1504 1358 1535 1419 in
1551 1357 1701 1438 dignitate
1717 1359 1884 1421 excedunt.
1897 1358 2000 1420 Scien-

308 1444 329 1486 9·
454 1463 529 1541 eris,
545 1462 609 1525 4444
624 1462 825 1524 subvertetur
838 1461 951 1521 domus
967 1467 1030 1520 tua.
1047 1458 1086 1520 Et
1101 1456 1202 1519 brevi·
1255 1455 1297 1517 tia
1322 1474 1446 1537 quoque
1473 1456 1595 1518 excedit
1618 1454 1799 1535 eonsilium,
1824 1464 1857 1518 44
1880 1455 1999 1519 fortitu-

454 1567 512 1639 ter,
522 1560 617 1623 timor
632 1560 691 1622 iste
705 1558 849 1621 omnium
864 1558 1019 1620 bonorum
1036 1564 1084 1617 est
1099 1554 1200 1618 fomes
1255 1552 1360 1615 dinem
1384 1554 1504 1635 pietas,
1525 1554 1620 1616 timor
1644 1572 1719 1617 vero
1738 1554 1882 1617 omnium
1902 1562 1997 1617 exstat

453 1665 605 1721 44444444
620 1676 657 1719 44
672 1656 917 1719 munimentum.
934 1654 1036 1729 Quum
1051 1653 1138 1716 enim
1153 1653 1200 1715 nil
1254 1651 1409 1714 donorum
1429 1652 1527 1713 imum
1543 1670 1580 1713 ac
1595 1650 1754 1714 infimum.
1772 1650 1876 1714 Nihilo
1896 1652 1997 1713 minus

325 1772 359 1819 4.
369 1787 409 1826 ιιι,
417 1776 437 1818 4,
453 1775 511 1819 444
531 1775 550 1818 4
570 1756 633 1818 4444
652 1755 772 1817 dividat
790 1754 851 1815 uisi
872 1760 1050 1835 peccatum,
1068 1769 1106 1815 eo
1130 1751 1200 1833 ipso
1254 1747 1404 1812 fortitudo
1433 1758 1464 1811 et
1491 1749 1670 1827 consilium,
1696 1768 1767 1831 quae
1792 1748 1876 1812 circa
1904 1751 1997 1812 ardua

451 1871 514 1935 quo
534 1854 629 1917 timor
650 1853 709 1915 iste
730 1860 895 1934 peceatum
915 1850 1054 1930 expellit,
1072 1851 1111 1912 ad
1133 1848 1237 1912 444-Β
1254 1855 1431 1925 versantur,
1448 1846 1598 1928 pietatem
1614 1854 1645 1908 et
1660 1847 1836 1925 scientiam,
1852 1866 1925 1928 quas
1945 1848 1999 1910 cir-

450 1970 525 2014 nem
549 1970 608 2015 nos
633 1951 767 2032 gratiam
791 1957 898 2031 aptat3
921 1956 1031 2029 estque
1054 1947 1198 2010 omnium
1253 1963 1290 2006 44
1310 1945 1490 2008 eommunia
1508 1952 1716 2026 occupantur,
1733 1946 1910 2007 seeundum
1926 1946 1997 2027 quid

450 2049 694 2112 fundamentum
716 2049 884 2124 donorum,
903 2047 1037 2110 reddens
1055 2063 1114 2108 nos
1135 2045 1198 2107 Deo
1254 2040 1286 2102 in
1308 2042 1457 2123 dignitate
1480 2044 1671 2124 precedunt.

450 2148 609 2229 precipue
633 2145 805 2227 subjectos,
833 2146 864 2206 in
888 2145 1007 2207 divinis
1031 2143 1196 2224 sollicitos,
1291 2140 1362 2203 Haec
1383 2148 1489 2203 autem
1513 2140 1627 2221 positio
1651 2140 1750 2203 multa
1774 2140 1907 2204 includit
1930 2160 1996 2222 que

450 2245 484 2306 in
498 2244 645 2309 omnihus
661 2245 824 2307 timoratos
838 2262 875 2306 ac
891 2242 1197 2323 agiles,omnemque
1252 2257 1312 2300 444
1342 2258 1415 2301 vera
1441 2256 1545 2319 neque
1574 2238 1649 2301 satis
1679 2238 1810 2320 probata
1839 2240 1992 2303 videntur.

451 2343 633 2424 superbiam
656 2342 793 2406 totaliter
814 2349 1025 2405 exsecrantes.
1252 2336 1466 2399 Communiter
1492 2336 1577 2399 enim
1601 2336 1725 2415 dieitur,
1751 2346 1783 2401 44
1806 2338 1995 2420 Augustinus

1251 2442 1345 2514 atque
1369 2433 1538 2498 Anselmus
1563 2434 1730 2498 manifeste
1753 2436 1815 2499 4444
1839 2445 1992 2516 asserunt,

620 2551 866 2615 ARTIGULUS
890 2550 1026 2613 XLVH,
1251 2533 1334 2613 quod
1354 2532 1448 2595 lsaias
1468 2533 1622 2615 propheta
1646 2552 1664 2595 a
1688 2552 1813 2597 summo
1835 2553 1934 2615 usque
1957 2536 1993 2597 ad
2007 2556 2061 2601 nn
2069 2558 2082 2597 4.
2091 2558 2102 2595 4.

448 2685 505 2745 A,
518 2685 639 2742 donum
657 2684 787 2742 umori,
806 2683 848 2741 si,
868 2682 1020 2757 infimum
1038 2682 1128 2741 inter
1142 2684 1196 2741 do·
1251 2628 1396 2692 infimum
1412 2630 1577 2693 descendit
1594 2630 1626 2693 in
1647 2632 1886 2695 enumeratione
1900 2633 1994 2696 dono

488 2791 553 2840 na,·
563 2780 593 2831 et
608 2772 649 2830 de
662 2772 905 2846 comparatione
919 2772 1081 2829 donorum
1097 2771 1133 2829 in
1148 2771 1197 2829 di-

485 2861 623 2935 gnitate.

1252 2748 1331 2791 rum.
1358 2727 1459 2802 Quum
1483 2747 1559 2810 orgo
1587 2729 1741 2811 Propheta
1771 2730 1937 2793 consilium
1965 2739 1994 2793 et

1250 2824 1467 2889 fortitudinem
1495 2836 1569 2890 ante
1597 2826 1760 2891 seientiam
1790 2836 1822 2891 et
1850 2828 1994 2909 pietatem

1250 2932 1424 3002 enumeret,
1446 2934 1578 3007 apparet
1602 2926 1685 3005 quod
1710 2926 1878 2989 eonsilium
1904 2934 1993 3007 atque

398 3062 435 3093 ιιι.
519 3027 621 3091 MNES
646 3037 807 3109 praeterea,
829 3028 910 3091 sieut
930 3034 1113 3108 praetaetum
1134 3035 1192 3104 est,
1209 3022 1231 3086 C
1250 3020 1401 3084 fortitudo
1430 3024 1568 3087 scientie
1600 3032 1695 3105 atque
1730 3024 1838 3105 pietati
1866 3024 1994 3107 prepol-

534 3127 702 3189 adstruunt
728 3126 848 3188 donum
877 3125 1002 3188 timoris
1031 3144 1101 3187 esse
1130 3124 1195 3206 pri·
1250 3121 1345 3184 leant.
1374 3121 1433 3184 Sed
1457 3121 1559 3185 fateor
1582 3122 1664 3185 44444
1692 3120 1904 3205 objectionem
1932 3142 1994 3187 non

449 3243 537 3287 mum
568 3223 601 3284 iu
630 3224 830 3286 ascendendo
855 3231 886 3287 et
911 3222 1058 3284 ultimum
1085 3222 1117 3283 in
1141 3223 1196 3285 de-
1250 3239 1319 3283 esse
1338 3220 1484 3283 idoneam
1503 3244 1510 3281 :
1528 3220 1601 3301 quia
1620 3229 1652 3283 44
1671 3221 1808 3284 Thomas
1827 3240 1897 3285 4444
1921 3221 1994 3284 satis

448 3322 640 3386 scendendo.
666 3320 745 3383 Nam
770 3320 811 3381 ab
835 3339 872 3383 eo
896 3320 1047 3383 inchoare
1072 3326 1196 3401 oportet
1250 3317 1395 3395 ahsolvit,
1426 3318 1535 3381 dicens
1564 3320 1649 3400 quod
1678 3319 1761 3381 dona
1789 3338 1860 3401 444
1894 3320 1993 3381 timori

447 3437 520 3480 eum
548 3417 604 3499 qui
633 3416 723 3497 eupit
750 3415 908 3497 proficere
935 3424 1030 3496 atquc
1059 3416 1202 3487 aliorum,
1251 3416 1458 3499 propinquius
1482 3425 1764 3497 connumerantur,
1788 3426 1863 3480 sunt
1885 3417 1993 3480 ceteris

447 3516 659 3597 perfectiones
673 3515 829 3578 donorum
844 3514 1020 3596 acquirere.
1035 3514 1087 3577 Sic
1103 3515 1197 3578 timor
1250 3514 1410 3591 inferiora,
1429 3514 1479 3577 vel
1494 3514 1690 3597 simpliciter,
1709 3515 1760 3579 vel
1781 3524 1867 3579 certe
1887 3534 1994 3578 seeun-

447 3612 506 3676 iste
519 3614 575 3695 qui
590 3614 709 3676 donum
725 3621 868 3691 vocatur,
886 3612 969 3674 inter
987 3613 1070 3675 dona
1089 3613 1197 3676 novis·
1251 3613 1326 3675 dum
1348 3612 1434 3693 quid.

447 3710 564 3774 simum
594 3711 700 3775 locum
726 3712 843 3774 habere
867 3710 1004 3773 videtur.
1032 3711 1195 3773 Verumta-
1290 3711 1384 3775 Porro
1398 3712 1483 3792 quod
1498 3711 1530 3773 in
1545 3712 1604 3774 4444
1624 3710 1773 3793 opinione
1794 3730 1860 3775 non
1882 3712 1990 3793 placet,

448 3828 521 3872 men
546 3809 607 3873 hoc
631 3809 858 3872 difficultatem
888 3827 1035 3890 magnam
1066 3809 1196 3871 sortitur
1251 3817 1299 3871 est
1319 3810 1403 3890 quod
1423 3809 1535 3872 asserit
1553 3809 1672 3872 donum
1692 3809 1815 3872 timoris
1836 3828 1904 3873 esse
1923 3809 1993 3871 sirn-

448 3916 579 3989 propter
604 3908 768 3969 evidentes
796 3907 998 3970 auctoritates
1027 3906 1195 3988 Scripturas
1250 3906 1374 3989 pliciter
1392 3906 1539 3969 infimum
1557 3908 1641 3970 inter
1658 3909 1742 3971 dona
1759 3931 1766 3969 a
1784 3910 1823 3971 ad
1843 3909 1923 3990 quod
1940 3927 1992 3969 44-

448 4024 519 4086 quae
538 4006 720 4086 oppositum
740 4006 890 4067 videntur
912 4024 1063 4068 asserere.
1079 4005 1114 4067 ln
1139 4006 1196 4069 Ee·
1251 4006 1410 4069 ctoritates
1433 4006 1601 4088 Scripturas
1622 4025 1708 4069 nuno
1733 4014 1825 4070 444444
1848 4005 1990 4069 sufficere

301 4126 375 4170 444.
386 4139 435 4178 ιιι,
450 4103 628 4166 44444444444
643 4102 729 4165 enim
745 4103 791 4165 sic
807 4103 924 4184 legitur
940 4126 946 4164 :
965 4103 1072 4166 Timor
1093 4104 1196 4166 444444-
1250 4112 1403 4186 possunt3
1424 4105 1479 4167 sed
1505 4104 1583 4167 ratio
1607 4104 1787 4184 adjicienda
1811 4112 1869 4168 444.
1885 4105 1990 4179 Quem·

303 4192 336 4232 ¹⁸·
449 4201 483 4263 ni
499 4221 534 4264 44
548 4201 765 4283 superomnia
780 4201 998 4282 superposuit3
1012 4202 1193 4266 etiterum:
1210 4203 1235 4265 D
1249 4204 1419 4266 admodum
1434 4202 1518 4265 onim
1535 4202 1659 4265 habitus
1679 4221 1736 4283 per
1754 4212 1862 4265 actum
1881 4220 1989 4283 cogno

301 4321 389 4365 44,ιι4
391 4335 435 4373 ιιιιι
448 4299 534 4363 Nihil
553 4299 668 4361 melius
687 4318 782 4381 quam
802 4300 914 4361 timere
939 4301 1048 4363 444444.
1066 4301 1101 4363 44
1125 4302 1196 4365 Pro-
1251 4301 1359 4380 scitur,
1381 4300 1425 4362 ita
1450 4300 1597 4363 nobilitas
1620 4299 1747 4363 habitus
1773 4320 1813 4363 ex
1835 4300 1987 4364 nobilitate

302 4387 375 4489 ᾖον
391 4396 566 4506 mverhiis
580 4413 732 4476 quoque:
750 4394 857 4457 Timor
871 4395 997 4458 Domini
1019 4395 1090 4459 fons
1109 4398 1192 4460 44444.
1251 4386 1340 4461 aetus
1363 4405 1514 4481 pensatur
1531 4406 1626 4479 atque
1646 4398 1807 4478 probatur.
1825 4399 1884 4461 Sed
1906 4405 1988 4461 actus

301 4510 386 4615 44.ῃ
447 4496 540 4558 Etru
564 4494 718 4557 Psalmo:
744 4492 864 4555 Timete
888 4493 1066 4571 Dominum,
1084 4512 1195 4557 omnes
1251 4496 1325 4559 doni
1340 4496 1461 4561 timoris
1476 4515 1540 4559 non
1556 4506 1604 4559 444
1618 4495 1750 4559 infimus
1767 4506 1894 4559 actuum
1912 4503 1989 4559 cete

388 4586 549 4657 ¹¹¹¹·sancti
575 4593 656 4673 ejus,
677 4592 830 4673 quoniam
850 4591 929 4654 nihil
949 4592 1036 4654 deest
1055 4592 1196 4655 timenti·
1253 4614 1357 4659 rorum
1375 4595 1554 4658 donorum:
1572 4602 1661 4657 actus
1683 4593 1768 4657 onim
1791 4594 1886 4676 hujus
1904 4594 1989 4655 timo

299 4637 434 4767 socorsum.
448 4693 507 4755 hus
530 4710 615 4753 4444.
632 4690 670 4753 Ε4
696 4690 728 4752 44
753 4689 976 4752 Ecclesiastico
999 4713 1006 4750 :
1028 4689 1195 4755 Plenitudo
1251 4693 1305 4773 ris,
1321 4700 1369 4754 est
1384 4700 1523 4755 mentem
1544 4691 1649 4755 facere
1665 4692 1729 4756 Deo
1744 4692 1903 4756 humiliter
1922 4690 1989 4753 suh-

448 4789 608 4870 sapientiae
627 4788 737 4850 timere
756 4788 866 4850 Deum.
883 4787 970 4849 Unde
990 4787 1192 4852 Bernardus:
1250 4790 1359 4869 ditam,
1383 4808 1446 4853 non
1472 4790 1606 4871 pigram,
1628 4790 1683 4852 sed
1708 4790 1845 4871 agilem3
1868 4796 1987 4871 peecata

445 4888 480 4951 ln
495 4887 637 4964 veritate,
654 4885 766 4966 inquit,
783 4886 877 4948 didici
893 4885 969 4947 nihil
985 4887 1063 4949 adeo
1077 4886 1194 4950 efficax
1249 4908 1376 4971 quoque
1396 4888 1494 4951 vitare
1509 4908 1547 4951 ox
1563 4888 1738 4951 reverentia
1757 4888 1925 4970 majestatis
1942 4885 1987 4947 di-

444 5005 515 5049 esse
530 4985 569 5047 ad
585 4984 717 5065 gratiam
733 4984 986 5093 promerendam,
1005 5005 1194 5067 4444444444-
1248 4988 1340 5066 vinae,
1358 5006 1414 5049 seu
1439 5005 1533 5049 eausa
1553 4986 1670 5048 vitandi
1689 4985 1849 5049 offensam
1872 4984 1984 5068 pietatis

444 5083 528 5160 dam,
547 5082 755 5159 retinendam,
772 5099 867 5191 quarn
888 5082 913 5144 si
938 5083 1025 5146 omni
1050 5091 1193 5166 tempore
1247 5092 1395 5167 paternae.
1408 5082 1445 5145 lli
1459 5091 1565 5146 autem
1580 5091 1669 5146 44444
1686 5082 1776 5146 valde
1792 5082 1925 5165 praeclari
1938 5100 1983 5143 ex·

309 5190 374 5238 nom.
399 5208 429 5247 ιι
415 5199 551 5244 :eoram
576 5180 670 5243 4444
662 5179 834 5243 inveniaris
856 5198 921 5243 non
944 5179 1044 5243 altum
1066 5200 1189 5262 sapere,
1247 5185 1361 5247 sistunt
1363 5182 1616 5263 ,nobilioresque
1632 5180 1755 5244 actibus
1770 5181 1913 5245 scientia.
1928 5180 1982 5241 lc-

296 5259 331 5301 ¹⁰
445 5280 499 5345 sed
521 5279 643 5342 timere.
1247 5291 1297 5345 tus
1313 5281 1397 5347 enim
1418 5280 1556 5343 scientiae
1575 5298 1645 5360 qua
1664 5280 1783 5344 donum
1798 5289 1857 5359 444,
1870 5283 1979 5343 exstem
