4309 6259
433 511 473 559 os
492 512 651 561 runcoriro
670 514 710 560 rr
729 513 892 562 oronirirr
912 514 1029 574 miri,
1050 516 1140 563 uara
1161 517 1181 564 ι.
1203 536 1244 549 -
1264 518 1333 565 mr.
1356 518 1464 584 min
1661 496 1721 564 507

170 680 326 763 quosdam
339 701 378 746 ex
393 690 575 747 sanctorum
586 683 765 766 aliquorum
779 685 921 749 virorum
935 683 1140 769 Aegyptiis,
1162 688 1216 752 bei
1235 689 1494 771 omnipotentiam
1515 688 1722 771 magnificen-

171 779 333 861 colloquio
357 782 408 844 vel
434 780 562 861 intuitu,
583 783 694 847 osculo
713 783 764 847 vel
788 791 918 862 attactu,
973 785 1113 867 tiamquc
1128 786 1376 867 praesentaverit.
1394 788 1446 852 Sic
1466 806 1595 871 prorsus
1614 786 1720 866 llario,

170 878 289 941 mentis
302 879 461 943 fervorem
483 880 826 965 compunctionemque
847 882 921 945 ade-
973 885 1050 947 dum
1078 884 1112 945 in
1142 883 1259 948 virtute
1286 886 1441 950 Creatoris
1476 886 1577 949 aerias
1610 903 1721 948 omnes

170 985 244 1059 ptos
265 978 364 1060 :quid
384 998 460 1061 ergo
478 979 588 1043 divina
605 978 759 1058 Genitrix,
775 999 855 1061 quae,
873 981 919 1043 uti
973 989 1144 1065 potestates
1179 982 1296 1046 devicit
1330 992 1424 1065 alque
1458 985 1627 1066 oppressit,
1658 1002 1722 1047 non

167 1074 238 1156 jam
265 1094 351 1139 nunc
378 1076 581 1155 dictumest,
606 1096 680 1141 cum
705 1079 820 1141 Sancto
844 1078 921 1141 San·
973 1079 1081 1163 inepte
1095 1081 1244 1144 exercitui
1259 1080 1307 1144 illi
1321 1081 1429 1145 divino
1444 1081 1477 1143 in
1493 1080 1639 1145 curribus
1650 1080 1723 1143 Pbo-

168 1182 296 1236 ctorum
316 1175 456 1258 primum
477 1176 511 1238 in
534 1176 626 1239 terris
647 1175 736 1253 vixit,
753 1176 829 1239 hinc
849 1196 920 1239 san-
974 1178 1080 1242 raonis
1103 1179 1277 1243 submersis
1299 1179 1501 1243 assimilatur.

167 1270 291 1335 ctitatis
308 1291 346 1335 ac
364 1272 473 1354 gratiae
494 1274 611 1337 mentis
632 1282 664 1337 ct
682 1275 824 1357 corporis
846 1293 921 1339 con·
1013 1277 1146 1360 lnsuper
1173 1278 1294 1359 Virgini
1323 1296 1447 1359 sponsae
1472 1278 1605 1360 loquens
1628 1295 1722 1360 spon-

166 1369 302 1433 traxisse
323 1371 481 1435 credenda
501 1375 570 1435 esti
974 1394 1028 1437 sus
1037 1378 1209 1438 :Pulchre
1222 1376 1352 1457 (inquit)
1366 1386 1442 1437 sunt
1453 1396 1545 1454 penca
1560 1386 1624 1438 tute
1637 1378 1722 1437 sicul
1736 1393 1802 1439 Cant
1814 1406 1828 1444 ι,
1838 1394 1860 1435 a

975 1475 1139 1542 turturis·
1148 1477 1266 1534 collum
1282 1484 1377 1535 tuum
1396 1476 1480 1535 sicul
1496 1475 1642 1535 monilia.
1654 1473 1723 1535 Pul·

975 1570 1059 1633 chrae
1083 1570 1205 1652 utique,
1231 1591 1301 1653 quae
1325 1572 1440 1636 decore
1468 1572 1629 1655 pudicitiae
1653 1590 1723 1655 per-

324 1641 569 1708 surrectus
591 1644 766 1709 XXXVII·
973 1668 1064 1746 iuss,
1081 1668 1314 1731 candidissimis
1330 1669 1394 1732 iuis
1414 1670 1513 1733 divini
1528 1670 1635 1752 sponsi
1649 1668 1723 1733 oni-

167 1792 355 1867 Descriptio
376 1812 442 1871 qua
464 1793 599 1851 coelesti,
620 1810 754 1867 ,pom
776 1794 921 1869 ,imp
974 1765 1136 1847 genitique
1164 1766 1263 1829 Patris
1290 1767 1382 1849 genis
1410 1768 1502 1831 toties
1532 1787 1605 1831 oum
1634 1768 1723 1830 suavi

212 1898 283 1939 rem
311 1900 404 1940 mam
426 1898 576 1956 sponsam
600 1882 826 1961 „eminensque
849 1884 920 1944 Ma.
938 1864 1085 1927 Boscnlo
1108 1871 1183 1926 sunt
1206 1864 1396 1946 conjunctae.
1418 1866 1569 1929 Praeterec
1590 1888 1597 1927 :
1619 1869 1722 1936 Quem
1737 1882 1871 1933 ilicum.

212 1977 298 2028 trem
316 1970 482 2030 describit.
970 1964 1114 2039 pulchra
1137 1982 1169 2022 es
1192 1962 1275 2042 (ait),
1297 1965 1403 2024 amica
1421 1966 1517 2025 mea!
1535 1984 1634 2045 quam
1648 1969 1725 2041 pul·

973 2062 1053 2121 cliro
1076 2064 1134 2121 es!
1155 2063 1251 2125 Oculi
1275 2063 1326 2122 lui
1348 2064 1584 2133 columborum,
1607 2064 1726 2143 absque

38 2158 153 2205 ⁶⁰⁸2st
241 2160 458 2225 QUITATUI
472 2159 592 2218 mecin
605 2160 922 2221 curri’busPltarco-
974 2178 1009 2218 eo
1023 2161 1109 2238 quod
1123 2161 1324 2219 intrinsecus
1338 2164 1416 2221 latet
1425 2181 1440 2229 ,·
1454 2166 1485 2223 et
1499 2160 1615 2238 denuc,
1633 2162 1727 2224 Oculi
1740 2178 1869 2228 teitaus

254 2256 309 2316 nis
318 2257 501 2315 assimilavi
515 2258 670 2324 laomim
680 2255 921 2331 mea.0uoniam
976 2258 1028 2319 lui
1045 2259 1130 2318 sicut
1152 2259 1290 2334 pissime
1312 2260 1347 2318 iit
1377 2260 1518 2321 Hesebort
1539 2279 1550 2317 .·
1569 2258 1603 2321 in
1622 2258 1725 2340 primo

168 2354 304 2434 quidem
324 2352 388 2415 alia
408 2351 501 2433 longe
521 2361 570 2415 est
588 2362 704 2415 sanctae
720 2353 861 2436 Virginis
874 2353 922 2415 di·
976 2354 1226 2436 simplicitatem,
1243 2355 1277 2417 in
1299 2356 1439 2419 secundo
1461 2356 1634 2419 claritatem
1657 2357 1725 2419 dul-

168 2451 278 2533 gnites
301 2470 357 2532 per
384 2458 541 2530 naturam,
567 2459 660 2532 etque
683 2452 745 2515 alia
772 2471 830 2533 per
852 2469 922 2532 gra·
976 2452 1177 2516 cissimorum
1206 2454 1372 2517 oculorum
1400 2454 1577 2518 insinuans.
1604 2457 1872 2532 Capilliitiasssc.

168 2550 263 2627 tiam,
287 2548 320 2610 in
339 2547 554 2629 descriptione
577 2568 640 2632 qua
662 2550 764 2631 ipsam
784 2550 921 2632 Spiritus
976 2554 1029 2612 tui
1047 2554 1133 2612 sicut
1152 2572 1267 2629 greges
1289 2570 1467 2629 caprarum
1488 2573 1560 2633 quoe
1580 2556 1727 2613 ascende·

169 2647 292 2712 Christi
306 2647 486 2729 descripsit,
498 2647 596 2709 variis
610 2647 922 2729 multiformibusque
976 2657 1057 2709 runt
1079 2650 1120 2707 cle
1145 2658 1251 2709 monte
1272 2652 1422 2719 Galaad,·
1441 2652 1552 2710 dentes
1572 2652 1624 2709 tati
1643 2652 1727 2710 sicut

169 2747 270 2808 rebus
292 2752 471 2827 comparate
492 2753 550 2825 est,
567 2744 608 2807 ob
629 2746 822 2828 multiplices
844 2764 922 2827 quas
972 2766 1087 2823 preces
1102 2755 1272 2807 tonsorum
1292 2767 1365 2826 qooe
1386 2750 1602 2809 ascenderent
1623 2751 1663 2808 de
1681 2752 1727 2807 la-

167 2842 329 2907 divinitus
344 2841 461 2923 gratias
483 2843 592 2906 sortita
605 2851 663 2905 est.
682 2843 775 2907 Porro
796 2844 923 2926 singula
976 2864 1082 2904 vacro.
1105 2844 1199 2907 Porro
1221 2844 1408 2907 suavissima
1430 2844 1485 2907 illa
1507 2864 1660 2926 roseoque
1682 2844 1728 2908 lc-

167 2959 307 3024 quieque
326 2940 426 3023 ipsius
445 2941 589 3004 membru
607 2942 801 3021 describens,
818 2962 856 3005 ea
875 2962 922 3005 re-
976 2940 1047 3003 licis
1071 2942 1177 3004 llatris
1206 2942 1301 3020 labia,
1328 2941 1447 3005 crebris
1475 2943 1627 3006 adorandi
1656 2942 1727 3006 Filii

169 3041 233 3104 bns
263 3058 396 3120 quarum
426 3041 633 3122 proprietates
660 3041 771 3123 gratiis
800 3040 960 3104 virtuti-(l
977 3040 1197 3120 carissimiquc
1232 3040 1340 3122 sponsi
1375 3040 1494 3104 osculis
1522 3042 1727 3105 vehementer

169 3139 298 3219 busque
327 3136 454 3200 illorum
487 3138 653 3202 similiores
682 3147 766 3220 sunt,
796 3159 923 3221 compa·
976 3137 1137 3217 deificata,
1154 3138 1337 3201 describens
1353 3141 1469 3203 :Sicut
1485 3142 1568 3201 vitta
1582 3143 1727 3201 coccinea
1741 3154 1798 3199 itit.
1809 3157 1830 3197 s.

168 3236 268 3300 ravit.
290 3236 515 3299 Verumtamen
539 3238 644 3300 omnis
668 3237 730 3301 ista
750 3238 922 3322 descriptio
977 3235 1107 3317 (inquit)
1123 3238 1212 3297 labia
1228 3246 1297 3307 tua,
1313 3246 1343 3297 et
1364 3240 1528 3319 eloquium
1546 3248 1639 3299 tuum
1653 3241 1726 3299 dul-

168 3334 383 3419 spiritualiter
396 3335 623 3416 congruentius
639 3335 802 3417 accipitur.
820 3335 924 3399 Potest
975 3355 1029 3404 ce;
1044 3354 1228 3417 rursusque,
1245 3339 1355 3397 Facies
1369 3340 1539 3398 distillans
1553 3340 1641 3399 lobia
1656 3348 1726 3409 tua,
1740 3362 1799 3407 riis.
1811 3364 1844 3405 η,

167 3452 301 3516 quoque
323 3440 378 3495 aut
397 3432 430 3494 in
448 3440 525 3513 toto,
546 3441 602 3495 aut
625 3433 734 3514 utique
755 3452 813 3515 pro
833 3441 922 3515 parte
976 3452 1092 3509 sponsa
1108 3455 1119 3494 .·
1134 3432 1166 3495 in
1192 3433 1295 3516 primo
1320 3434 1591 3515 pulchritudinem
1612 3442 1643 3497 et
1664 3435 1728 3499 elo

168 3552 301 3614 magna,
318 3532 357 3594 ad
373 3531 509 3593 litteram
523 3530 638 3614 accipi,
654 3540 784 3615 propter
797 3540 923 3595 natura·
951 3530 955 3538 '
977 3530 1153 3612 quentiam,
1170 3530 1202 3593 in
1226 3532 1365 3595 secundo
1386 3550 1496 3595 eorum
1519 3533 1727 3595 redolentiam

168 3632 218 3694 les
243 3629 457 3713 perfectiones
482 3630 801 3713 supernatumlesque
822 3629 922 3712 ipsius
976 3630 1153 3692 declarans.
1170 3629 1215 3692 Ob
1230 3628 1398 3692 verborum
1421 3648 1546 3713 quoque
1568 3631 1638 3712 ejus
1658 3652 1727 3695 sua-

168 3748 299 3812 sponsic
317 3728 352 3790 in
375 3746 509 3811 corpore
528 3728 669 3809 itemque
688 3729 721 3791 in
743 3737 848 3792 mente
872 3729 919 3792 di·
977 3727 1145 3790 vissimum
1161 3726 1380 3809 mellitumque
1396 3727 1532 3791 sonitum
1552 3733 1643 3791 :Mel
1656 3730 1726 3809 (cit)
1740 3751 1836 3797 restem.

167 3828 311 3909 gnitates
326 3846 362 3889 ac
376 3826 504 3907 gratias.
521 3825 725 3908 Spirituelem
740 3846 816 3891 vero
834 3827 921 3889 illam
977 3836 1007 3885 et
1029 3830 1079 3885 lec
1101 3828 1160 3886 sub
1179 3827 1296 3902 linquo
1318 3834 1385 3886 tuo.
1402 3826 1557 3907 Amplius,
1575 3827 1615 3889 de
1636 3846 1728 3889 mun-

168 3924 329 4010 prolixam
352 3922 582 4005 difficilemque
606 3923 846 4006 intelligentiam
869 3926 922 3989 hic
977 3923 1117 3985 dissimis
1140 3922 1210 4004 ejus
1234 3941 1325 3986 orsus
1350 3922 1502 3987 uberibus
1526 3948 1533 3986 ε
1558 3929 1631 3987 Duo
1656 3926 1727 4006 (ait)
1740 3947 1832 3992 reses.

168 4024 318 4086 inserere
338 4040 404 4085 non
422 4022 562 4085 decrevi.
578 4023 652 4097 Quae
666 4031 770 4085 eutem
789 4042 828 4087 cx
845 4024 923 4087 Can·
977 4024 1078 4083 ubera
1099 4032 1169 4093 tua,
1185 4023 1269 4083 sicut
1290 4025 1356 4083 duo
1376 4025 1513 4084 tinnuli
1531 4043 1656 4101 capreis
1674 4045 1729 4103 pe-

168 4119 246 4183 licis
262 4120 302 4182 ad
325 4136 450 4202 sponsae
471 4120 665 4202 praeconium
687 4120 865 4201 introduco,
882 4122 924 4184 ob
978 4122 1069 4181 metti
1082 4123 1143 4200 qui
1157 4131 1343 4197 pascuntur
1361 4124 1399 4182 in
1418 4124 1510 4183 liliis.
1528 4122 1572 4184 De
1593 4141 1728 4204 quorum

167 4219 201 4281 id
229 4217 284 4280 bic
304 4216 424 4295 insero,
450 4224 486 4279 ut
508 4216 693 4281 affectuosae
713 4219 813 4280 menti
837 4219 922 4282 illius
937 4216 963 4278 l)
977 4226 1084 4280 tamen
1113 4218 1271 4300 praeconio
1298 4217 1394 4302 paulo
1423 4227 1507 4300 ante,
1537 4228 1630 4301 prout
1658 4240 1860 4283 san-uisus.

167 4316 319 4381 amatrici
353 4315 555 4379 occasionem
587 4314 728 4378 ellicism
763 4335 826 4397 qua
857 4326 922 4380 tarn
978 4317 1121 4379 ctissima
1142 4316 1239 4397 Virgo
1264 4325 1412 4399 praestare
1437 4318 1566 4400 dignata
1591 4326 1649 4398 est,
1671 4338 1728 4401 pro

167 4415 352 4479 naturalem
385 4433 480 4495 qnam
514 4415 787 4495 supernaturalem
820 4415 923 4479 ldariae
976 4415 1099 4477 viribus
1120 4414 1309 4477 disseruisse
1331 4433 1382 4477 me
1405 4416 1546 4479 memini.

167 4512 404 4597 perlectionem
425 4510 686 4593 dignitatemque,
708 4532 803 4594 quam
827 4514 922 4576 etiam
1016 4512 1127 4576 Adbuc
1144 4520 1261 4593 antem,
1284 4514 1427 4577 incessus
1449 4516 1662 4597 pudicissime
1677 4537 1728 4580 ca-

168 4610 300 4694 corpori
316 4610 386 4691 ejus
400 4609 567 4691 praeelecto
581 4628 717 4691 sponsus
731 4609 830 4673 Filius
845 4631 924 4693 pre
976 4612 1187 4693 stissimaeque
1212 4630 1336 4693 sponsae
1360 4613 1622 4695 gratiosissimam
1643 4617 1728 4679 delc-

168 4709 264 4788 stitit,
295 4706 504 4791 contemplari
531 4707 642 4790 purius
669 4716 775 4790 queat.
802 4708 921 4791 Nempe
976 4711 1189 4792 ctabilemque
1205 4710 1416 4775 maturitatem
1429 4712 1728 4795 designans20uam
1743 4736 1873 4789 Cautum.

168 4810 202 4871 in
226 4808 290 4870 boo
313 4804 418 4888 operis
438 4804 536 4887 hujus
560 4805 665 4887 primo
690 4805 781 4884 libro,
807 4807 847 4870 de
871 4809 922 4870 his
970 4812 1110 4887 pulchri
1129 4808 1269 4889 (asserit)
1290 4818 1368 4869 sunt
1385 4830 1516 4887 pressus
1540 4816 1592 4873 tui
1610 4815 1646 4873 in
1664 4819 1729 4875 ccl-

167 4904 336 4989 potissime
359 4903 498 4967 scribere
520 4902 698 4986 nitorque
723 4905 761 4967 ed
786 4905 921 4986 gloriam
973 4910 1161 4978 cecineritis,
1185 4910 1260 4985 filia
1280 4909 1472 4984 principis!
1493 4912 1659 4972 Iunctura
1681 4916 1728 4990 fe-

166 5004 362 5083 laudcmque
376 5001 528 5083 virgineis
543 5000 649 5063 camis
663 5002 857 5067 suavissimae
868 5003 923 5067 Ge·
974 5026 1104 5066 morum
1124 5015 1256 5065 luorum
1276 5006 1360 5065 sicut
1380 5008 1518 5067 monilia
1537 5028 1609 5087 quie
1622 5010 1728 5085 fabri·

165 5100 296 5166 nitricis
327 5100 515 5184 respiciunt.
546 5100 689 5181 Denique
724 5101 921 5184 sapientibus
974 5114 1047 5164 cata
1061 5114 1139 5163 sunt
1154 5120 1256 5164 manu
1270 5103 1586 5181 artificis.(lontinuo
1601 5124 1728 5188 quoquc

38 5264 86 5311 ,m
165 5204 316 5285 ignotum
330 5218 395 5263 non
409 5198 829 5279 arbitror,qucmadmodum
843 5201 921 5265 olim
974 5203 1014 5265 de
1039 5199 1183 5283 pluribus
1214 5219 1338 5281 sponsis
1367 5202 1538 5283 singularis
1566 5206 1725 5288 compagi-

38 5283 148 5376 'sss‚'¹¹''
163 5299 327 5367 exercitus
355 5297 422 5381 llei,
452 5297 543 5381 plebs
576 5298 717 5379 Hebraea,
747 5300 921 5365 submersis
973 5300 1070 5364 nibus
1094 5299 1154 5363 lari
1174 5300 1350 5364 oblectatus
1369 5299 1531 5383 virgineus
1555 5320 1691 5387 sponsus
1715 5328 1722 5370 :
