4309 6259
526 528 682 577 arrosrrro
704 528 801 577 nrum
825 534 833 574 :
855 528 993 586 cuarsra,
1015 528 1066 584 our
1088 530 1144 576 tor
1164 528 1199 577 ss
1220 528 1257 575 ar
1277 530 1346 577 oras
1649 510 1705 574 f3l

173 694 327 774 intuctnr3
353 696 558 762 conformiter
583 698 682 762 titius
708 699 841 777 Patrem,
866 707 911 762 at
924 701 950 762 Α
965 700 1143 781 prehendit,
1159 708 1192 763 et
1204 699 1294 763 Pater
1314 706 1413 763 totam
1433 696 1605 761 bonitatem
1620 716 1710 761 suam

171 812 227 874 que
242 800 373 874 uterque
388 794 538 877 Spiritum
553 797 715 877 Sanctum,
732 805 763 859 et
778 796 911 879 Spiritus
964 806 995 859 et
1016 798 1149 879 gloriam
1171 797 1386 861 communicat
1406 795 1498 873 Filio,
1514 804 1608 877 atque
1629 803 1714 858 uter-

171 890 296 953 Sanctus
316 900 496 973 utrumque.
518 893 641 957 Etenim
667 901 778 956 mutua
797 894 910 957 harum
964 913 1025 975 que
1054 895 1184 977 Spiritui
1218 896 1355 973 Sauct03
1384 914 1443 957 uec
1479 894 1582 956 solum
1618 894 1713 955 unita

171 988 500 1069 supervenerabilium,
513 992 755 1071 adorandarum,
767 1010 911 1074 supersu-
965 1000 1049 1071 sunt,
1066 992 1130 1055 imo
1144 1002 1175 1055 et
1197 992 1445 1055 substantialiter
1459 990 1544 1053 idern
1561 1014 1568 1053 :
1586 1010 1624 1053 ex
1644 990 1714 1072 qui-

170 1084 307 1147 blimium
322 1085 529 1150 Personarum
545 1088 681 1169 intuitio,
691 1088 829 1167 dilectio,
837 1088 912 1151 frui·
965 1087 1024 1151 bus
1045 1090 1152 1171 palam
1174 1098 1224 1151 est
1246 1077 1450 1153 dilectionem
1474 1108 1584 1152 earum
1605 1088 1645 1150 ad
1666 1088 1714 1149 in-

170 1182 220 1260 tio,
244 1182 475 1264 complacentia
502 1192 533 1247 et
561 1185 707 1265 dulcedo,
734 1185 911 1267 incompre-
964 1185 1067 1249 sicem
1087 1186 1257 1250 omnifarie
1276 1206 1346 1250 esse
1367 1187 1399 1249 in
1421 1186 1582 1249 inlinitum
1605 1205 1715 1267 super-

169 1278 362 1343 hensibiliter
375 1300 412 1344 ac
427 1282 661 1346 omniformiter
676 1291 724 1346 est
741 1284 908 1346 immensa.
964 1285 1218 1348 ardentissimam
1234 1294 1266 1347 et
1281 1285 1480 1347 immensam.

204 1376 354 1460 lienique,
370 1380 446 1460 qnia
460 1400 497 1442 ex
519 1382 672 1444 creaturis
693 1382 733 1444 ad
754 1381 909 1445 Crantoris
1004 1384 1039 1447 ln
1073 1384 1186 1447 harum
1221 1384 1490 1466 contemplatione
1517 1402 1607 1446 mens
1638 1402 1713 1446 vere

169 1474 357 1557 aliquantam
372 1478 566 1559 agnitionem
582 1478 816 1561 consurgimus,
833 1498 910 1562 pen·
964 1482 1090 1561 devota,
1114 1482 1282 1545 sinceriter
1309 1481 1490 1561 reformata,
1517 1480 1714 1543 deiformiter

170 1592 269 1635 semus
295 1574 371 1656 quid
397 1594 531 1657 magnus
552 1576 605 1639 ille
628 1576 805 1659 theologus,
829 1578 910 1640 divi·
964 1579 1163 1643 inflammata
1178 1580 1241 1642 fide
1256 1599 1329 1642 eum
1349 1578 1522 1643 rationibus
1542 1578 1714 1643 credendo-

169 1670 327 1752 nissimus,
340 1674 571 1737 sacratissimus
586 1674 765 1757 Dionysius,
781 1677 819 1738 de
834 1694 910 1757 qua·
966 1698 1047 1757 rum,
1063 1676 1240 1760 purificata
1260 1678 1374 1740 mentis
1394 1676 1602 1758 intelligentia
1616 1676 1714 1738 subli-

168 1771 307 1832 rumdam
336 1772 491 1835 mentium
527 1782 702 1835 creatarum
734 1792 841 1837 amore
872 1792 908 1838 ac
965 1775 1057 1839 miter
1084 1776 1243 1855 decorata,
1269 1774 1427 1837 interdum
1456 1774 1547 1855 quasi
1575 1774 1712 1837 mediam

167 1869 275 1931 amoris
292 1870 331 1932 ad
346 1870 445 1933 Deum
461 1872 571 1935 ardore
586 1872 712 1935 locutus
732 1872 782 1935 sit.
798 1872 908 1935 Nonne
924 1870 947 1931 B
965 1880 996 1933 et
1010 1872 1221 1935 condilectum
1236 1891 1272 1935 ac
1288 1871 1538 1954 coamplexatam
1553 1871 1714 1952 experitur

167 1966 297 2047 septimo
316 1968 474 2050 Angefice
496 1970 681 2033 hierarchia
703 1970 853 2055 capitulo,
870 1972 909 2033 de
965 1970 1128 2052 seipsam,
1144 1979 1253 2053 utpote
1275 1978 1364 2052 rapte
1383 1969 1450 2051 jam
1465 1978 1496 2032 et
1517 1969 1665 2051 absorpta
1678 1970 1712 2032 in

166 2065 327 2147 seraphico
355 2068 470 2129 summi
496 2069 630 2151 angelici
654 2068 786 2149 ordinis,
809 2068 907 2147 dulci,
965 2068 1108 2132 infinitas
1136 2069 1261 2132 divitias
1293 2069 1403 2150 glories
1431 2068 1498 2147 liei,
1525 2068 1559 2129 in
1586 2077 1712 2132 aeternas

166 2164 276 2244 quieto,
294 2173 446 2229 aestueme
465 2184 573 2230 amore
587 2168 783 2251 deprompsit
800 2192 806 2229 :
824 2168 910 2231 Cale-
965 2166 1045 2230 lucis
1061 2166 1249 2230 immensam
1264 2166 1424 2248 abyssum,
1434 2166 1467 2228 in
1483 2166 1646 2247 regionem
1661 2186 1714 2228 sn·

167 2260 315 2327 facientes
330 2265 546 2346 nominantur,
563 2266 681 2329 mobile
696 2266 783 2329 enim
799 2284 908 2330 eorum
964 2264 1312 2348 persplendidissimam
1327 2264 1455 2326 luminis
1470 2262 1612 2327 increati.

167 2378 287 2441 semper
302 2362 387 2425 circa
406 2362 526 2443 divina,
544 2371 575 2426 et
589 2363 789 2446 incessabile,
806 2373 837 2427 et
859 2384 909 2427 ca·
1004 2364 1050 2425 Ad
1075 2364 1157 2426 hanc
1182 2362 1412 2443 aliquantulam
1438 2362 1553 2426 future
1582 2362 1713 2425 beatitu-

166 2456 271 2539 lidum,
300 2468 332 2522 et
357 2468 496 2542 acutum,
522 2470 555 2525 et
578 2462 832 2545 superfervidum
861 2462 908 2525 in·
964 2462 1049 2523 dinis
1074 2461 1336 2543 praelibationem,
1356 2460 1621 2541 degustationem,
1643 2478 1714 2543 par·

165 2564 244 2620 tonte
258 2566 293 2620 et
303 2558 425 2639 intime,
438 2560 520 2624 sicut
533 2561 732 2625 recalificans
744 2562 815 2641 alia,
827 2564 907 2625 etet
964 2560 1184 2643 ticipationem
1199 2578 1351 2623 conemur
1365 2578 1402 2621 ae
1417 2576 1712 2640 properemus,quae

164 2654 240 2719 licce
254 2656 280 2719 si
299 2675 388 2721 amor
400 2658 454 2722 ille
470 2668 594 2723 creatus
609 2680 645 2723 ac
666 2658 780 2723 finitus
801 2679 909 2742 supre-
963 2660 1002 2722 ad
1018 2658 1183 2740 mysticam
1199 2666 1345 2741 spectant
1360 2656 1561 2738 theologiam,
1577 2656 1617 2719 ad
1637 2656 1712 2719 doni

165 2770 282 2817 rnorurn
297 2754 424 2819 illorum
436 2757 604 2839 spirituum
615 2758 833 2840 angelicorum
844 2766 908 2821 mm
964 2758 1127 2840 sapientias
1142 2756 1469 2840 complementum,ad
1485 2756 1607 2837 apicem
1623 2774 1712 2818 men-

163 2850 305 2915 intensus
325 2873 361 2916 ac
387 2856 560 2919 vehemens
581 2866 640 2937 est,
663 2865 783 2921 utnon
805 2855 908 2921 solnm
963 2856 1003 2919 tis
1017 2856 1050 2918 in
1071 2856 1170 2919 Deum
1190 2854 1327 2919 totaliter
1347 2853 1588 2932 transformata,
1604 2854 1644 2915 ad
1664 2853 1711 2915 di-

165 2949 280 3014 calidus
304 2961 336 3015 et
356 2962 480 3033 acutus,
500 2973 611 3017 verum
634 2954 728 3017 etiam
751 2954 908 3037 superfer-
963 2954 1028 3017 vini
1063 2954 1181 3018 amoris
1220 2951 1451 3036 perfectionem
1490 2950 1710 3033 unitivamque

164 3047 251 3111 vidus
265 3051 457 3133 appelletur,
472 3052 527 3133 qui
549 3053 658 3135 utique
680 3070 769 3115 amor
783 3046 944 3115 infiniteC
964 3053 1059 3133 riam,
1075 3052 1116 3115 ad
1136 3070 1232 3133 quam
1251 3069 1315 3114 non
1337 3051 1397 3113 nisi
1418 3070 1475 3132 per
1494 3049 1709 3113 omnimodam

163 3145 263 3211 minor
275 3149 451 3229 est,minus
462 3159 573 3213 acutus
585 3150 753 3233 minusque
767 3149 908 3214 fervidus
963 3152 1078 3233 privati
1093 3150 1209 3215 amoris
1224 3149 1491 3232 exstirpationem,
1508 3168 1565 3230 per
1579 3147 1711 3230 profun-

162 3261 252 3323 quam
278 3244 442 3310 increatus
467 3248 520 3310 ille
541 3257 671 3311 mutuus
691 3266 780 3312 arnor
800 3268 909 3331 super·
962 3248 1127 3313 dissimam
1158 3248 1370 3312 humilitatem
1398 3266 1435 3310 ac
1469 3246 1711 3309 vehementissi-

164 3344 369 3409 sanctissimae
396 3345 576 3425 Trinitatis;
597 3354 719 3409 certum
743 3355 792 3409 est
813 3366 908 3429 quam
962 3365 1046 3409 mam
1062 3346 1227 3428 suiipsius
1248 3346 1515 3428 aspernationem,
1530 3364 1588 3426 per
1607 3344 1711 3407 since-

163 3440 526 3525 incomprehensibiliter
553 3464 591 3507 ac
619 3445 909 3527 incomparabiliter
962 3444 1237 3507 rissimumzelum
1251 3444 1429 3525 justitiane
1441 3442 1515 3505 boni
1530 3441 1710 3505 communis

164 3548 222 3603 tres
247 3542 416 3605 adorande
440 3541 583 3606 Personae
613 3562 646 3607 se
671 3544 808 3607 invicem
836 3546 908 3608 difi—
961 3542 1199 3625 precordialem
1222 3540 1387 3619 affectum,
1413 3560 1469 3622 per
1494 3539 1598 3603 cordis
1622 3559 1711 3602 mun-

160 3647 244 3720 gant,
260 3648 293 3703 et
307 3640 394 3703 idem
408 3647 495 3723 patet
509 3640 549 3704 de
564 3649 673 3704 mutua
687 3661 797 3705 earum
812 3642 908 3705 intui·
961 3641 1089 3720 ditiam,
1108 3640 1310 3704 conscientie
1334 3637 1514 3721 puritatem,
1540 3657 1578 3701 ac
1605 3638 1711 3701 consi-

161 3736 241 3801 tione
266 3739 411 3821 plenarie
436 3740 710 3821 comprehensiva,
733 3742 773 3804 de
798 3750 907 3805 mutua
961 3738 1049 3801 milia
1063 3738 1211 3802 exercitia
1225 3739 1264 3800 ad
1279 3737 1363 3799 viam
1378 3735 1577 3818 purgativam
1592 3744 1624 3798 et
1637 3735 1709 3797 illu-

161 3834 297 3917 ipsarum
325 3838 606 3919 superdulcissima
629 3847 661 3901 et
684 3840 908 3923 superdelicio
960 3833 1708 3919 minutivamspectantia‚pervenitnr.lnquibus

161 3934 282 3999 sissima
310 3934 473 3999 fruitione.
503 3938 666 4017 Preterea,
696 3938 800 4001 omnis
828 3938 906 4003 ratio
960 3935 1109 3999 omuibus
1143 3952 1345 3998 exerceamus
1379 3940 1411 3994 et
1445 3940 1610 4023 potuemus
1649 3950 1708 3995 nos

162 4034 284 4097 amandi
300 4054 335 4097 se
351 4034 501 4115 invicem,
514 4035 778 4099 excellentissime
792 4045 824 4100 et
837 4057 907 4120 per-
962 4043 1101 4114 strenue,
1116 4032 1316 4117 presentiam
1337 4030 1511 4112 majestatis
1529 4029 1647 4093 divinae
1661 4030 1709 4092 in·

160 4129 239 4195 fecte
263 4133 297 4195 in
324 4132 402 4215 ipsis
427 4132 580 4214 consistit,
601 4134 749 4197 videlicet
769 4134 904 4216 bonitas,
961 4133 1144 4196 desinenter
1158 4139 1329 4215 pensantes
1340 4148 1377 4192 ac
1391 4128 1466 4191 totis
1477 4127 1598 4191 viribus
1613 4147 1710 4193 vene·

161 4231 308 4313 cognitio,
328 4230 559 4314 propinquitas,
580 4232 691 4313 unitio,
712 4234 903 4299 communio.
921 4236 945 4299 D
962 4240 1078 4294 rantes.
1108 4231 1155 4293 Ad
1183 4230 1310 4293 laudem
1338 4236 1369 4292 et
1395 4226 1529 4310 gloriam
1561 4224 1711 4310 Omnipo-

162 4326 360 4413 lnaqureque
375 4330 459 4393 enirn
475 4349 584 4394 earum
604 4330 737 4395 infinite
756 4340 805 4395 est
818 4332 907 4397 boni-
962 4330 1066 4409 tentis,
1083 4329 1136 4412 qni
1155 4337 1204 4393 est
1222 4326 1444 4411 superomnia
1461 4326 1545 4391 Deus
1564 4324 1708 4391 sublimis

161 4426 229 4489 tatis
244 4436 276 4491 et
290 4428 386 4491 aliurn
407 4429 503 4513 plene
524 4448 560 4493 ac
581 4428 799 4511 limpidissime
821 4449 907 4495 com·
960 4438 992 4493 et
1006 4428 1203 4492 benedictus.
1219 4428 1331 4490 Amen.

573 4822 684 4879 Ftnts
709 4818 1011 4878 expostrtottts
1034 4818 1291 4873 liYthORUM.
