4309 6259
827 507 925 556 aunax
945 507 1134 556 uusuvucus
1692 494 1752 561 647

237 680 310 746 luni,
337 681 415 739 inter
437 681 555 738 latinos
581 685 612 739 et
642 682 757 739 Croecos
779 696 888 753 magna
910 683 955 737 est

238 773 371 845 quaestio,
386 775 466 831 3630
480 778 509 831 64
522 791 556 839 6.,
567 774 660 829 3666.

275 864 318 919 do
334 863 364 920 in
380 862 475 921 lor-ma
489 862 677 921 Eucharistiae
691 862 831 919 consistat
846 861 953 917 616611-

237 970 297 1024 666
310 953 543 1026 supernaturalis
561 955 667 1015 creata,
682 955 720 1009 ad
738 954 953 1009 transsubstan-

237 1041 387 1100 tiationem
398 1044 554 1101 causaliter
562 1060 746 1106 concurrens,
757 1043 855 1106 42403
867 1045 955 1113 negat

240 1132 373 1205 qiridam,
394 1133 464 1206 quia
495 1132 783 1189 transsubstantiatio
809 1134 854 1188 est
880 1148 953 1203 opus

238 1222 414 1293 simpliciter
436 1223 657 1283 miraculosum,
682 1222 791 1288 laem
815 1222 865 1277 sed
892 1221 954 1276 baec

238 1312 339 1384 opinio
370 1314 492 1385 dcmgat
523 1312 660 1384 dignitati
690 1314 952 1374 sacramentorum,

237 1401 339 1465 42543
349 1405 378 1457 61
391 1405 536 1473 repugnat
549 1401 635 1457 dictis
653 1402 837 1462 Sanctorum,
853 1400 952 1456 424103

196 1562 202 1569 .
238 1490 359 1551 idcirco,
375 1492 555 1547 credendum
574 1492 618 1547 est
636 1491 714 1562 quod
734 1488 763 1544 16
776 1489 872 1545 666616
886 1505 953 1544 666-

238 1580 409 1636 secrationis
428 1580 504 1636 inest
517 1579 616 1651 aliqua
629 1579 722 1635 virtus
740 1596 757 1635 a
772 1579 838 1641 666,
852 1578 952 1643 42363

238 1669 330 1725 virtus
354 1672 450 1725 creata
473 1670 511 1724 66
535 1668 753 1725 conversionem
778 1666 952 1731 1661666666,

239 1760 290 1814 sed
314 1760 430 1814 tantum
454 1754 695 1819 instrumentalis,
711 1755 807 1811 4230·Ι
824 1754 866 1809 116
888 1772 953 1811 sen-

239 1847 318 1903 11661
335 1846 421 1902 multi
445 1847 578 1903 doctores
601 1844 750 1917 praecipui,
764 1846 855 1900 4256
878 1847 906 1901 61
929 1861 952 1899 s.

239 1937 290 1992 Sin
310 1936 402 1999 aliter,
418 1935 555 1992 sacerdos
573 1951 631 1991 non
650 1934 769 1991 baberet
783 1936 952 2005 potestatem

239 2025 422 2098 spiritualem
455 2024 639 2084 conticiendi,
666 2027 697 2081 et
724 2023 764 2079 116
792 2040 845 2079 666
876 2023 954 2079 ordi·

240 2132 318 2172 nem.
334 2116 426 2174 4266,
441 2118 470 2171 64
484 2112 556 2170 16166
570 2117 666 2170 essent
678 2114 766 2170 rerba
779 2114 953 2168 Sanctorum

240 2204 291 2276 qui
301 2207 472 2276 potestatem
483 2203 692 2260 sacerdotalem
703 2202 854 2265 extollunt,
864 2202 952 2258 4260.

241 2294 273 2349 16
288 2294 621 2358 transsubstantiatione,
633 2293 768 2349 sacerdos
781 2296 956 2349 estconcan·

239 2400 283 2449 sa,
300 2400 358 2439 non
377 2399 412 2439 ex
427 2382 643 2455 omnipotentie
663 2382 833 2454 indigentia,
848 2383 899 2438 sed
918 2399 953 2437 ex

241 2472 452 2535 benevolentia,
467 2472 521 2528 426
529 2473 561 2527 6.

276 2560 458 2617 Eucharistla
484 2566 528 2618 est
556 2577 649 2617 unum
679 2563 907 2620 sacramentum.
926 2563 955 2617 et

241 2666 301 2706 non
329 2650 422 2722 plura.
450 2652 504 2705 423
519 2651 560 2714 u',
586 2649 720 2721 quamvis
747 2649 807 2704 sint
833 2650 955 2705 diversae

240 2739 381 2802 materiae,
397 2740 450 2795 423
457 2740 496 2804 63
513 2739 597 2795 aliter
612 2755 669 2794 non
683 2742 779 2795 essent
788 2742 898 2811 septem
909 2755 954 2794 sa·

240 2830 400 2892 eramenta,
416 2829 466 2885 sed
482 2828 705 2889 6616364616
720 2828 774 2883 hoo
788 2844 954 2884 sacramen·

239 2919 270 2972 to
290 2920 335 2974 est
357 2917 468 2989 aliquid
489 2919 567 2990 quod
586 2921 630 2975 est
648 2920 764 2973 4661666
788 2934 955 2975 sacramen-

239 3010 314 3070 tum,
329 3006 464 3063 videlicet
478 3006 580 3062 lormoe
593 3006 796 3065 accidentales.
812 3006 911 3070 42363
927 3010 955 3062 61

239 3096 353 3168 aliquid
377 3098 455 3169 quod
478 3100 522 3153 est
547 3114 593 3154 res
615 3099 645 3153 et
667 3096 796 3167 signum,
821 3095 955 3151 videlicet

240 3203 346 3257 corpus
378 3189 407 3242 et
437 3186 558 3259 sanguis
591 3186 707 3246 Christi,
740 3186 839 3241 laac'.
873 3186 954 3241 Unde

239 3275 424 3332 Eucharistiae
446 3279 490 3332 est
515 3277 733 3331 sacramentum
758 3274 843 3331 aliter
864 3292 954 3347 quam

240 3364 409 3437 Baptismus
435 3368 464 3421 et
490 3364 549 3421 alia
577 3368 771 3425 sacramenta,
794 3365 953 3437 quomodo,

240 3454 342 3511 42363
366 3486 397 3495 -
419 3454 477 3510 1166
496 3458 714 3511 aeramentum
735 3452 844 3509 dicitur
860 3470 952 3510 arnum

240 3550 270 3602 et
289 3544 384 3617 plura,
398 3546 491 3608 1246,
508 3561 560 3615 666
573 3542 744 3599 relationem
766 3544 803 3598 ad
818 3559 910 3599 unum
926 3547 955 3600 et

240 3636 379 3691 cumdem
402 3633 522 3689 totalem
546 3634 692 3697 ellectum,
712 3633 802 3698 1240,
823 3632 891 3704 quin
916 3636 953 3689 ad

240 3740 331 3781 unam
351 3726 380 3780 et
397 3723 533 3780 eamdem
553 3720 741 3779 reiectionem
760 3722 890 3777 bominis
911 3726 955 3777 est

239 3814 420 3877 ordinatum,
439 3812 531 3867 4246.
557 3811 668 3867 Dicitur
690 3810 778 3867 etiam
803 3811 954 3884 pluraliter

239 3905 434 3963 sacramenta,
459 3904 577 3973 propter
600 3900 817 3957 remanentium
845 3902 954 3973 666616-

240 4010 307 4050 6666
324 3991 552 4053 distinctionem,
567 3993 594 4047 et
610 3993 728 4063 propter
747 3990 953 4047 distinctarum

240 4080 490 4138 consecrationem
506 4080 707 4138 materiarum.
723 4080 823 4135 42443

276 4169 502 4232 66666616116,16
513 4173 657 4241 quantum
672 4172 715 4225 est
725 4174 951 4233 sacramentum,

241 4262 330 4318 habet
352 4260 511 4316 elllcaciam
539 4259 751 4323 sanctificandi,
775 4260 868 4325 4166,
894 4276 953 4316 666

239 4350 335 4408 solum
363 4366 398 4407 er
426 4365 512 4422 opere
541 4349 697 4421 operantis,
726 4351 777 4406 sed
805 4366 839 4405 ex
868 4367 953 4421 opere

240 4443 368 4512 operato,
391 4440 479 4496 4230,
503 4470 540 4479 -
567 4439 719 4504 Quomodo
746 4439 833 4511 hujus
860 4456 954 4495 sacra·

240 4530 333 4585 meoli
365 4530 483 4585 allectus
516 4528 748 4600 quadrupliciter
775 4528 952 4585 considerari

235 4618 341 4690 possit.
367 4617 466 4673 ll3C'.
495 4648 529 4659 -
557 4617 706 4689 Quidquid
739 4616 821 4673 cibus
853 4634 953 4689 corpo·

239 4708 310 4764 ralis
329 4708 358 4763 in
378 4706 752 4780 66666666666661611616
773 4706 874 4762 anima
892 4708 953 4763 etli-

239 4798 405 4861 611,36663
425 4797 525 4859 41433
545 4796 648 4857 41363
668 4797 767 4851 4670Ι
789 4797 869 4852 Unde
897 4797 953 4852 hoc

237 4890 455 4944 sacramentum
480 4886 567 4942 babet
589 4886 748 4942 efficaciam
770 4886 951 4941 restaurandi

238 4977 267 5032 in
287 4975 389 5032 anima
411 4975 489 5047 quod
510 4974 688 5046 deperditur,
704 4974 801 5035 41103
818 4974 883 5030 1666
906 4992 949 5030 66·

237 5066 329 5121 mittit
350 5064 475 5121 venialia
503 5068 630 5136 peccata,
654 5063 749 5135 magis
771 5064 815 5119 vel
840 5064 948 5129 minus,

236 5157 347 5227 quantu
379 5152 536 5209 ferventius
568 5152 704 5213 sumitur,
733 5152 819 5217 3670,
848 5154 948 5216 41463

237 5243 372 5316 quamvis
394 5241 519 5299 venialia
542 5257 601 5297 non
630 5240 793 5313 impediant
815 5242 949 5297 ellectum

236 5330 435 5399 Eucharistiae,
467 5331 520 5387 413
533 5330 575 5397 43
607 5331 659 5388 666
690 5331 772 5387 valde
804 5329 948 5397 minuant,

1042 680 1144 736 46843
1169 682 1253 738 Tollit
1279 683 1367 741 etism
1392 690 1509 759 peccata
1533 686 1668 745 mortalia
1695 704 1752 744 non

1043 769 1183 837 contessa,
1200 774 1250 829 sed
1271 774 1368 839 oblita,
1384 776 1478 842 3676,
1497 776 1597 845 41243
1615 794 1673 834 666
1694 778 1756 835 cul-

1043 859 1348 929 666111166,412Β’61
1371 881 1393 921 s.
1406 883 1413 931 ;
1436 869 1522 939 atque
1549 866 1754 924 contritionem

1042 950 1170 1021 complet
1193 956 1244 1009 661
1266 954 1386 1025 6666614,
1408 956 1496 1021 3676,
1518 958 1608 1013 4766.
1628 988 1665 999 -
1688 957 1757 1013 Cra·

1042 1038 1114 1093 tiam
1131 1041 1181 1096 dat
1194 1042 1237 1097 vel
1254 1046 1348 1115 auget,
1365 1044 1449 1101 etsie
1465 1046 1581 1102 roborat
1594 1046 1683 1101 vitam
1699 1046 1757 1118 spi·

1043 1127 1189 1193 rimulam,
1206 1132 1286 1197 7263
1305 1133 1397 1198 3676,
1417 1135 1509 1199 4436,
1528 1136 1632 1201 leuce
1650 1137 1757 1191 daemo-

1043 1218 1160 1274 niorum
1183 1218 1421 1293 impugnationes
1440 1222 1553 1296 repellit
1576 1228 1603 1280 61
1624 1225 1755 1282 tomitem

1043 1308 1192 1371 diminuit,
1208 1310 1292 1372 7263
1308 1312 1409 1377 36763
1426 1313 1526 1377 38863
1542 1315 1620 1371 4130
1637 1318 1665 1370 61
1683 1332 1705 1370 s.
1721 1346 1757 1355 -

1043 1396 1152 1469 Pignus
1180 1398 1285 1456 iuturus
1313 1400 1422 1473 gloriae,
1452 1404 1544 1462 3966.
1573 1404 1663 1469 3946,
1693 1404 1757 1461 coell

1043 1486 1146 1557 pandit
1170 1488 1287 1551 ostium,
1308 1490 1391 1555 7263
1412 1492 1626 1557 3671341411.
1648 1524 1680 1535 -
1706 1494 1757 1549 66-

1043 1576 1141 1648 nique,
1171 1580 1287 1649 pmdest
1315 1580 1471 1638 66611666
1495 1581 1618 1655 gloriam
1643 1582 1757 1655 66666611

1043 1665 1240 1731 666166616116,
1257 1671 1414 1741 quomodo,
1430 1672 1521 1726 4146.
1537 1704 1573 1713 -
1587 1673 1658 1728 0666
1678 1672 1758 1727 Chri-

1042 1754 1089 1819 sti,
1105 1772 1199 1827 66666
1214 1760 1241 1813 et
1257 1758 1383 1815 naturali
1397 1758 1574 1832 operatione,
1590 1778 1647 1817 non
1664 1764 1760 1833 potest

1042 1860 1105 1899 6666
1121 1845 1203 1901 61666
1218 1848 1333 1909 mentis,
1350 1849 1403 1904 414
1413 1849 1453 1911 33
1469 1852 1521 1906 666
1541 1850 1656 1921 666661
1676 1850 1758 1906 16611-

1042 1934 1186 1991 tutionem
1202 1937 1230 1991 et
1249 1936 1395 1994 virtutem.
1412 1939 1511 2002 41463
1528 1939 1578 2011 qui
1594 1940 1647 2011 ipsi
1667 1940 1757 1997 miras

1043 2023 1124 2080 dedit
1147 2025 1276 2083 virtutes.
1292 2028 1393 2093 41463
1411 2029 1504 2085 4160.
1521 2030 1565 2086 46
1584 2030 1758 2087 6611666666

1044 2112 1097 2169 hos
1111 2114 1298 2177 ellectus‚uos
1314 2119 1431 2173 strenue
1446 2120 1714 2190 praeparemust'lo
1724 2124 1756 2177 Α.

1043 2232 1078 2243 -
1101 2204 1318 2260 Enumerantur
1343 2205 1499 2262 duodecim
1529 2207 1647 2263 allectus
1670 2206 1758 2281 hujus

1042 2292 1219 2349 sacramenti
1234 2308 1251 2348 a
1265 2294 1442 2366 quibusdam
1458 2296 1609 2368 assignati,
1620 2296 1713 2353 4176.

1077 2382 1182 2453 hlagna
1200 2386 1244 2437 est
1262 2382 1390 2455 dignitas
1412 2384 1500 2457 huJus
1515 2384 1757 2441 venerandissimi

1042 2471 1230 2535 sacramenti,
1256 2472 1308 2527 397
1318 2472 1348 2527 6.
1374 2473 1497 2535 Etenim,
1527 2474 1580 2529 sub
1609 2474 1759 2546 speciebus

1044 2560 1128 2632 panis
1149 2562 1178 2615 64
1200 2560 1269 2623 vini,
1287 2565 1349 2632 post
1369 2562 1627 2626 consecrationem,
1645 2580 1703 2619 non
1724 2580 1759 2621 ex

1042 2649 1069 2703 vi
1099 2649 1304 2711 conversionis,
1334 2651 1384 2706 scd
1414 2650 1653 2717 concomitanter,
1683 2655 1760 2708 totus

1043 2738 1173 2795 Christus
1196 2738 1370 2801 continetur,
1390 2740 1459 2803 640,
1475 2742 1550 2804 666,
1566 2742 1647 2805 7163
1668 2742 1758 2804 3660,

1042 2827 1129 2883 auec·
1145 2831 1172 2883 61
1185 2845 1219 2891 6.,
1235 2828 1337 2893 46663
1353 2830 1445 2889 4624,
1462 2846 1567 2901 666666
1581 2831 1687 2887 Christi
1702 2831 1761 2887 exi·

1044 2918 1103 2973 mie
1122 2920 1256 2974 sanctum
1279 2921 1307 2972 et
1325 2936 1342 2975 a
1357 2918 1466 2989 Spiritu
1485 2917 1654 2985 lor-matum,
1667 2922 1757 2983 4626,

1044 3007 1140 3079 primo
1163 3006 1283 3063 instanti
1308 3007 1417 3064 animae
1441 3008 1642 3081 conjunctum,
1667 3011 1757 3076 4620,

1044 3096 1105 3150 imo
1118 3100 1146 3153 et
1161 3096 1340 3168 hypostatice
1355 3098 1449 3154 Verbo
1471 3098 1651 3170 copulatum,
1666 3100 1757 3165 4626,

1043 3189 1071 3241 61
1088 3185 1236 3249 indirecte,
1254 3185 1337 3243 Verbi
1353 3202 1476 3258 persona
1496 3186 1648 3260 dignitatis
1661 3188 1759 3244 16661-

1043 3277 1090 3332 tae.
1115 3275 1215 3335 462113
1240 3274 1281 3330 116
1304 3278 1336 3331 61
1364 3276 1427 3347 1666
1454 3276 1558 3332 Christi
1589 3276 1759 3333 humanitas

1043 3364 1139 3420 carior
1158 3364 1196 3419 sit
1214 3365 1271 3420 666
1289 3368 1318 3421 61
1337 3364 1454 3437 dignior
1472 3370 1532 3421 toto
1555 3366 1672 3424 residuo
1694 3366 1758 3422 uni·
1830 3372 1840 3381 '

1042 3469 1135 3515 verso,
1151 3453 1356 3514 3976462113
1369 3454 1449 3509 11666
1465 3454 1560 3527 angeli
1576 3459 1693 3528 stupent
1709 3472 1760 3512 no-

1042 3547 1134 3597 stram
1150 3541 1356 3597 exaltationem
1373 3543 1760 3607 616616661166666,766,64

1043 3630 1171 3703 amplius
1192 3632 1401 3702 obstupescunt
1416 3632 1566 3689 caritatem
1583 3635 1642 3697 661,
1658 3635 1757 3700 43703

1043 3737 1101 3777 666
1123 3720 1222 3776 minus
1237 3722 1393 3777 adorantes
1407 3720 1596 3794 Unigenitum
1616 3723 1645 3778 iu
1667 3724 1760 3780 mani-

1043 3812 1098 3866 bus
1112 3810 1279 3871 sacerdotis,
1296 3826 1384 3881 quam
1407 3810 1434 3865 in
1458 3811 1525 3867 sinu
1542 3812 1756 3875 6616163676.

1044 3901 1082 3955 66
1100 3900 1153 3955 bac
1169 3898 1367 3955 inestimabili
1383 3898 1503 3957 caritate
1521 3901 1570 3957 661
1592 3903 1706 3968 66666,
1723 3904 1759 3959 66

1042 3990 1096 4045 bac
1129 3988 1299 4060 dignatione
1327 3991 1356 4045 et
1385 3988 1585 4045 munillceutlu
1616 3990 1763 4065 mirentur¹

1043 4094 1152 4139 omncs,
1171 4080 1224 4135 367
1233 4080 1273 4134 63

1078 4170 1302 4225 Sacramentum
1328 4168 1557 4235 abditissimum,
1581 4170 1610 4225 in
1634 4188 1691 4243 quo
1716 4171 1759 4227 in-

1043 4260 1204 4315 cluduntur
1227 4258 1286 4315 6116
1309 4258 1413 4314 Christi
1439 4259 1706 4331 66661664638503
1731 4266 1760 4319 61
1824 4282 1830 4294 ·

1042 4351 1163 4420 6666661
1179 4348 1374 4419 plurimorum
1398 4349 1759 4423 eminentissimorumque

1042 4436 1193 4509 congeries
1217 4437 1408 4501 mirabilium,
1425 4438 1511 4493 3830.
1534 4440 1681 4497 616661666
1705 4441 1759 4497 hoc

1043 4526 1214 4598 mysterium
1231 4526 1296 4582 6661
1313 4526 1592 4599 periculosissimum
1608 4531 1757 4597 66143611,

1042 4616 1103 4671 ll'et
1117 4634 1150 4678 s.,
1168 4614 1295 4671 manime
1311 4614 1519 4679 6611166116,134
1532 4620 1550 4671 Α
1568 4622 1595 4673 et
1609 4620 1758 4691 6.;611666

1042 4709 1141 4759 tamon
1157 4703 1295 4761 scrutatio
1311 4706 1524 4761 credendorum
1545 4708 1696 4764 moderata
1715 4712 1758 4765 est

1041 4793 1206 4853 laudabilis.
1227 4794 1323 4858 43603
1346 4794 1444 4849 4316Ι
1465 4796 1561 4859 Quium
1586 4814 1654 4868 ergo
1678 4814 1756 4869 666-

1043 4885 1111 4939 darn
1132 4882 1228 4954 primo
1247 4884 1385 4953 adspectu
1407 4884 1588 4941 incredibilia
1609 4885 1754 4953 videntur,

1041 4988 1108 5044 quaa
1122 4988 1189 5028 cum
1206 4971 1266 5028 suis
1281 4974 1463 5044 argumentis
1478 4978 1619 5045 apparent
1628 4976 1756 5033 rationu·

1041 5062 1120 5125 bilia,
1136 5062 1186 5117 431
1198 5063 1235 5123 03
1247 5064 1425 5135 perpendere
1441 5066 1552 5135 oportet
1569 5067 1646 5136 quod
1662 5066 1756 5122 omni·

1041 5150 1169 5223 potentia
1185 5151 1284 5206 divina
1303 5168 1488 5223 nequaquam
1510 5154 1547 5207 ad
1563 5153 1641 5210 hune
1655 5172 1754 5211 rerum

1040 5240 1173 5295 ordinem
1190 5243 1218 5295 et
1233 5240 1326 5311 legem
1342 5244 1479 5307 arctatur,
1488 5242 1581 5307 4334,
1597 5244 1674 5314 quod
1690 5244 1755 5299 nul·

1040 5330 1216 5387 1666666166
1228 5333 1491 5403 661661666616616
1506 5332 1753 5403 admirabilitatis,
