4309 6259
462 456 520 519 270
781 470 821 518 os
841 469 989 518 rsssrorrn
1011 468 1117 517 norcuu
1140 465 1325 514 sscvarorus
1347 466 1505 513 ciaconus.
1529 485 1570 494 -
1590 466 1659 512 aar.
1684 465 1693 511 r

462 640 644 724 aliqualiter
666 642 758 725 capio
784 667 791 705 ε
817 644 856 705 de
879 659 943 724 quo
966 640 1093 724 plenius
1116 638 1213 701 infor-
1227 638 1252 699 Α
1268 638 1502 720 impenderunt.
1524 637 1644 713 Quanta
1663 637 1702 700 de
1721 638 1860 713 Socrate,
1876 633 1993 717 Platone,

463 740 544 803 mari
566 740 723 804 desidero.
1271 736 1408 819 Diogene
1419 743 1451 798 et
1464 734 1680 799 consimilibus
1692 736 1995 813 recitanturlqnomm
2104 762 2105 809 3

329 860 398 915 apoc.
418 870 449 909 ιι,
505 839 676 905 Saavsroa.
692 837 856 901 -Nescis
876 839 959 918 quod
980 837 1123 919 tepidum
1141 854 1214 898 evo·
1269 833 1432 915 diligentia
1451 832 1615 910 naturalis,
1633 831 1722 895 labor
1741 832 1898 909 assiduus,
1918 832 1996 913 parsi
2104 872 2105 883 ι

314 926 362 1029 ᾗ,
378 998 450 1035 Μ
465 955 530 1015 mo,
545 936 758 1017 negligentem
780 935 946 1013 maledico,
969 934 1137 997 remissum
1159 932 1213 995 ab
1268 932 1376 995 monia
1393 932 1657 1009 victuS,n0stram
1681 930 1996 1010 camelitatemmegli-
2104 1008 2105 1017 ἦ

316 1051 349 1091 10.
443 1034 561 1117 ·jici0l
577 1035 623 1096 'fu
644 1053 719 1117 ergo
740 1043 881 1115 teporem
902 1041 992 1095 tuum
1014 1051 1137 1109 evome,
1159 1050 1213 1093 ne·
1267 1029 1408 1111 gentiam
1431 1048 1467 1091 ac
1492 1036 1633 1110 teporem
1655 1028 1861 1091 vehementer
1886 1027 1995 1089 confnn-
2104 1082 2105 1099 ι

464 1132 650 1214 gligentiam
685 1140 772 1195 tuam
806 1133 941 1213 depone,
973 1139 1121 1193 conatum
1156 1128 1212 1190 tibi
1268 1127 1324 1189 dit.
1341 1127 1380 1189 Et
1402 1145 1488 1189 nunc
1513 1126 1643 1188 adverto
1667 1144 1763 1206 quam
1788 1124 1956 1188 affectuose
1972 1136 1994 1187 et
2104 1126 2105 1195 i

350 1253 381 1296 ιι.
392 1267 407 1302 ι,
416 1255 449 1295 aa.
465 1230 647 1312 possibilem
669 1230 804 1304 adhihe;
822 1238 852 1291 et
874 1228 960 1306 veni,
977 1236 1008 1290 et
1029 1246 1126 1309 argue
1147 1245 1210 1303 me,
1269 1225 1443 1287 clamorose
1456 1242 1512 1306 pro
1527 1222 1652 1285 modica
1664 1223 1867 1305 eleemosyna
1882 1223 1994 1303 rogitent

465 1328 493 1390 si
521 1347 585 1392 non
615 1327 781 1410 aperuero
801 1327 859 1389 tihi
889 1334 1062 1389 cataractas
1091 1324 1213 1386 miseri·
1268 1322 1407 1403 quotidie
1436 1311 1546 1404 inopes
1576 1320 1677 1383 multi.
1703 1321 1836 1403 Insuper
1865 1321 1952 1383 Judei
1972 1330 1995 1383 et

465 1426 579 1490 cordiae
607 1446 696 1505 meae,
726 1433 758 1488 et
789 1425 983 1488 instillavero
1016 1424 1071 1487 tihi
1106 1422 1212 1504 gratiae
1268 1420 1432 1483 Sarraceni
1446 1417 1567 1481 adonis
1581 1419 1690 1500 gratiae
1705 1419 1812 1497 alieni,
1831 1419 1896 1482 imo
1908 1420 1993 1499 plures

465 1543 580 1603 rorem,
615 1523 754 1589 caritatis
790 1524 959 1603 fervorem,
993 1522 1093 1586 divini
1129 1520 1212 1602 ignis
1268 1518 1451 1599 idololatra,
1473 1536 1580 1581 nonne
1600 1517 1632 1578 in
1654 1516 1826 1580 sacrificiis
1852 1526 1884 1579 et
1901 1517 1995 1579 oratio

465 1623 630 1686 scintillas.
1268 1616 1362 1679 nibus
1382 1616 1449 1679 suis
1463 1614 1606 1696 quotidie
1620 1624 1762 1697 gemunt,
1778 1615 1904 1698 plorant
1915 1614 1995 1697 pluri·

427 1719 435 1736 ⁶
505 1722 675 1787 Saavarus.
691 1719 819 1795 -Quis
840 1727 944 1803 potest
959 1727 1099 1802 teporem
1114 1718 1213 1799 negli-
1268 1734 1419 1796 mumque
1444 1713 1594 1777 exhibent
1618 1713 1878 1795 labyrinthum*t
1900 1714 1995 1775 Recolo
2010 1726 2105 1789 ·„·,„1,‘

464 1820 667 1902 gentiamque
696 1820 867 1902 deponere,
898 1818 960 1880 nisi
988 1825 1166 1900 preventus
1194 1836 1212 1879 a
1230 1820 1254 1881 B
1268 1831 1404 1895 quoque,
1417 1812 1501 1893 quod
1517 1811 1621 1894 primo
1640 1811 1680 1874 de
1694 1811 1827 1874 Civitate
1842 1811 1896 1874 Dei
1911 1814 1995 1893 Augu-
2006 1809 2087 1913 *m*

463 1926 495 1981 te
516 1918 677 2000 gratiosel
1269 1912 1370 1974 stinus
1395 1911 1517 1991 recitat,
1543 1909 1777 1973 Cleombrotum
1806 1910 1994 1986 Platonicum,

505 2017 677 2081 Sacvaroa.
694 2015 871 2093 -Nonne,
889 2015 956 2078 sine
975 2012 1076 2095 gratia
1089 2023 1213 2095 gratum
1267 2029 1364 2092 quum
1381 2010 1497 2073 libmm
1508 2009 1678 2089 quemdam
1694 2008 1830 2071 Platonis
1846 2008 1996 2090 legeretis

465 2113 614 2192 faciente,
638 2121 743 2195 potest
766 2114 863 2177 homo
886 2112 991 2175 facere
1015 2112 1099 2193 quod
1123 2111 1155 2172 in
1180 2129 1214 2173 se
1267 2128 1330 2190 quo
1353 2109 1392 2171 de
1416 2108 1545 2170 alterius
1568 2107 1639 2169 vite
1661 2115 1774 2170 tractat
1793 2106 1939 2170 felicitate
1955 2108 1996 2187 (de

465 2214 532 2275 estl
546 2212 706 2292 Ensistens
721 2230 847 2292 qnoque
861 2210 894 2273 in
910 2210 1037 2274 caritate
1051 2216 1083 2273 et
1101 2208 1211 2291 gratia,
1267 2226 1330 2289 qua
1344 2208 1484 2289 disputat
1503 2206 1536 2267 in
1556 2206 1735 2287 Phaedone),
1752 2206 1959 2290 precipitasse
1970 2225 1997 2267 se

466 2317 570 2391 potest
589 2317 621 2372 et
645 2310 740 2372 dehet
763 2328 796 2371 se
817 2308 856 2371 ad
877 2307 1016 2373 caritatis
1035 2308 1213 2390 profectum
1268 2307 1373 2388 ipsum
1396 2305 1429 2367 in
1454 2313 1587 2368 mortem
1612 2304 1770 2367 desiderio
1793 2303 1950 2367 felicitatis
1969 2304 1998 2365 il·

465 2408 645 2493 disponere,
663 2408 747 2489 quod
762 2407 795 2468 in
811 2426 844 2469 se
859 2415 908 2469 cst
921 2405 1077 2483 faciendo,
1094 2405 1214 2485 absque
1269 2405 1331 2468 lius
1359 2429 1366 2467 :
1393 2410 1510 2485 quanto
1535 2403 1637 2483 magis
1661 2421 1719 2466 nos
1744 2402 1922 2483 Christiani,
1943 2402 1997 2463 fide

464 2507 681 2589 praeventione
696 2514 727 2569 et
741 2504 969 2588 praeinfusione
990 2504 1121 2567 alterius
1136 2503 1215 2565 cari·
1269 2503 1382 2585 adjuti,
1395 2501 1549 2582 exemplis
1564 2501 1751 2564 Sanctorum
1766 2500 1999 2579 instructi,Scri-

465 2605 538 2669 tatis
563 2624 620 2667 seu
640 2604 750 2686 gratiae
771 2603 954 2667 habitualis
975 2603 1054 2665 Vide
1078 2602 1214 2682 qualiter
1267 2602 1368 2683 pluris
1390 2600 1554 2681 admoniti,
1572 2599 1836 2682 inspirationibus
1863 2598 1998 2681 angelicis

464 2702 609 2767 criminis
631 2704 677 2766 rei
700 2722 718 2765 a
739 2702 846 2783 judice
867 2700 1055 2783 deprehensi
1079 2700 1213 2782 ejusque
1267 2698 1535 2779 instinctibusque
1557 2698 1676 2761 divinis
1696 2697 1788 2761 toties
1809 2699 1940 2777 excitati,
1954 2706 1999 2759 aut

463 2801 674 2865 tribunalibus
695 2801 889 2884 presentati,
906 2806 1017 2881 rogent
1037 2798 1164 2875 dimitti,
1186 2798 1213 2860 si
1267 2798 1362 2860 etiam
1377 2796 1469 2860 donis
1482 2796 1590 2877 gratie
1604 2804 1728 2877 gratum
1742 2795 1901 2874 facientis,
1908 2814 1999 2877 quam-

463 2900 603 2985 aliquam
628 2918 716 2981 spem
742 2898 896 2961 evadendi
917 2898 1065 2975 habeant,
1082 2904 1135 2958 aut
1156 2914 1214 2978 pro
1267 2896 1316 2958 vis
1340 2896 1443 2957 adhuc
1464 2893 1672 2975 imperfectis,
1694 2893 1834 2973 formati,
1850 2913 1998 2977 possemus

463 3005 565 3060 morta
594 2997 716 3077 leviori,
742 2996 769 3058 si
799 3015 856 3077 spe
884 2995 1043 3059 evasionis
1072 3002 1210 3057 careant.
1232 2999 1304 3062 Cac
1325 2993 1439 3056 merito
1454 2994 1642 3057 deberemus
1662 3012 1720 3076 pro
1742 2993 1927 3057 remissione
1944 2991 1999 3054 cul-

463 3095 572 3158 Cemis
590 3094 725 3176 qualiter
746 3113 780 3157 se
800 3102 1011 3176 prosternant,
1033 3112 1137 3175 genua
1156 3092 1214 3154 fle-
1268 3112 1392 3176 parum,
1409 3110 1466 3174 pro
1488 3091 1638 3155 evasione
1652 3091 1858 3154 infernalium
1873 3090 1998 3154 miseria-

464 3200 571 3277 ctant3
597 3211 693 3274 qnam
722 3192 883 3272 flebiliter,
913 3210 1008 3272 quam
1037 3190 1212 3269 humiliter,
1268 3211 1349 3270 rum,
1374 3209 1432 3273 pro
1455 3190 1556 3271 gratia
1578 3188 1776 3271 etprofectu
1797 3190 1830 3252 in
1852 3188 1997 3273 presenti,

464 3310 559 3372 quam
574 3298 777 3372 compuncte,
787 3309 883 3372 quam
899 3289 1078 3367 recollecto,
1090 3289 1213 3369 integro
1267 3306 1325 3371 pro
1350 3288 1544 3370 sempiterna
1567 3287 1669 3369 gloria
1691 3288 1724 3349 in
1747 3286 1864 3366 futuro,
1889 3292 1997 3363 verum,

464 3388 704 3470 affectuosoque
725 3389 820 3451 corde
841 3388 966 3451 veniam
989 3388 1210 3470 deprecentur.
1267 3406 1427 3449 summum
1458 3385 1775 3467 omnipotentemque
1802 3386 1910 3464 Deum,
1936 3403 1999 3447 cum

464 3486 495 3548 Sl
510 3487 606 3551 homo
625 3506 662 3549 ex
683 3486 817 3549 naturali
838 3486 1010 3568 corporalis
1029 3495 1123 3568 atque
1143 3486 1213 3548 hre-
1267 3484 1535 3548 affectuosissimo
1564 3485 1670 3564 corde,
1693 3484 1884 3564 humillime,
1909 3485 1999 3546 inten-

462 3585 601 3649 vissimae
616 3584 725 3648 mortis
739 3584 869 3648 horrore
889 3604 926 3647 ac
941 3585 1126 3668 temporalis
1141 3584 1212 3647 vite
1267 3584 1403 3663 sissimo,
1413 3582 1571 3646 indefesse
1586 3592 1617 3646 et
1631 3584 1829 3647 incessanter
1843 3584 1998 3647 invocaret

462 3701 580 3766 amore,
602 3689 706 3765 potest
726 3682 831 3745 taliter
850 3682 1013 3746 hominem
1034 3681 1180 3763 flagitare
1202 3705 1208 3743 :
1307 3682 1478 3744 Saevarorr.
1494 3682 1643 3745 —Recte
1665 3681 1860 3745 consideras.
1876 3681 1924 3744 Sic
1938 3697 1997 3760 age,

463 3780 597 3863 qualiter
613 3778 757 3843 offensor
770 3779 1004 3862 ditissimi,qni
1021 3779 1113 3843 toties
1129 3798 1212 3842 mor·
1267 3788 1300 3841 et
1322 3780 1432 3856 vives,
1457 3779 1504 3842 sic
1527 3798 1593 3857 ora,
1618 3787 1650 3841 et
1674 3778 1862 3842 exaudieris.
1888 3779 1931 3841 lta
1951 3777 1999 3838 hu

462 3886 528 3941 tem
555 3878 673 3941 memit
700 3878 893 3957 aeternalem,
918 3886 1023 3960 potest
1050 3887 1082 3942 et
1105 3879 1209 3959 debet,
1267 3876 1356 3939 milia
1370 3886 1453 3957 te‚et
1465 3878 1615 3960 deinceps
1629 3877 1731 3959 gratie
1745 3876 1809 3940 cito
1824 3875 1997 3960 repleberis;

463 3996 501 4038 ex
522 3975 588 4039 fide
610 3975 721 4038 saltem
742 3975 872 4039 informi
893 3983 925 4039 et
947 3976 1083 4038 naturali
1104 3994 1213 4058 poena·
1268 3976 1311 4037 ita
1334 3983 1364 4039 te
1389 3975 1514 4059 applica
1539 3976 1603 4039 Deo
1626 3984 1658 4039 et
1680 3976 1809 4054 accede,
1835 3984 1865 4037 et
1886 3974 2000 4037 inflam-

462 4094 533 4138 rum
562 4074 734 4137 formidine
764 4082 951 4156 aetemaeque
984 4074 1094 4156 gloriae
1125 4075 1213 4157 cupi·
1266 4080 1370 4135 matus
1385 4073 1514 4136 redibis.
1527 4073 1593 4135 Irno
1607 4081 1671 4135 tam
1686 4072 1824 4154 gratiose
1838 4080 1869 4135 et
1882 4071 1998 4153 copiose

462 4173 550 4251 dine,
573 4172 674 4253 magis
699 4180 804 4235 autem
833 4192 872 4235 ex
897 4172 1036 4251 caritate,
1065 4173 1250 4253 quamvisD
1267 4171 1401 4253 replebit
1415 4179 1446 4233 te
1468 4170 1596 4233 infinita
1610 4170 1833 4233 munificentia
1846 4168 1998 4242 Creatods,

462 4271 566 4335 adhuc
580 4269 778 4353 imperfecta,
794 4279 826 4333 et
847 4272 913 4334 fide
935 4268 1081 4350 formata,
1098 4290 1212 4354 coope-
1266 4269 1529 4332 aestuantissimus
1553 4279 1585 4332 et
1608 4268 1906 4351 superdulcissimus
1927 4264 1999 4348 ignis

463 4370 606 4434 rantibus
630 4370 828 4433 naturalibus
856 4369 976 4432 viribus
1004 4378 1099 4452 atque
1121 4370 1212 4433 indu·
1266 4367 1402 4449 Spiritus
1427 4367 1546 4448 Sancti,
1572 4370 1656 4449 quod
1686 4387 1758 4430 cum
1783 4367 1934 4450 Propheta
1959 4382 2000 4425 re

463 4467 561 4550 striis,
577 4468 726 4532 invocare
740 4468 995 4550 Omnipotentem
1011 4488 1085 4530 cum
1099 4469 1211 4549 grandi
1265 4466 1355 4529 diens
1377 4466 1463 4529 dices
1481 4490 1488 4528 ε
1505 4466 1617 4529 Factus
1636 4486 1707 4528 sum
1725 4466 1817 4548 quasi
1836 4466 1883 4527 vir
1902 4461 1998 4527 ebrius
2018 4488 2096 4532 aaa

462 4574 578 4629 conatu
606 4575 638 4629 et
662 4566 782 4629 affectu
805 4586 842 4629 ac
871 4567 966 4629 corde
995 4565 1129 4647 intento,
1153 4585 1210 4648 pro
1265 4575 1296 4628 et
1317 4565 1406 4647 quasi
1428 4566 1523 4629 homo
1539 4565 1683 4629 madidus
1698 4584 1716 4627 a
1730 4558 2025 4645 vino,afaciello⁹·

462 4672 587 4728 eterne
611 4665 822 4728 damnationis
843 4665 1003 4744 evasione,
1023 4684 1081 4747 pro
1103 4684 1211 4746 super·
1265 4663 1344 4726 mini
1361 4673 1425 4727 eta
1444 4663 1526 4727 facie
1545 4664 1714 4727 verborum
1737 4673 1916 4728 sanctorum
1930 4658 1998 4742 ipsi·

462 4763 599 4826 naturali
628 4763 790 4845 opulentia
822 4764 1005 4827 divinorum
1040 4764 1212 4827 charisma·
1264 4763 1444 4825 us.lntcrea
1458 4762 1695 4825 exuberantiam
1710 4760 1919 4826 influxionem
1934 4758 2000 4821 cha-

462 4870 542 4941 tum,
568 4879 627 4943 pro
652 4859 804 4924 felicitate
828 4870 980 4944 perpetua
1007 4869 1101 4943 atque
1125 4881 1211 4925 com·
1264 4862 1428 4925 rismatum
1475 4880 1696 4943 supremorum,
1742 4858 1998 4925 illuminationum

462 4962 570 5045 pletal
1264 4960 1461 5043 splendores,
1487 4958 1776 5024 inflammationum
1801 4960 1937 5038 ardores,
1958 4954 1999 5017 vi·

503 5061 672 5123 Sacvarus.
688 5058 960 5122 —Contradicere
980 5077 1114 5141 nequeo.
1132 5057 1208 5122 Nam
1265 5059 1446 5122 sitationum
1464 5058 1705 5141 purissimorum
1719 5058 1928 5139 frequentiam
1942 5052 1998 5117 fer-

462 5167 494 5222 et
504 5157 686 5241 philosophi
701 5175 759 5240 pro
770 5156 904 5219 naturali
919 5157 1050 5220 scientia
1062 5157 1210 5240 politicis·
1264 5178 1297 5221 re
1319 5177 1383 5221 non
1405 5156 1526 5235 valens,
1547 5156 1700 5221 clamabis
1721 5157 1824 5221 datori
1840 5182 1846 5219 :
1862 5154 1996 5229 Domine,

462 5255 707 5343 quevirtutihns
722 5253 935 5339 adipiscendis
949 5256 1063 5318 miram
1078 5274 1207 5338 operam
1263 5256 1437 5334 moderare,
1464 5254 1594 5318 contine
1616 5255 1717 5318 undas
1740 5256 1848 5339 gratiae
1869 5262 1948 5333 tues
1971 5256 1999 5313 et
