4309 6259
447 482 504 549 {68
772 502 811 549 oft
832 500 922 549 oculs
944 500 1079 548 salerius
1102 498 1218 556 sallom,
1241 499 1416 545 moranus
1438 500 1460 545 1.
1481 519 1523 529 -
1543 501 1614 546 ΛΒΤ.
1636 502 1670 547 11

444 673 529 753 quod
552 672 631 735 facit
652 674 773 744 timor,·
792 693 810 736 a
831 672 962 751 malitia,
984 672 1067 753 quod
1091 669 1193 734 efficit
1206 671 1233 734 Α
1246 670 1394 734 timorem
1415 672 1641 754 periculorum,
1665 674 1749 755 quod
1774 672 1878 735 elficit
1895 674 1993 753 sorti-

439 772 571 849 pietas,·
599 772 638 834 ab
652 772 839 854 ignorantia,
855 772 939 853 quod
954 770 1019 852 agit
1032 772 1193 838 scientia·
1247 773 1335 839 tado,
1356 789 1451 851 quam
1474 780 1585 833 contra
1606 770 1823 834 blandimenta
1843 770 1993 852 concupi-

444 877 475 931 et
501 869 541 932 ab
568 870 763 948 infirmitate,
784 870 867 951 quod
889 868 991 931 efficit
1014 870 1190 945 fortitudo.
1246 868 1451 947 scentiarum,
1473 869 1558 949 quod
1585 869 1689 932 officit
1711 872 1833 939 timon
1854 868 1993 931 secundo

443 967 616 1031 illuminari
635 988 760 1050 quoque
782 987 912 1049 egemus
926 968 959 1029 in
975 966 1124 1049 operibus
1145 983 1193 1027 re·
1245 974 1399 1045 quantum
1413 968 1452 1029 ad
1467 967 1557 1046 alios,
1568 969 1652 1049 quod
1667 968 1773 1031 efficit
1785 968 1993 1044 pictaellona

443 1064 1193 1149 paratiorishumanae,quodfitpercoasiiiam;
1246 1083 1320 1145 ergo
1349 1066 1522 1128 extendunt
1546 1086 1580 1128 se
1606 1068 1644 1129 ad
1670 1067 1776 1129 omnia
1801 1068 1840 1130 ad
1864 1085 1937 1147 quaa
1961 1084 1992 1127 se

443 1164 530 1226 etin
554 1164 677 1227 actibus
701 1163 891 1227 conditionis
914 1162 1081 1245 primariae,
1107 1160 1191 1241 quod
1246 1162 1379 1225 virtutes
1405 1163 1637 1227 intellectuales
1666 1184 1703 1228 ao
1728 1165 1865 1228 morales
1889 1172 1995 1225 exten-

444 1261 483 1324 fit
507 1281 563 1344 per
587 1264 796 1323 intellectum.
823 1259 937 1324 Perfici
962 1278 1037 1323 vero
1061 1277 1192 1341 egemus
1245 1258 1334 1320 dunt.
1351 1258 1422 1321 llaec
1438 1267 1485 1320 est
1499 1260 1720 1323 determinatio
1735 1260 1863 1323 Thomae
1878 1259 1913 1321 in
1934 1260 1993 1341 pri-

443 1378 500 1441 per
513 1378 676 1422 accessum
692 1359 731 1421 ad
747 1376 906 1421 summum
929 1357 1047 1420 bonum
1067 1376 1104 1419 ae
1120 1356 1191 1418 ulti·
1245 1375 1297 1418 ma
1312 1357 1649 1437 secundae,quaestione
1664 1358 1857 1440 sexagesima
1868 1366 1989 1420 octava.
2004 1390 2033 1426 „t
2048 1389 2064 1427 ι,

443 1475 530 1519 mum
545 1456 657 1536 finem,
673 1457 757 1537 qued
773 1456 811 1517 fit
824 1475 881 1538 per
895 1456 1101 1533 sapientiam.
1286 1455 1509 1518 Verumtamen
1533 1455 1605 1518 huic
1628 1456 1793 1519 sententie
1814 1475 1991 1538 repugnare

481 1555 837 1637 Quatuorigitnrdona,
854 1553 1001 1616 videlicet
1022 1551 1188 1634 sapientia,
1245 1553 1394 1616 videntur
1417 1573 1487 1634 quae
1511 1554 1596 1617 idem
1620 1554 1690 1637 ipse
1714 1555 1748 1617 in
1777 1556 1918 1618 secunda
1947 1574 1993 1616 se-

441 1652 974 1731 intellectuS,consilium,scieutia,
991 1650 1190 1713 intellectum
1246 1651 1368 1728 cundae,
1399 1652 1572 1731 quaestione
1607 1660 1730 1731 octava,
1760 1652 1894 1715 inducit.
1925 1652 2063 1715 illiceto.

440 1750 630 1832 perficiunt;
660 1750 722 1813 alia
757 1749 816 1811 tria
848 1748 1012 1811 affectum.
1048 1748 1189 1828 Suntque
1245 1749 1329 1812 enim
1352 1748 1398 1811 sic
1420 1749 1503 1813 inter
1524 1751 1607 1813 dona
1628 1750 1806 1832 distinguit,
1821 1751 1908 1831 quod
1926 1754 1994 1828 sor-

440 1848 531 1930 plura
551 1849 591 1911 ad
615 1848 813 1911 intellectum
838 1847 1024 1929 spectantia,
1045 1864 1084 1908 eo
1105 1845 1188 1926 quod
1207 1841 1230 1902 Β
1246 1848 1478 1923 titudo,pietas
1493 1855 1586 1929 atque
1602 1850 1699 1909 timor
1715 1848 1746 1910 in
1761 1848 1906 1931 appetitu
1921 1867 1995 1911 eon-

439 1946 547 2008 lumen
575 1944 764 2027 cognitionis
797 1944 961 2027 potissime
989 1942 1116 2025 expedit
1146 1942 1188 2005 ad
1245 1944 1380 2022 sistunt3
1397 1945 1459 2007 alia
1474 1953 1609 2026 quatuor
1624 1946 1657 2008 iu
1673 1946 1838 2009 intellectu
1854 1971 1862 2008 ι
1880 1955 1913 2008 et
1926 1947 1993 2009 haec

440 2051 526 2106 reete
541 2043 711 2125 agendum.
1244 2050 1381 2122 quatuor
1398 2044 1438 2105 ad
1459 2044 1732 2125 supernaturalem
1754 2044 1831 2107 fidei
1846 2045 1992 2107 notitiam

1245 2140 1440 2204 ordinantur.
1464 2142 1554 2204 fides
1576 2151 1681 2205 autem
1704 2142 1925 2226 principaliter
1947 2150 1994 2205 cst

1245 2240 1284 2302 de
1303 2239 1465 2318 Creatore3
1487 2241 1675 2304 secundario
1699 2260 1774 2305 vero
1799 2243 1839 2304 de
1861 2242 1994 2323 quibus·

648 2303 894 2369 ARTICULUS
918 2304 978 2366 XI·
1244 2337 1316 2400 dam
1342 2338 1494 2399 creaturis
1519 2347 1612 2419 prout
1636 2340 1817 2402 referuntur
1842 2360 1880 2403 ao
1910 2340 1995 2404 ordi-

438 2454 486 2512 De
508 2471 643 2511 numero
666 2460 696 2510 et
718 2452 930 2510 distinetione
950 2452 1112 2509 canoram
1138 2450 1189 2508 in·
1244 2442 1360 2497 uantur
1380 2435 1420 2496 fid
1442 2436 1561 2513 Deum?
1578 2444 1609 2499 θῑ
1630 2436 1779 2518 q¹¹⁰¹¹i⁸ffl
1800 2436 1897 2515 fides,
1914 2446 1993 2500 10⁵¹&
2008 2459 2107 2503 camsi

479 2548 530 2599 ter
548 2543 785 2608 sesecundum
807 2540 1020 2599 traditionem
1039 2539 1189 2599 Doctort's
1243 2533 1405 2613 Apostolo‚
1415 2553 1472 2615 per
1486 2533 1688 2597 dilectionem
1703 2543 1862 2616 operatur,
1872 2535 1994 2599 idcirco

478 2630 592 2690 sancti.
1244 2630 1336 2693 tertio
1359 2632 1486 2712 respicit
1507 2631 1589 2695 fides
1610 2640 1699 2695 aetus
1720 2634 1878 2697 humanos
1900 2641 1995 2716 prout

1243 2728 1282 2790 ad
1298 2728 1446 2791 ultimum
1463 2730 1562 2792 finem
1582 2731 1770 2812 perducunt.
1786 2732 1896 2813 ltaque
1910 2732 1994 2795 fides

510 2824 652 2888 UONlAlll
676 2825 773 2907 igitur
797 2826 880 2889 dona
908 2824 1057 2887 efficiunt
1086 2823 1187 2886 homi·
1243 2826 1416 2908 dupliciter
1437 2827 1557 2909 indiget
1578 2829 1702 2911 perfici.
1726 2829 1831 2894 Primo
1854 2850 1911 2911 per
1932 2832 1994 2894 hoc

440 2822 595 3023 Onam
611 2924 731 3007 optimc
746 2923 897 2986 mobilem
912 2922 952 2985 ab
975 2921 1100 2984 influxu
1117 2921 1186 3003 Spi-
1243 2925 1328 3005 quod
1357 2926 1525 3005 credenda,
1552 2927 1687 3009 limpido
1712 2930 1850 3009 quodam
1875 2930 1993 2991 mentis

437 3019 516 3083 ritus
531 3020 650 3099 Sancti,
668 3021 711 3083 ita
733 3028 767 3082 ut
788 3021 892 3083 dicere
913 3028 1008 3101 queat
1029 3038 1103 3081 eum
1118 3018 1224 3087 viroC
1245 3023 1360 3085 iutuitu
1382 3023 1614 3105 perspiciantur
1639 3045 1695 3088 seu
1719 3034 1928 3109 penetrentur
1949 3036 1995 3090 at-

326 3154 345 3183 ι.
360 3153 422 3191 ιιιιι,
437 3125 558 3195 sancto,
575 3119 612 3180 Ut
632 3118 812 3200 jumentum
828 3118 930 3180 factus
946 3136 1015 3179 sum
1038 3117 1123 3199 apud
1142 3124 1185 3195 te,
1243 3139 1304 3202 que
1333 3120 1492 3183 subtiliter
1520 3123 1810 3204 apprehendantur,
1835 3126 1880 3187 ita
1906 3128 1993 3207 quod

319 3234 326 3249 ·
438 3222 471 3277 et
484 3233 542 3295 ego
557 3233 684 3296 semper
697 3222 822 3293 tecum3
840 3214 957 3277 idcirco
973 3214 1055 3277 dona
1071 3214 1104 3275 in
1120 3214 1186 3275 illis
1243 3218 1419 3281 intellectui
1441 3220 1485 3281 nil
1508 3220 1613 3282 verius
1637 3221 1747 3302 nilque
1771 3222 1994 3286 rationabilius

439 3312 644 3373 inveniuntur
658 3313 806 3394 potentiis
821 3330 891 3393 quae
906 3332 924 3374 a
938 3312 1056 3395 Spiritu
1071 3312 1185 3375 Sancto
1243 3316 1388 3378 rideatur
1411 3336 1504 3396 quam
1530 3318 1608 3380 fidei
1637 3319 1816 3383 christianae
1844 3323 1991 3385 assertio.

438 3408 573 3471 mobiles
589 3420 673 3489 sunt,
690 3419 799 3493 utpote
815 3411 848 3471 in
864 3410 1027 3472 intellectu
1046 3418 1076 3472 et
1091 3429 1187 3491 appe·
1242 3416 1328 3477 Hane
1350 3423 1455 3477 autem
1480 3416 1710 3498 perfectionem
1733 3420 1862 3483 sortitur
1885 3422 1995 3483 anima

438 3506 498 3569 titu
520 3506 714 3574 intellectiva
736 3528 793 3572 seu
815 3508 987 3572 voluntate.
1003 3506 1185 3571 intellectus
1242 3513 1431 3594 pardonum
1448 3518 1641 3577 intellectas.
1659 3517 1804 3581 Secundo
1823 3519 1995 3599 perficitur

438 3614 543 3669 autem
560 3626 615 3670 seu
631 3608 709 3670 ratio
724 3607 841 3689 duplex
856 3616 913 3685 est,
932 3606 1052 3669 scilieet
1073 3625 1185 3687 specu·
1241 3612 1337 3673 homo
1353 3611 1386 3672 in
1408 3612 1473 3673 fide
1495 3632 1552 3694 per
1572 3613 1632 3676 hoc
1654 3616 1738 3694 qnod
1761 3616 1801 3677 de
1824 3616 1903 3697 ipsis
1925 3638 1995 3680 cre·

438 3704 536 3767 lativa
550 3713 581 3768 et
595 3706 744 3788 practica.
760 3705 795 3767 In
810 3713 943 3786 utraque
958 3704 1053 3767 etiam
1068 3704 1185 3785 duplex
1242 3709 1355 3772 dendis
1371 3718 1492 3773 rectum
1507 3711 1602 3773 habet
1615 3712 1786 3794 judicium,
1803 3716 1994 3779 discernens

438 3811 538 3866 exstat
552 3804 690 3885 cognitio
708 3827 714 3865 :
732 3821 866 3884 quarum
887 3822 949 3865 una
971 3802 1186 3865 adinventio
1242 3806 1326 3888 quod
1350 3807 1396 3870 eis
1421 3807 1463 3870 sit
1486 3808 1624 3872 firmiter
1647 3810 1865 3875 inherendum
1890 3822 1923 3877 et
1953 3816 1994 3878 ab

438 3920 512 3965 nem
536 3902 689 3979 veritatis,
714 3902 776 3963 alia
800 3903 838 3964 ad
863 3901 1019 3983 judicium
1047 3900 1186 3981 pertinet
1242 3924 1351 3967 eorum
1378 3907 1546 3968 contrariis
1568 3908 1742 3972 fortissime
1763 3912 1991 3977 recedendum.

438 4000 588 4063 veritatis.
611 4000 714 4063 Primo
738 3999 886 4080 equidem
911 4000 1075 4061 veritatem
1097 3998 1186 4060 inve-
1242 4003 1316 4065 Tale
1330 4010 1435 4065 autem
1455 4004 1625 4086 judicium,
1642 4016 1795 4088 quantum
1816 4011 1855 4073 ad
1878 4031 1930 4074 res
1945 4014 1996 4075 di-

366 4162 369 4167 ,
437 4097 506 4160 nire
528 4116 584 4160 seu
606 4096 689 4159 scire
710 4104 844 4178 oportet,
861 4105 893 4159 et
913 4098 1042 4160 demum
1063 4104 1184 4158 rectum
1242 4100 1392 4180 vinas,ad
1408 4102 1526 4164 donum
1542 4106 1712 4179 sapientia
1727 4106 1995 4191 pertinet3quan-

437 4195 555 4257 habere
568 4194 725 4277 judicium
747 4195 787 4257 de
809 4196 942 4257 veritate
962 4196 1029 4277 jam
1044 4194 1182 4276 cognita.
1201 4198 1225 4259 Ι)
1242 4208 1308 4261 tum
1324 4218 1400 4261 vero
1414 4200 1453 4261 ad
1471 4219 1520 4261 res
1536 4209 1656 4264 creatas
1671 4202 1731 4265 sub
1746 4204 1811 4269 fide
1826 4208 1992 4288 cadentes,

437 4293 594 4367 Quantum
619 4311 694 4373 ergo
722 4293 760 4355 ad
789 4292 931 4355 veritatis
959 4292 1186 4374 apprehensio·
1241 4297 1279 4359 ad
1294 4297 1413 4359 donum
1428 4300 1592 4368 scientim·
1607 4301 1661 4361 sed
1676 4311 1830 4382 quantum
1845 4305 1883 4366 ad
1900 4316 1993 4369 actus

438 4410 523 4468 nem,
540 4390 708 4474 perficitur
723 4391 802 4454 ratio
825 4391 1017 4473 speculativa
1035 4391 1119 4453 dono
1136 4394 1184 4451 ia·
1239 4395 1407 4474 humanos,
1420 4396 1458 4456 ad
1474 4396 1593 4458 donum
1607 4402 1747 4461 consilii.
1758 4400 1792 4461 In
1807 4402 1866 4465 hac
1882 4404 1993 4485 itaque

439 4494 595 4560 tellectus,
615 4490 699 4570 quod
722 4497 866 4552 versatur
887 4488 973 4552 eirca
994 4490 1181 4567 necessaria,
1239 4491 1445 4554 distinctione
1466 4493 1579 4554 asserit
1598 4494 1734 4558 Thomas
1755 4501 1909 4579 quosdam
1924 4502 1994 4565 dis-

437 4588 607 4669 dequibus
628 4597 677 4649 est
697 4586 799 4666 fides;
817 4588 895 4651 ratio
916 4596 1021 4651 autem
1043 4588 1184 4670 practica
1239 4590 1382 4671 tinguere
1399 4590 1481 4652 inter
1495 4592 1589 4670 dona,
1600 4592 1647 4655 sie
1662 4596 1747 4675 quod
1761 4596 1845 4659 dona
1859 4602 1991 4664 consilii

436 4687 521 4750 dono
536 4689 677 4758 consilii,
693 4688 776 4767 quod
793 4687 878 4749 circa
892 4687 1020 4769 agibilia
1040 4694 1184 4749 versatur
1238 4698 1332 4770 atque
1351 4689 1492 4752 scientiae
1511 4690 1684 4771 practicam
1704 4696 1920 4776 cognitionem
1942 4720 1993 4763 re·

436 4785 586 4848 humana.
610 4786 655 4847 Ad
678 4794 762 4848 recte
785 4804 861 4849 vero
881 4784 1088 4866 judicandum
1113 4804 1184 4866 per·
1239 4788 1391 4870 spiciunt,
1423 4788 1602 4851 intellectus
1638 4811 1714 4855 vero
1744 4796 1990 4875 speculativam.

435 4882 544 4946 ficitur
572 4882 651 4946 ratio
675 4882 869 4966 speculativa
893 4902 951 4965 per
974 4885 1181 4959 sapientiam,
1237 4886 1323 4949 lianc
1346 4905 1421 4949 vero
1443 4886 1682 4951 distinctionem
1703 4890 1765 4953 hoc
1787 4893 1857 4956 loco
1881 4897 1993 4959 redar-

434 4980 575 5063 practiea
603 5000 659 5064 per
682 4983 852 5041 scientiam
876 5002 887 5040 :
912 4980 1067 5061 sapientia
1095 4981 1182 5043 enim
1236 4985 1305 5067 guit
1326 5010 1333 5047 :
1355 4994 1387 5047 et
1410 4992 1528 5063 tamem
1549 4984 1582 5047 in
1603 4986 1707 5068 prima
1728 4994 1887 5070 secundae,
1903 4994 1992 5058 sicut

434 5080 520 5143 circa
535 5078 655 5157 divina,
672 5078 806 5141 scientia
827 5078 913 5141 circa
934 5079 1072 5141 humana
1087 5088 1181 5160 atque
1237 5102 1321 5145 nunc
1337 5082 1462 5160 claruit,
1479 5102 1515 5145 ea
1530 5083 1628 5145 utitur
1643 5103 1776 5167 eamque
1791 5091 1960 5171 approbat.

434 5186 549 5241 creata.
566 5176 707 5241 Potentia
725 5193 852 5256 quoque
870 5175 1043 5257 appetitiva
1062 5176 1182 5259 indiget
1276 5180 1411 5259 Mallem,
1430 5180 1542 5260 fateor,
1560 5181 1629 5245 loco
1651 5185 1799 5265 praesenti
1821 5188 1862 5251 ab
1880 5193 1992 5254 erudi-

434 5274 547 5361 perfici
565 5299 572 5337 :
588 5274 692 5357 primo
707 5281 860 5355 quantum
875 5274 913 5336 ad
929 5293 974 5353 se,
991 5284 1054 5337 tam
1070 5284 1180 5340 contra
1235 5278 1316 5342 tiore
1332 5278 1451 5358 doceri,
1468 5287 1499 5341 et
1514 5280 1629 5343 bonam
1645 5282 1871 5350 resolutionem
1887 5287 1989 5372 hujus
