4309 6259
796 506 891 555 tuosx
911 504 1099 553 0000000000
1665 487 1724 552 637

241 682 343 747 Quoad
358 683 454 745 cor,ut
466 682 630 751 serpentem
646 679 730 751 plene
742 676 916 735 devinceret.

206 770 262 843 ipsi
282 770 372 826 tribui
391 770 492 827 debuit
510 788 629 827 summa
651 768 813 832 humilitas,
828 768 918 829 4800,

204 876 326 916 summa
349 860 463 924 caritas,
486 861 578 925 4800,
603 864 631 917 04
655 859 772 915 castitas
791 872 919 921 summa,

204 950 261 1004 480
269 950 346 1011 4’,04
357 954 389 1007 04
403 949 492 1022 digna
502 949 583 1005 lieret
597 951 687 1005 440400
698 947 756 1009 004,
764 950 846 1003 40040
857 962 920 1017 per·

205 1038 293 1095 lectio
303 1043 442 1111 quantam
453 1039 618 1111 requirebat
631 1037 769 1095 sublimis
783 1036 920 1107 dignitas,

203 1130 439 1195 t83l3',t86ll,et
449 1129 628 1200 congruebat
638 1128 743 1184 Filium
759 1125 841 1183 hlutri
856 1142 922 1181 eou-

204 1220 317 1282 cedere,
326 1219 425 1278 4830,
437 1218 537 1273 4860.
547 1248 583 1257 -
597 1218 779 1288 Quapropter
792 1215 822 1270 in
839 1218 921 1271 utero

203 1307 387 1363 sanctificata
395 1310 449 1371 004,
461 1308 558 1371 4860,
569 1307 663 1370 sset,
674 1310 735 1361 tam
746 1303 922 1361 excellenter

204 1399 238 1452 ut
251 1398 288 1452 06
304 1396 439 1469 originali
454 1395 540 1467 culpa
555 1395 698 1451 immunis
714 1394 809 1458 luerit,
820 1391 919 1457 4860,

203 1490 233 1542 04
256 1486 395 1558 deinceps
416 1486 453 1541 ab
476 1485 557 1541 omni
581 1486 668 1558 culpa
690 1484 807 1540 mortali
826 1486 855 1539 04
876 1500 922 1539 00-

205 1575 277 1632 04014
292 1578 415 1639 servata,
431 1576 524 1639 5384,
540 1575 581 1631 ita
600 1577 632 1631 ut
653 1589 805 1645 utinquam
821 1588 921 1645 pecca·

202 1665 288 1728 00044,
305 1680 357 1720 000
372 1681 424 1736 per
441 1663 680 1720 commissionem
700 1678 753 1719 nec
768 1678 820 1733 per
832 1661 921 1717 omis·

204 1756 330 1817 sionem,
353 1754 457 1809 5400.
482 1754 612 1824 iusuper,
637 1753 674 1809 00
693 1751 840 1824 justitiam
864 1749 921 1806 ori-

205 1844 335 1918 ginalem
360 1842 525 1901 eminenter
545 1844 675 1901 0000040,
694 1841 782 1906 5440,
808 1842 847 1905 0,
868 1857 922 1897 000

204 1934 339 1991 tomitem
354 1932 453 1993 sensit.
470 1948 524 1989 nec
543 1932 641 1989 carnis
659 1931 852 2003 pruriginem,
869 1947 922 1988 nec

204 2022 404 2081 sensualitatis
422 2021 637 2084 reluctantium,
657 2021 750 2085 5420,
772 2035 824 2076 000
844 2019 922 2076 4000·

204 2114 342 2170 dinatum
358 2112 520 2184 quidquam
541 2112 683 2183 00000004
698 2110 727 2165 iu
743 2110 857 2173 0440040,
873 2125 922 2165 co-

203 2204 300 2276 gitatu
318 2204 370 2257 aut
389 2204 483 2269 motu,
497 2200 578 2264 830,
594 2200 693 2264 5450,
716 2199 809 2262 5400,
828 2199 919 2262 5420,

202 2291 305 2354 5440,
332 2290 402 2363 quia
424 2290 454 2345 ln
478 2289 542 2361 ipsa
564 2288 702 2345 sensitiva
724 2304 791 2360 pars
813 2287 921 2344 rationi

205 2380 332 2455 perfecte
350 2379 468 2437 subdita
487 2378 550 2443 luit,
566 2378 665 2443 stee’,
681 2378 786 2450 etipsa
805 2376 834 2433 40
850 2378 922 2434 dile-

202 2472 301 2527 ctione
325 2470 375 2526 004
399 2468 660 2532 0106414405400.
686 2469 810 2525 llemum
835 2467 921 2524 iunu-

205 2578 290 2618 mera
303 2559 467 2633 gratiarum
483 2556 659 2615 charismata
673 2557 790 2630 recepit.
806 2559 877 2621 29C,
894 2561 923 2614 ct

203 2652 421 2724 propemodum
443 2648 567 2713 infinita,
591 2648 692 2713 4830,
717 2651 828 2719 quanta
848 2648 922 2704 nulli

204 2744 348 2798 00004000
369 2739 475 2796 0011040
488 2741 565 2801 0004,
581 2737 632 2792 504
642 2737 680 2801 0,
694 2736 764 2810 0040
777 2736 921 2809 00400040

203 2830 309 2888 ceteris
336 2828 461 2902 sparsim
484 2830 513 2884 et
538 2828 645 2900 partim
673 2842 845 2883 concessum
868 2830 921 2889 est,

203 2920 260 2993 ipsi
276 2920 384 2977 unitim
398 2922 426 2975 et
441 2916 565 2989 perlecta
584 2916 639 2973 4044
653 2916 803 2981 collatum,
817 2915 921 2984 stee’,

205 3011 248 3066 ita
262 3012 296 3065 04
310 3025 362 3081 pro
378 3008 425 3081 his
439 3009 496 3064 Deo
516 3023 570 3063 nec
585 3006 647 3078 ipsa
662 3005 749 3077 digne
769 3006 922 3078 regratiari

204 3098 342 3163 00140404,
358 3098 459 3153 4900.
473 3097 562 3153 Ρ1000
576 3112 646 3169 ergo
662 3094 717 3152 luit
730 3095 833 3169 gratia,
847 3097 921 3161 894,

206 3193 238 3246 04
253 3189 376 3245 decebat
390 3186 438 3245 Dei
453 3185 766 3257 blatrem,82h',plena
779 3187 816 3241 ab
829 3189 921 3252 utero,

206 3278 322 3351 plenior
341 3276 371 3332 in
393 3276 626 3340 annuntiatione,
642 3280 671 3332 04
693 3275 822 3347 00044040
840 3275 923 3332 0040-

206 3385 275 3440 ceps
291 3366 386 3439 magis
399 3365 624 3437 000Ιο405400,
635 3364 705 3436 0040
718 3380 753 3421 00
769 3364 924 3436 prasentia

206 3456 271 3513 Filii
287 3456 318 3511 in
334 3459 417 3512 utero
437 3453 656 3510 inestimabiles
674 3453 787 3525 accepit
805 3453 922 3525 gratias,

204 3543 922 3611 800’,4110004004400000,4980,00044040004994,

206 3641 237 3693 04
245 3634 474 3709 iucunditatem,
485 3635 539 3689 499
548 3634 583 3697 0;
595 3636 623 3689 04
636 3633 665 3687 40
682 3632 729 3689 040
742 3633 925 3689 Pentecostes

206 3727 274 3799 plus
289 3724 391 3798 gratiae
409 3724 471 3779 sola
489 3722 599 3794 recepit
612 3740 700 3794 quam
717 3724 804 3779 ceteri
824 3722 923 3789 simul,

207 3815 279 3891 quia
298 3814 365 3887 plus
383 3813 521 3869 omnibus
540 3812 653 3877 dilexit,
668 3812 718 3866 534
729 3813 757 3875 0,
773 3816 802 3868 04
821 3814 925 3869 0040040

207 3905 265 3962 4044
283 3902 421 3965 sanctior,
436 3902 487 3958 534
497 3902 528 3965 D,
543 3904 573 3957 et
592 3901 742 3957 ardentius
757 3902 783 3957 S.
800 3902 926 3973 Spiritus

206 3993 457 4051 illuminationem
478 3991 595 4063 optavit,
615 3990 702 4046 5310
719 4008 726 4045 :
746 3991 812 4047 ideo
831 4008 923 4063 quum

202 4086 267 4159 jam
284 4086 370 4139 autea
385 4080 471 4138 400044
491 4079 576 4152 plena
595 4080 696 4152 gretia,
713 4080 744 4136 in
759 4081 925 4137 Pentecoste

206 4173 384 4247 superplena
407 4170 483 4227 lacta
503 4173 555 4234 est,
571 4174 604 4226 ut
623 4170 652 4225 in
677 4170 750 4225 alios
768 4187 798 4227 se
817 4171 926 4228 044400-

207 4266 299 4327 deret,
323 4261 374 4316 534
385 4261 426 4315 A'.
451 4290 484 4301 -
506 4258 582 4315 Talis
610 4263 653 4315 est
680 4276 749 4332 ergo
773 4261 804 4315 B.
828 4260 926 4317 Mariae

206 4350 357 4412 sanctitas,
372 4348 453 4422 quali
471 4351 526 4405 sub
546 4350 603 4404 000
623 4349 718 4420 major
737 4348 860 4422 intelligi
880 4365 927 4405 ne·

206 4444 306 4515 queat,
332 4439 415 4503 870,
439 4438 540 4502 4860,
567 4438 620 4493 569
630 4438 670 4502 4’,
695 4454 754 4493 000
782 4441 860 4510 0000
889 4439 927 4495 044

207 4530 327 4588 inlinita
340 4532 391 4585 aut
405 4528 552 4584 sanctitati
567 4527 672 4583 Christi
688 4527 818 4599 aequalis,
834 4528 925 4595 4870,

208 4620 358 4692 0000000
378 4617 509 4674 06001040
529 4616 630 4689 augeri
652 4620 785 4690 nequeat,
801 4622 852 4674 aut
871 4618 926 4673 im-

209 4713 312 4783 potens
325 4707 364 4763 sit
378 4708 453 4764 Deus
469 4707 611 4780 majorem
627 4704 729 4769 400000,
744 4707 837 4771 4871),
854 4724 926 4779 prae·

207 4798 312 4856 sertim
327 4814 420 4869 quum
434 4797 572 4868 usquead
584 4798 707 4851 mortem
719 4796 782 4867 ejus
796 4797 926 4861 creverit,

207 4890 303 4953 4871),
320 4888 371 4943 000
391 4886 460 4957 0040
480 4902 532 4941 000
551 4884 633 4939 00004
650 4900 712 4940 0000
730 4900 784 4941 000
802 4885 926 4941 004400·

208 4994 300 5051 quam
317 4977 413 5049 major
426 4974 567 5031 sanctitas
577 4990 666 5045 quam
677 4974 816 5029 sanctitas
830 4975 928 5030 llatris

208 5068 271 5133 Dei,
286 5066 389 5129 4870,
404 5068 433 5121 04
453 5064 534 5121 00110
557 5062 612 5119 4044
635 5081 765 5135 unquam
791 5064 929 5120 sanctitas

209 5158 307 5230 000]οο
321 5154 474 5211 sanctitate
488 5153 594 5217 llariae,
605 5153 702 5217 5360,
716 5168 768 5209 000
782 5152 928 5208 sanctitati

210 5245 319 5303 Christi
344 5242 546 5316 propinquior,
571 5243 663 5297 5364.
687 5241 831 5297 Sanctitas
859 5259 928 5313 ergo

210 5335 242 5389 B.
253 5331 382 5407 Virginis
394 5334 477 5387 tanto
494 5333 613 5401 prestat
621 5328 740 5403 puritati
755 5329 929 5386 Sanctorum

1008 680 1119 749 000040
1134 675 1273 749 precellit
1292 674 1413 734 domina
1428 675 1563 739 famulos,
1574 676 1609 731 83
1617 674 1659 739 4’,
1671 690 1725 731 nec

1010 767 1105 839 major
1115 782 1167 822 000
1179 765 1275 821 minor
1289 782 1351 823 0000
1362 766 1574 838 ρο4004,4870’;
1584 765 1725 837 quodam·

1008 856 1098 911 modo
1114 854 1228 911 4000440
1241 856 1462 919 0044870000
1478 854 1507 911 40
1520 853 1656 926 praesenti
1667 852 1726 909 vita

1009 945 1047 999 ad
1076 944 1196 1016 plenum
1223 944 1431 1017 comprehendi
1458 944 1542 1008 valet,
1567 944 1669 999 4870.
1692 973 1724 983 —-

1009 1036 1228 1107 Nonnunquam
1244 1052 1261 1091 a
1275 1034 1347 1090 Vilio
1363 1034 1510 1107 increpata
1526 1033 1649 1099 0400400,
1666 1049 1725 1089 000

1010 1124 1079 1196 0040
1103 1124 1220 1188 meruit,
1244 1124 1344 1187 5530,
1368 1125 1418 1180 000
1441 1123 1477 1180 00
1501 1123 1723 1180 instructionem

1011 1217 1151 1275 nostram.
1166 1214 1219 1269 553
1228 1213 1266 1277 0,
1286 1217 1316 1269 04
1338 1214 1401 1284 ipsa
1424 1213 1571 1285 loquentis
1594 1216 1724 1270 mentem

1010 1302 1105 1374 magis
1129 1318 1217 1374 quam
1240 1302 1329 1359 00060
1351 1304 1514 1368 attendens,
1532 1301 1655 1359 minime
1681 1317 1725 1357 rc·

1010 1391 1125 1463 pulsam
1141 1408 1170 1447 se
1185 1389 1317 1455 credidit,
1334 1392 1426 1447 5544.

1046 1481 1077 1536 10
1093 1482 1122 1535 B.
1139 1479 1256 1552 Virgine
1276 1479 1450 1537 excellenter
1468 1480 1586 1537 luerunt
1605 1479 1726 1537 virtutes

1010 1574 1071 1626 tam
1097 1568 1276 1641 theologicae,
1298 1570 1389 1633 5340,
1413 1570 1500 1634 5360,
1523 1570 1614 1633 5370,
1634 1584 1725 1639 quam

1011 1658 1146 1722 morales,
1163 1658 1264 1713 5420.
1280 1688 1316 1697 -
1331 1657 1415 1713 Fides
1429 1658 1492 1730 ejus
1507 1656 1594 1713 fidem
1609 1658 1726 1713 Sancto-

1009 1764 1075 1804 rum
1092 1748 1123 1801 V.
1139 1728 1168 1803 0,
1186 1746 1341 1818 superavit,
1363 1748 1453 1812 5350,
1474 1745 1606 1810 Abrahae,
1622 1746 1723 1809 5340,

1011 1839 1098 1903 Sarae,
1119 1836 1211 1901 5350,
1232 1836 1345 1909 Moysis,
1366 1835 1598 1901 5350000006,
1622 1835 1723 1903 5340,

1009 1928 1122 1989 Manus,
1142 1926 1236 1989 5354,
1260 1925 1415 1989 Zacharia,
1436 1926 1526 1991 5350,
1551 1928 1580 1982 04
1602 1942 1635 1981 eo
1661 1924 1723 1981 lau-

1010 2016 1136 2073 dabilior
1157 2017 1251 2071 exstet
1270 2032 1327 2087 quo
1347 2015 1433 2087 Virgo
1453 2015 1546 2087 magis
1567 2013 1724 2071 incredibi-

1010 2106 1049 2161 lia
1068 2103 1201 2169 crcdidit,
1217 2106 1270 2160 535
1278 2105 1322 2169 4’,
1336 2108 1365 2161 04
1383 2104 1527 2161 subtiliori
1554 2103 1654 2160 animo
1678 2120 1725 2159 ra·

1009 2197 1104 2251 tiones
1128 2194 1193 2251 4004
1219 2193 1612 2266 000400001040004,53511’,
1642 2196 1670 2251 04
1693 2193 1723 2250 40

1011 2286 1093 2344 00440
1117 2285 1269 2351 dubitavit,
1284 2286 1371 2341 5340
1378 2304 1386 2352 ;
1401 2285 1555 2341 simillima
1574 2284 1629 2342 fuit
1647 2301 1726 2341 eom·

1010 2375 1195 2447 prehensioni
1220 2374 1336 2439 Christi,
1360 2376 1451 2440 5364,
1476 2379 1504 2431 04
1531 2375 1560 2431 40
1588 2374 1724 2432 Passione

1012 2466 1186 2523 inconeussa
1207 2464 1378 2537 permansit,
1398 2465 1488 2521 5364.
1513 2496 1546 2507 -
1569 2466 1639 2537 Spes
1661 2465 1725 2537 ejus

1010 2554 1113 2611 001044
1134 2554 1227 2628 major
1242 2570 1299 2628 quo
1319 2553 1382 2627 ipsa
1401 2553 1456 2611 4044
1474 2554 1611 2619 sanctior,
1627 2554 1723 2620 5360,

1010 2649 1038 2702 04
1062 2646 1119 2701 000
1142 2643 1324 2708 familiarior,
1348 2644 1444 2708 5360,
1464 2647 1494 2700 04
1516 2643 1623 2701 clarius
1645 2643 1726 2701 norit

1011 2735 1141 2791 divinam
1165 2732 1334 2796 bonitatem,
1359 2734 1450 2789 5374.
1476 2765 1508 2774 -
1537 2732 1596 2806 lpsi
1624 2732 1725 2790 multae

1012 2826 1130 2882 luerunt
1153 2839 1248 2881 00000
1272 2821 1413 2895 diligendi
1439 2824 1541 2889 Deum,
1566 2823 1632 2880 alie
1655 2840 1723 2880 cum

1011 2914 1113 2973 ceteris
1133 2929 1315 2976 communes,
1330 2914 1383 2969 537
1390 2912 1419 2977 0,
1433 2912 1498 2969 01400
1516 2913 1571 2969 0464
1588 2914 1722 2987 propriae,

1011 3006 1099 3068 5370,
1119 3020 1246 3075 eumque
1270 3002 1475 3061 ardentissime
1498 3003 1609 3067 dilexit,
1630 3006 1723 3074 5370,

1010 3100 1153 3168 tanquam
1168 3093 1273 3149 Filium
1290 3091 1458 3158 amabilem,
1474 3093 1575 3159 5370,
1592 3095 1724 3161 unicum,

1010 3186 1108 3247 5370,
1124 3186 1153 3239 04
1166 3182 1269 3239 4044000
1289 3182 1449 3254 cognitum,
1465 3183 1555 3248 5380,
1568 3201 1587 3240 0
1605 3201 1663 3257 000
1683 3189 1728 3242 404

1012 3275 1097 3331 60040
1125 3273 1216 3329 044040
1245 3270 1347 3337 100004,
1376 3272 1481 3336 5370,
1510 3276 1538 3329 04
1570 3280 1725 3346 praeventa,

1011 3365 1104 3421 5384.
1120 3360 1292 3418 Proximum
1317 3360 1426 3433 pariter
1449 3362 1560 3427 dilexit,
1574 3365 1603 3420 et
1624 3380 1657 3421 00
1681 3382 1726 3421 ar·

1013 3452 1130 3510 deutius
1152 3466 1210 3523 quo
1228 3465 1288 3521 prae
1306 3450 1420 3505 cunctis
1443 3450 1588 3507 Christum
1613 3452 1725 3517 dilexit,

1013 3542 1107 3605 5380,
1136 3538 1319 3596 0410004000
1347 3538 1490 3609 passionis
1517 3540 1580 3612 ejus
1608 3543 1725 3613 optavit,

1012 3632 1111 3695 5380,
1132 3630 1221 3693 5730,
1242 3631 1271 3685 04
1294 3628 1357 3700 ipsa
1385 3628 1541 3701 specialius
1569 3632 1726 3690 constituta

1013 3725 1055 3778 est
1071 3723 1165 3776 mater
1181 3717 1324 3780 Ecclesiae,
1339 3719 1438 3773 5380.
1455 3719 1512 3790 lpsi
1526 3736 1595 3792 ergo
1611 3719 1666 3777 4044
1680 3738 1727 3777 00·

1013 3812 1084 3867 04400
1106 3826 1164 3881 000
1192 3809 1256 3879 post
1283 3806 1430 3863 Christum
1458 3809 1642 3879 prestantior
1667 3826 1726 3867 non

1013 3900 1076 3963 luit,
1093 3897 1192 3961 5600,
1210 3912 1268 3952 000
1292 3895 1334 3951 040
1357 3900 1390 3951 04
1413 3894 1442 3951 40
1465 3900 1544 3953 40000
1567 3899 1657 3955 Deum
1684 3899 1727 3956 di·

1014 3987 1118 4047 lexerit
1146 3988 1210 4059 plus
1238 4002 1328 4059 quam
1358 3985 1453 4058 angeli
1478 3986 1507 4042 in
1532 3988 1725 4056 00105690,

1013 4080 1064 4135 000
1084 4077 1153 4150 0040
1173 4078 1246 4133 0000
1265 4075 1367 4132 dilexit
1388 4076 1464 4131 0440
1480 4076 1727 4149 0014000000ου-

1014 4168 1093 4241 gelos
1122 4167 1272 4223 universos
1299 4165 1420 4221 exaltari
1450 4166 1598 4233 meruerit,
1626 4170 1726 4237 5690,

1015 4259 1107 4322 5700,
1120 4257 1197 4328 0000
1209 4254 1282 4311 00114
1293 4254 1448 4311 hominum
1465 4261 1570 4328 praeter
1578 4257 1726 4315 060404000

1014 4352 1043 4405 et
1065 4349 1097 4403 B.
1119 4346 1268 4417 Virginem
1293 4361 1464 4401 concessum
1489 4348 1541 4409 004,
1565 4348 1669 4404 5690.
1694 4380 1727 4391 -

1014 4437 1117 4495 Mulier
1144 4438 1188 4491 est
1214 4433 1295 4490 tortis
1319 4452 1336 4490 a
1359 4434 1514 4491 Salomone
1538 4437 1728 4509 praelaudata,

1014 4527 1106 4591 5430,
1122 4540 1188 4598 000
1203 4522 1336 4579 leminea
1349 4523 1438 4579 oblite
1453 4524 1596 4592 mollitiei,
1613 4543 1730 4600 serpen-

1015 4620 1075 4672 tem
1091 4613 1238 4669 calcatura
1252 4615 1322 4675 0004,
1333 4612 1387 4667 543
1396 4612 1428 4676 D,
1440 4612 1525 4685 cujus
1536 4613 1565 4669 40
1583 4615 1638 4671 600
1654 4619 1732 4687 patet

1017 4703 1166 4767 tortitudo,
1194 4701 1272 4773 quod
1305 4703 1430 4757 mortem
1465 4701 1588 4759 minime
1621 4704 1730 4768 timuit,

1015 4792 1116 4856 5430,
1144 4790 1181 4853 0,
1211 4790 1289 4861 0000
1320 4788 1445 4845 01000400
1475 4789 1580 4847 4040004
1611 4792 1732 4865 dirupit,

1015 4881 1148 4944 543004
1162 4882 1235 4936 nutu
1251 4878 1344 4934 000400
1359 4877 1441 4951 fugat
1455 4883 1681 4951 0040040400543
1690 4884 1730 4941 0.

1018 5004 1054 5013 -
1067 4970 1235 5027 iustissima
1249 4966 1304 5024 4044
1318 4968 1346 5023 40
1362 4968 1464 5031 Deum,
1480 4969 1522 5026 cui
1538 4970 1666 5028 totaliter
1687 4974 1735 5030 de·

1017 5057 1339 5123 septemtrionem
1353 5057 1441 5113 etiam
1457 5076 1575 5116 carnem
1592 5064 1620 5117 et
1630 5066 1734 5119 meter·

1020 5168 1058 5207 na
1081 5150 1176 5205 0114040
1199 5146 1339 5219 prestitit,
1360 5148 1455 5213 5460;
1481 5166 1551 5221 erga
1573 5168 1602 5207 sc
1626 5150 1731 5223 ipsam,

1019 5255 1085 5311 quse
1105 5254 1209 5310 corpus
1227 5253 1314 5293 suum
1335 5236 1459 5307 perlecta
1479 5239 1595 5296 domuit
1607 5243 1636 5296 et
1645 5241 1732 5313 juxta

1018 5328 1141 5386 rationis
1159 5326 1336 5399 exigentiam
1358 5326 1442 5395 rexit,
1462 5328 1558 5396 5460;
1575 5346 1644 5402 erga
1665 5346 1731 5405 pro·
