4309 6259
472 452 532 516 tta
620 457 660 514 ιιι
681 467 883 517 samsusuro
904 468 1034 514 ιιτιιιιε
1055 466 1094 513 ιι
1114 466 1212 513 iussn
1233 463 1459 513 onsmnanouu
1480 466 1640 514 nrixoeos.
1663 484 1704 497 -
1725 467 1794 514 aar.
1817 469 1865 515 xxi

474 639 647 720 confertur,
664 648 773 722 utpote
797 638 889 723 panis
914 658 952 701 ac
976 636 1044 701 vini
1067 655 1161 718 :qua
1183 656 1220 699 ex
1235 638 1261 699 Α
1277 645 1312 699 ut
1332 635 1472 701 calefieri
1492 644 1540 699 est
1558 637 1598 701 ab
1619 638 1703 719 igne.
1720 637 1874 718 Secundo,
1892 638 2012 701 merim

474 738 583 799 multis
599 738 785 819 rediguntur
799 738 832 798 in
846 756 958 814 unum,
975 736 1057 798 sicut
1076 734 1168 818 panis
1183 754 1221 796 ex
1277 734 1333 814 rie,
1350 735 1433 796 siout
1457 734 1593 797 dicimus
1616 759 1623 797 ε
1646 736 1776 798 Peccata
1800 744 1852 797 tua
1873 735 2010 799 fecerunt

473 835 582 897 multis
596 834 769 903 conficitur
782 833 899 917 granis,
916 841 948 895 et
961 833 1072 895 vinum
1088 852 1126 894 ex
1140 832 1221 893 mul·
1276 833 1344 895 haec
1359 833 1427 896 tibi.
1445 833 1561 911 Tertio,
1578 832 1694 896 virtute
1715 834 1849 911 occulta,
1864 853 1921 897 seu
1940 834 2011 897 divi-

474 932 516 995 tis
535 932 681 995 racemis.
698 932 813 1015 Sioque
832 930 1082 995 ecclesiasticam
1102 937 1133 992 et
1154 948 1221 1011 my·
1276 950 1317 992 na
1342 939 1396 992 aut
1420 930 1663 1013 supernaturali.
1686 931 1780 993 Porro
1806 950 1877 994 caro
1905 931 2008 994 Christi
2104 1006 2105 1021 χ

473 1030 587 1094 stioam
611 1029 716 1094 efficit
740 1029 887 1093 fidelium
915 1028 1070 1091 unitatem
1092 1046 1149 1110 ρει
1170 1046 1221 1089 ca·
1276 1046 1333 1109 per
1352 1046 1385 1090 εε
1404 1027 1496 1091 cibus
1515 1028 1631 1091 mentis
1649 1047 1718 1091 εεεε
1737 1046 1803 1091 non
1822 1036 1944 1111 potest,
1960 1049 2008 1093 nec

473 1128 576 1191 ritatis
603 1136 635 1191 et
661 1128 771 1209 gratias
799 1128 1043 1205 incrementum,
1073 1144 1129 1187 seu
1164 1144 1221 1207 per
1277 1126 1404 1207 sanguis
1419 1134 1522 1207 potest
1536 1126 1580 1189 sic
1595 1145 1665 1189 esse
1684 1127 1799 1189 animae
1819 1134 1912 1209 potus
1932 1135 2009 1189 natu-

472 1226 712 1289 sacramentalis
727 1226 836 1307 gratiae
851 1223 1066 1287 infusionem:
1081 1230 1221 1305 propter·
1278 1223 1335 1285 rali
1350 1222 1543 1305 operatione,
1560 1242 1620 1286 neo
1635 1242 1692 1305 per
1706 1224 1836 1287 modum
1850 1224 1964 1303 meriti,
1975 1225 2009 1287 ita

471 1342 510 1386 ea
533 1323 651 1387 dicitur
675 1331 909 1386 sacramentum
933 1322 1071 1404 pietatis,
1094 1322 1219 1402 signum
1277 1320 1362 1401 quod
1381 1320 1529 1383 meritum
1550 1321 1676 1383 realiter
1698 1329 1729 1383 et
1753 1321 1930 1402 subjective
1952 1341 2008 1385 asse

472 1420 615 1499 unitatis,
633 1420 798 1483 vinculum
821 1420 972 1483 caritatis.
988 1412 1121 1500 lnsupe'r
1142 1416 1221 1481 offe·
1277 1418 1378 1501 possit
1402 1418 1434 1479 in
1460 1438 1566 1497 carne,
1592 1438 1690 1499 quum
1718 1419 1823 1482 solum
1851 1419 2010 1482 substantia

473 1526 542 1581 otus
558 1519 747 1582 sacramenti
770 1518 862 1581 istius
881 1526 930 1580 est
948 1517 1075 1599 adeptio
1099 1516 1219 1597 gloria,
1279 1516 1502 1579 intellectualis
1528 1516 1708 1598 subjectum
1734 1517 1775 1579 sit
1799 1518 1914 1581 meriti.
1940 1518 2011 1580 llefr·
2053 1559 2054 1562 ι
2096 1509 2100 1521 ’

473 1617 547 1680 vitas
561 1624 685 1681 asternae
699 1640 706 1679 :
719 1616 795 1698 quia
810 1616 844 1677 in
858 1617 918 1680 boo
934 1622 1132 1678 sacramento
1148 1634 1222 1678 con·
1279 1614 1369 1675 ciunt
1388 1632 1462 1695 ergo
1487 1622 1627 1677 mentem
1652 1614 1769 1677 virtute
1795 1615 2008 1697 supernaturali

474 1714 630 1777 sideratur
657 1733 694 1777 ac
719 1714 900 1777 continetur
922 1714 1075 1793 Christus,
1097 1732 1135 1775 ex
1159 1731 1222 1793 quo
1279 1730 1316 1774 ac
1336 1712 1445 1774 divina
1459 1713 1632 1792 dumtaxat,
1652 1732 1716 1794 qua
1740 1721 1772 1775 et
1797 1722 1900 1776 cetera
1923 1710 2021 1775 εισι-ι’

475 1813 570 1875 babet
583 1812 787 1893 affectum,et
801 1813 897 1875 etiam
911 1812 943 1875 id
959 1832 1015 1893 per
1028 1812 1114 1893 quod
1128 1812 1224 1874 habet
1241 1812 1265 1873 B
1281 1817 1386 1873 menta
1400 1811 1524 1891 operari
1544 1811 1695 1874 dicuntur
1716 1830 1774 1893 per
1795 1812 2007 1875 institutionem

476 1909 641 1989 effectum,
671 1918 783 1993 utputa
810 1930 886 1973 usus
914 1929 951 1973 ac
984 1910 1107 1991 species
1140 1908 1220 1990 ejus.
1280 1916 1311 1969 et
1324 1906 1559 1989 beneplacitum
1574 1908 1628 1971 Dei
1643 1932 1649 1969 :
1664 1908 1708 1970 ita
1721 1910 1806 1990 quod
1821 1910 1902 1971 sicut
1917 1928 2010 1990 super-

476 2009 618 2072 Christus
632 2017 738 2072 autem
753 2027 810 2091 per
823 2028 913 2071 suam
928 2008 1108 2090 passionem
1130 2008 1223 2071 nobis
1280 2004 1434 2068 infusioni
1460 2005 1682 2069 intinctiouive
1706 2025 1795 2088 aqnae
1816 2007 1905 2070 adest
1923 2008 2007 2069 virtus

476 2107 601 2190 aperuit
623 2106 753 2188 januam
780 2106 870 2187 regni
896 2105 1045 2169 coelestis.
1072 2106 1224 2168 Similiter
1281 2103 1416 2184 Spiritus
1441 2104 1547 2166 Sancti
1575 2105 1613 2166 ad
1637 2104 1817 2189 faciendam
1841 2106 2006 2169 interiorem

477 2204 609 2267 refectio
630 2204 817 2287 spiritualis,
833 2204 1001 2285 unitasque
1022 2204 1146 2285 signata
1167 2222 1224 2285 ρει
1280 2200 1487 2278 ablutionem,
1505 2200 1551 2263 sio
1566 2200 1732 2265 refectioni
1747 2202 1903 2284 corporali
1921 2210 1949 2265 et
1966 2221 2009 2264 ει-

477 2302 600 2384 species
616 2302 708 2384 panis
722 2311 754 2364 et
768 2302 847 2380 vini,
863 2302 1021 2365 habentur
1034 2302 1068 2364 in
1083 2302 1142 2365 bac
1158 2301 1224 2364 vita
1280 2299 1389 2361 teriori
1425 2299 1700 2362 sacramentalium
1734 2300 1922 2383 specierum,
1952 2319 2009 2381 qua

476 2400 675 2483 imperfecte,
686 2399 719 2461 in
733 2400 836 2482 patria
849 2420 925 2464 vero
941 2399 1224 2483 perfecte:sicque
1282 2396 1386 2479 figura
1410 2406 1458 2460 est
1486 2406 1517 2460 et
1542 2398 1668 2479 signum
1695 2399 1856 2462 interioris
1884 2399 2010 2463 refectio

476 2498 574 2560 donat
587 2498 737 2561 virtutem
752 2498 959 2580 perveniendi
975 2499 1014 2561 ad
1028 2497 1175 2579 gloriam,
1185 2497 1225 2559 ad
1282 2496 1343 2575 nis,
1363 2496 1453 2558 adest
1473 2496 1573 2560 virtus
1600 2496 1712 2560 divina
1734 2498 1774 2559 ad
1797 2498 2007 2580 perficiendam

477 2615 572 2677 qnam
588 2615 652 2659 non
667 2596 786 2676 statim,
803 2597 859 2660 sed
881 2605 1060 2679 opportuno
1081 2604 1224 2678 tempore
1282 2593 1466 2657 interiorem
1492 2593 1698 2658 refectionem
1720 2595 1922 2659 Eucharistiae
1941 2594 2009 2657 desi-

478 2696 663 2759 introducit.
1282 2699 1410 2773 gnatam
1425 2711 1482 2774 ρει
1496 2692 1695 2756 exteriorem.
1712 2691 1800 2766 Quod
1819 2694 1845 2756 si
1860 2694 1930 2776 quis
1941 2700 2009 2756 exte-

518 2796 584 2859 lloc
608 2796 685 2859 item
710 2795 888 2875 sciendum,
905 2796 988 2875 quod
1013 2792 1225 2875 frequentatio
1283 2790 1398 2853 rioram
1413 2790 1792 2871 illamrefeotionem‚seu
1806 2810 1929 2855 carnem
1941 2790 2008 2853 Clui-

479 2903 574 2976 atque
606 2895 725 2958 oblatio
759 2893 949 2957 sacramenti
978 2892 1070 2954 istius
1099 2892 1228 2975 prodest
1283 2889 1334 2969 sti,
1364 2888 1479 2951 dixerit
1510 2889 1776 2953 virtuosissimam
1811 2899 1935 2973 pmpter
1964 2887 2006 2950 bei

479 2992 583 3055 Beatis
604 2992 644 3055 ad
662 2992 796 3073 gloriam
815 2991 939 3073 praemii
958 2990 1176 3070 accidentalis,
1194 2989 1227 3051 in
1243 2992 1265 3057 G
1284 2986 1470 3068 sapientiam
1485 2994 1517 3049 et
1537 2986 1593 3049 Dei
1609 2986 1771 3069 virtutem,
1788 2988 1880 3070 cujus
1894 2988 1955 3070 ipsa
1970 2993 2009 3047 est

481 3097 634 3171 quantum
656 3091 797 3170 gaudent
817 3090 856 3152 de
878 3088 965 3152 omni
984 3089 1069 3151 bono
1088 3088 1171 3171 quod
1194 3088 1227 3149 in
1283 3084 1372 3166 quasi
1401 3085 1636 3164 vestimentum,
1665 3104 1730 3148 non
1760 3087 1880 3149 recedit
1904 3105 1922 3147 a
1945 3082 2006 3145 fidoi

480 3186 630 3250 militanti
645 3186 787 3250 Ecclesia
801 3187 915 3268 agitur.
928 3187 963 3248 ln
978 3186 1109 3267 praemio
1123 3193 1228 3247 autem
1283 3183 1429 3263 puritate.
1447 3182 1479 3245 Si
1493 3184 1581 3246 enim
1595 3184 1693 3246 vestis
1709 3184 1740 3246 S.
1752 3184 1881 3248 Ioannis
1895 3200 2008 3263 evange

471 3282 645 3347 ‚essentiali
665 3302 729 3346 non
750 3290 907 3346 crescunt.
925 3284 1054 3365 Oportet
1077 3291 1107 3345 te
1132 3283 1227 3345 etiam
1283 3281 1362 3345 listae
1377 3300 1415 3344 ex
1429 3289 1514 3344 tactu
1529 3282 1611 3344 sacri
1627 3282 1770 3364 corporis
1785 3282 1886 3366 ipsius
1899 3279 2008 3344 loannis

481 3401 587 3462 nosse,
612 3382 696 3463 quod
725 3381 872 3463 proprius
895 3380 1032 3444 effectus
1056 3379 1230 3461 cujuslibet
1282 3379 1421 3443 obtinuit
1448 3387 1484 3440 ut
1512 3398 1570 3462 ρει
1597 3398 1728 3443 manum
1757 3379 1941 3443 Aristodcmi
1966 3376 2009 3439 ad-

481 3478 670 3542 sacramenti
690 3477 848 3561 accipitur
866 3486 897 3541 et
918 3486 1068 3559 pensatur
1083 3496 1122 3540 ex
1141 3476 1229 3539 simi·
1283 3478 1345 3540 buc
1377 3478 1546 3557 increduli,
1575 3486 1662 3541 tactu
1694 3496 1753 3541 suo
1781 3479 1861 3542 duos
1889 3484 2008 3540 mortuos

482 3577 618 3641 litudine
632 3578 671 3639 ad
687 3576 841 3640 eflectum
856 3576 996 3638 materias
1010 3575 1200 3637 sacramenti
1219 3597 1226 3636 :
1284 3574 1485 3638 suscitaverit
1502 3576 1657 3657 :quidde
1674 3576 1736 3640 hoo
1757 3578 1941 3640 vestimento
1959 3575 2009 3637 vir-

480 3674 748 3754 quemadmodum
780 3672 965 3755 expurgatio
997 3672 1113 3734 veteris
1143 3670 1225 3749 vitae,
1284 3676 1359 3737 tutis
1379 3674 1608 3757 omnipotentis
1627 3674 1680 3757 pia
1697 3674 1781 3738 fides
1800 3676 1935 3759 suggerit
1953 3691 2008 3734 seu-

482 3790 538 3833 seu
560 3770 693 3835 interior
710 3770 788 3834 lotio
811 3789 830 3832 a
853 3770 1005 3852 peccatis,
1021 3777 1069 3831 est
1092 3767 1228 3831 affectus
1283 3772 1449 3836 tienduml
1473 3773 1506 3836 Si
1529 3774 1560 3836 S.
1586 3774 1667 3836 Petri
1692 3774 1825 3837 baculus
1847 3792 1886 3836 ex
1911 3778 2007 3834 attactu

481 3868 646 3949 baptismi,
664 3888 721 3950 per
734 3867 932 3931 ablutionem
953 3884 1043 3947 aqum
1064 3865 1230 3947 designata
1284 3870 1364 3933 Petri
1380 3872 1515 3953 apostoli
1531 3872 1683 3953 consequi
1698 3872 1802 3953 potuit
1817 3881 1852 3934 ut
1866 3880 1944 3935 tactu
1962 3884 2007 3929 suo

482 3975 514 4029 ct
535 3966 682 4047 figurata.
698 3965 863 4047 Quumque
883 3964 1047 4027 materiato
1070 3964 1104 4026 in
1126 3983 1230 4026 sacra·
1286 3976 1445 4032 mortuum
1467 3970 1588 4032 socium
1607 3970 1807 4033 altannus
1827 3968 2008 4033 Lemovicu-

483 4073 591 4127 mento
606 4064 667 4127 isto
682 4062 725 4125 sit
738 4061 828 4126 cibus
844 4070 875 4125 et
889 4070 994 4145 potuS,
1011 4062 1162 4125 videlicet
1176 4079 1231 4144 pa·
1287 4068 1331 4129 sis
1346 4067 1522 4147 suscitaret,
1540 4075 1684 4131 sanctum
1699 4086 1825 4151 quoque
1846 4070 2006 4141 llatemun,

484 4163 536 4225 nis
550 4170 581 4224 et
594 4161 717 4241 vinum,
734 4168 858 4243 oportet
872 4162 956 4242 quod
971 4159 1108 4223 effectus
1127 4180 1231 4223 saera·
1245 4169 1270 4231 Ι)
1286 4166 1351 4229 imo
1365 4174 1398 4229 et
1411 4166 1550 4246 tertium,
1568 4174 1599 4228 et
1619 4185 1719 4247 usque
1742 4166 1776 4227 in
1798 4184 1932 4249 praesens
1950 4160 2008 4225 reti·

483 4260 583 4324 menti
597 4260 689 4321 istius
709 4267 851 4323 sumatur
870 4278 968 4341 penes
990 4258 1230 4322 similitudinem
1285 4274 1341 4328 net
1359 4272 1394 4327 ut
1411 4265 1451 4327 do
1471 4264 1609 4329 obsessis
1634 4264 1820 4346 corporibus
1841 4265 1942 4349 ejiciat
1960 4260 2008 4323 da

484 4360 523 4423 ad
545 4358 698 4422 affectum
717 4358 780 4421 cibi
804 4367 837 4422 et
860 4367 953 4442 potus
977 4358 1132 4441 corporei,
1149 4358 1232 4421 sicut
1286 4382 1396 4426 mones
1420 4371 1452 4426 et
1476 4381 1529 4427 eos
1553 4362 1640 4445 loqui
1665 4363 1836 4446 compellat
1859 4388 1866 4425 :
1888 4361 1955 4444 quid
1977 4357 2007 4418 dt

483 4458 662 4542 expositum
683 4468 743 4523 est.
1286 4461 1500 4525 sacratissimo
1515 4461 1630 4525 Christi
1652 4480 1786 4545 corpore
1808 4456 2006 4525 sentiendunl

1286 4560 1319 4622 Si
1333 4559 1474 4622 Christus
1490 4559 1640 4623 Dominus
1656 4560 1790 4623 virtutes
1804 4567 1904 4624 tantas
1918 4570 2006 4636 corpe

673 4659 918 4724 ARTlCULUS
942 4657 1035 4721 XXI.
1286 4658 1374 4722 ribus
1388 4658 1586 4737 Sanctorum,
1603 4657 1668 4721 imo
1682 4668 1714 4721 et
1728 4658 1826 4722 aridis
1849 4655 1970 4741 capillis,
1983 4658 2006 4713 et
2102 4704 2103 4707 ,

1299 4757 1384 4839 quod
1398 4756 1578 4820 mirabilius
1594 4758 1654 4836 est)
1669 4776 1779 4821 eorum
1794 4756 1966 4841 pulveribus
1978 4768 2005 4811 ao

481 4801 672 4864 Proseeutio
687 4802 788 4877 bajus
798 4801 958 4869 materies,
966 4806 1085 4874 utputo
1098 4800 1138 4857 de
1149 4816 1231 4874 prce·
1285 4760 1298 4839 (

522 4892 717 4951 clarissimis
727 4890 890 4967 effectibus
900 4898 997 4967 atque
1009 4889 1175 4964 fructibus
1186 4908 1231 4947 sa·
1287 4855 1453 4936 ⁵⁰P¹¹l⁰si⁸2
1484 4854 1615 4966 largitus
1647 4864 1695 4918 est
1728 4879 1735 4917 ²
1771 4856 1924 4967 q}¹⁰ffl⁰d‘{
1956 4866 2005 4912 ⁰⁰¹¹

524 4980 687 5040 eramenta·
702 4981 809 5039 iscius,
1287 4952 1578 5035 incomparabiliter
1605 4953 1705 5017 multo
1734 4972 1871 5035 majores
1898 4956 2005 5013 virtutes

1287 5052 1375 5117 carni
1401 5071 1465 5114 suaa
1491 5052 1557 5133 jam
1586 5070 1694 5114 secum
1717 5052 1903 5134 glorificatae
1923 5044 2006 5112 distri·

526 5149 672 5215 Vestras.
701 5184 743 5196 -
770 5146 946 5231 Tripliciter
973 5166 1072 5209 unum
1102 5147 1140 5210 ab
1169 5147 1231 5212 alio
1287 5151 1378 5214 buitl
1394 5148 1550 5232 Amplius,
1571 5149 1598 5211 si
1622 5148 1759 5213 fimbriae
1777 5146 1949 5213 vestimenti
1967 5140 2088 5204 suinaet

486 5249 557 5314 fieri
582 5250 709 5314 dicitnr.
725 5248 840 5328 Primo,
861 5246 997 5311 naturali
1021 5248 1229 5330 operatione:
1288 5249 1419 5314 donavit
1432 5248 1581 5311 virtutem
1596 5248 1729 5311 sanandi
1748 5262 1954 5331 quoscumque
1970 5224 2036 5303 itt-²
