4309 6259
887 505 1044 552 aarosrrlo
1065 505 1163 551 mm
1187 511 1194 549 :
1218 502 1290 562 AVB,
1312 503 1407 550 HARlS
1428 504 1540 551 sima

517 933 626 1056 DE
677 932 1179 1056 BEATISSIMA
1226 930 1582 1056 VIRGINE
1630 932 1910 1055 Maura

837 1257 919 1353 lb
953 1257 1283 1353 VESPERAS
1321 1258 1585 1355 HYMNUS

547 1588 579 1649 1.
599 1586 682 1665 Ave,
702 1586 804 1649 maris
821 1585 928 1662 stella,
1327 1584 1392 1659 Qui
1412 1602 1470 1667 pro
1489 1585 1596 1665 nobis,
1618 1588 1716 1648 natus

524 1683 586 1747 Dei
604 1683 709 1747 Mater
727 1684 815 1746 alma
1327 1683 1418 1746 Tulit
1436 1701 1508 1747 esse
1526 1686 1616 1747 tuus.

523 1781 633 1863 Atque
652 1799 782 1864 semper
800 1781 906 1863 virgo,

524 1880 620 1943 Felix
639 1880 712 1943 coeli
728 1882 833 1961 porta.
1349 1880 1380 1940 5.
1401 1877 1503 1959 Virgo
1522 1878 1711 1958 singularis,

1326 1975 1415 2038 Inter
1434 1992 1548 2040 omnes
1567 1976 1670 2055 mitis

546 2075 578 2140 2.
599 2076 742 2141 Sumens
759 2074 842 2138 illud
863 2075 931 2138 Ave
1327 2073 1396 2135 Nos
1415 2073 1522 2155 culpis
1540 2074 1679 2153 solutae,

525 2173 689 2239 Gabrielis
707 2191 774 2253 ore,
1325 2171 1422 2235 Mites
1442 2170 1493 2234 iac
1511 2176 1544 2236 et
1562 2174 1681 2235 castos.

523 2271 640 2335 Funde
657 2289 719 2335 nos
737 2272 773 2335 in
789 2289 881 2353 pace,

522 2369 656 2434 Mutans
673 2387 795 2434 nomen
813 2370 904 2433 Evae.
1346 2367 1378 2431 6.
1394 2367 1505 2431 Vitam
1520 2370 1642 2449 praesta
1660 2385 1789 2449 puram,

1324 2466 1391 2529 Iter
1409 2484 1487 2547 para
1506 2469 1627 2546 tutum,

544 2568 576 2631 3.
593 2567 690 2631 Solve
704 2568 812 2631 vincla
826 2566 902 2645 mie,
1324 2565 1369 2628 Ut
1386 2564 1537 2628 videntes
1553 2565 1681 2644 lesum,

519 2664 636 2729 Profer
650 2664 763 2728 lumen
777 2664 894 2745 caecis;
1322 2664 1459 2744 Semper
1477 2662 1691 2729 collaetemur.

519 2763 605 2827 Mala
622 2764 736 2825 nostra
750 2761 847 2843 pelle,

519 2862 612 2925 Bona
631 2862 748 2924 cuncta
767 2876 877 2942 posce.
1344 2861 1376 2923 7.
1393 2859 1443 2924 Sit
1457 2860 1529 2922 laus
1543 2859 1614 2923 Deo
1629 2860 1731 2939 Patri,

1321 2959 1460 3023 Summo
1475 2957 1606 3021 Christo
1621 2957 1733 3037 decus,

543 3061 574 3123 4.
595 3058 743 3123 Monstra
761 3059 794 3122 te
813 3076 885 3123 esse
903 3058 1041 3122 Matrem
1060 3076 1067 3119 :
1321 3056 1460 3137 Spiritui
1479 3056 1612 3135 Sancto,

521 3158 638 3222 Sumat
656 3160 765 3239 perte
783 3174 913 3239 precem
1320 3154 1440 3218 Tribus
1457 3155 1564 3218 bonor
1582 3172 1680 3218 unus.
1699 3156 1817 3219 Amen.

932 3508 1242 3596 EXPOSITIO
1284 3509 1473 3595 HYMNI

467 3809 638 3871 Lnuoarun
652 3806 685 3869 in
700 3824 738 3871 eo
754 3812 953 3869 sacrosancta
967 3803 1057 3885 virgo
1068 3802 1174 3880 Maria,
1191 3804 1216 3865 Α
1231 3801 1329 3883 illius,
1346 3822 1404 3884 per
1417 3803 1501 3884 quod
1515 3802 1688 3865 constituta
1701 3812 1750 3865 est
1764 3802 1927 3884 dignitatis
1948 3814 1982 3867 et

427 3906 512 3989 quod
527 3906 567 3968 ab
581 3904 695 3985 angelo
710 3902 834 3967 coelitus
850 3902 948 3965 misso
963 3900 1108 3978 salutata,
1120 3900 1175 3963 Dei
1230 3900 1424 3963 excellentiae
1452 3901 1684 3982 quodammodo
1713 3900 1861 3979 infinita,
1893 3900 1980 3965 iacta

429 4002 525 4063 Mater
539 4008 586 4063 est
601 3998 878 4079 ellecta3denique
894 4006 1022 4079 rogatur
1035 4006 1070 4059 ut
1084 3996 1176 4061 nobis
1230 3998 1474 4079 comparentalis
1489 3998 1571 4060 Patri
1586 4005 1714 4077 ammo,
1731 4017 1870 4080 veraque
1883 4000 1980 4063 Geni-

429 4107 572 4161 matema
590 4098 760 4161 ostendens
781 4096 914 4177 viscera,
930 4095 1045 4159 Filium
1066 4096 1175 4159 reddat
1229 4096 1291 4157 trix
1315 4094 1472 4177 unigeniti
1491 4095 1562 4157 Filii
1584 4095 1684 4157 Patris
1703 4097 1832 4176 summi,
1859 4095 1979 4160 famili-

428 4196 589 4280 placatum
611 4203 705 4275 atque
726 4194 911 4275 benignum.
1229 4194 1411 4257 arissimum
1440 4194 1758 4275 amantissimumque
1787 4195 1975 4276 sacrarium,

467 4296 585 4358 Auctor
600 4292 890 4356 incertus.Carmen
906 4292 1104 4356 trochaicum
1120 4292 1174 4354 tri·
1228 4293 1382 4373 templum
1397 4301 1429 4354 et
1443 4293 1681 4355 tabernaculum
1701 4292 1839 4374 Spiritus
1854 4294 1975 4373 Sancti,

425 4399 575 4469 metmm,
592 4408 656 4453 non
678 4388 849 4451 excultum.
1228 4398 1259 4452 et
1286 4398 1373 4452 tanta
1401 4392 1528 4453 demum
1564 4410 1601 4453 ac
1635 4390 1707 4453 talis
1741 4391 1773 4452 in
1802 4392 1890 4454 omni
1922 4411 1978 4454 ex·

1227 4488 1375 4551 cellentia
1408 4489 1517 4570 gratim
1549 4508 1586 4551 ac
1617 4488 1783 4567 virtutum,
1815 4489 1848 4551 in
1877 4492 1975 4554 variis

500 4582 629 4647 YllNUS
655 4583 713 4645 iste
738 4583 771 4645 in
797 4582 1040 4646 solennitatibus
1070 4602 1172 4645 sacra·
1227 4587 1470 4649 charismatibus
1494 4586 1646 4649 adorandi
1667 4586 1831 4668 Paracleti‚
1846 4588 1975 4669 qualern

514 4682 644 4746 tissima
668 4681 808 4763 Virginis
832 4682 1028 4744 decantatur.
1050 4682 1083 4743 ln
1107 4698 1172 4760 quo
1227 4704 1263 4747 ac
1287 4692 1437 4765 quantam
1462 4684 1631 4747 condecuit
1654 4703 1724 4747 esse
1746 4685 1875 4747 llatrem
1903 4686 1974 4768 Dei,

422 4783 561 4865 primum
587 4782 688 4864 ipsam
711 4780 1004 4863 praestantissimam
1031 4787 1171 4843 nostram
1226 4782 1412 4865 angelorum
1426 4783 1591 4864 Reginam,
1608 4789 1639 4844 et
1653 4783 1888 4865 imperatricem
1903 4787 1978 4847 uni-

421 4881 588 4946 Dominam
617 4881 790 4943 salutamus
818 4886 849 4941 et
878 4878 1107 4955 collaudamus,
1131 4878 1170 4940 ad
1226 4900 1390 4944 versorum
1414 4882 1612 4945 Sanctorum.
1636 4881 1680 4943 lle
1704 4900 1766 4962 qua
1791 4891 1919 4948 sanctus
1942 4894 1976 4947 et

422 4980 611 5063 captandam
637 4976 892 5042 benevolentiam
918 4976 1000 5057 ejus,
1027 4975 1091 5037 imo
1116 4994 1172 5057 po
1188 4989 1211 5050 Β
1226 4979 1355 5043 fervens
1380 4980 1434 5042 ille
1457 4980 1597 5061 ignatius
1622 4998 1679 5043 suo
1704 4979 1833 5062 scripsit
1856 4999 1976 5062 prace-

421 5080 485 5143 tius
500 5081 539 5142 ad
555 5077 777 5142 honorandum
792 5095 862 5138 eam
880 5074 913 5136 in
932 5074 1077 5153 Domino,
1094 5075 1170 5156 quia
1226 5078 1320 5161 ptari,
1345 5078 1457 5141 Joanni
1486 5078 1629 5159 apostolo
1660 5101 1667 5139 ε
1697 5076 1795 5151 Quem
1825 5097 1889 5142 non
1918 5080 1975 5143 de-

423 5186 494 5262 post
518 5197 630 5241 verum
656 5176 754 5237 Deum
783 5192 906 5236 summe
934 5192 971 5235 ac
1000 5173 1094 5237 unice
1122 5182 1170 5236 est
1226 5177 1321 5239 lectet
1347 5195 1417 5239 eam
1446 5175 1555 5238 videre
1587 5194 1657 5257 qua
1690 5176 1789 5238 Deum
1823 5178 1971 5260 deorum,

422 5278 557 5345 amanda
577 5294 613 5338 ao
633 5272 829 5349 honoranda,
846 5278 956 5354 utpote
976 5290 1052 5334 vera
1072 5272 1170 5335 lister
1223 5293 1413 5357 permanens
1438 5274 1539 5356 virgo,
1560 5275 1671 5356 genuit
1695 5274 1798 5355 nobis,
1815 5275 1842 5337 si
1862 5284 1973 5340 tamen
