4309 6259
670 494 827 544 uxrosmo
851 494 959 543 unsa.
982 512 1023 525 -
1042 494 1113 541 aar.
1135 496 1176 541 xv
1642 470 1700 537 347

148 667 352 732 ollerendum
376 692 383 729 :
409 666 456 731 sic
480 667 567 731 onim
591 667 755 730 immolata
778 666 898 731 oblatio
911 665 938 728 Α
953 666 1200 730 considerationi
1229 664 1385 747 infigere,
1411 673 1443 727 ct
1470 663 1530 727 hoc
1561 662 1594 724 in
1622 681 1701 745 pra-

45 767 325 850 cumplurimum
339 768 453 850 placet.
469 766 592 830 idcirco
606 766 650 829 ait
671 766 770 830 David
787 790 795 828 ε
812 765 897 843 Scio,
953 765 1035 829 senti
1059 764 1173 829 cilicio
1202 784 1326 828 summe
1355 762 1537 846 requiritur,
1565 762 1701 824 maxime

42 853 61 893 ¹⁷·
149 866 283 929 Domine
296 866 380 928 Deus
395 885 496 943 meus,
512 866 596 947 quod
616 865 732 946 probes
752 865 848 927 corda
867 872 899 926 et
954 861 987 922 in
1006 861 1068 923 lroc
1089 862 1170 941 loco,
1187 862 1337 943 quoniam
1360 866 1593 925 sacramentum
1617 859 1701 923 istud

150 963 389 1046 simplicitatem
404 962 541 1044 diligas3
557 963 641 1025 uude
656 970 688 1023 et
701 979 761 1042 ego
776 962 810 1024 in
826 960 899 1023 sim·
953 960 1092 1023 totaliter
1105 960 1251 1023 divinum
1267 968 1299 1023 ot
1313 960 1477 1042 spirituale
1499 979 1536 1023 ac
1558 958 1700 1021 abditum

151 1061 293 1143 plicitate
321 1060 426 1125 cordis
455 1061 518 1123 mei
547 1062 637 1123 letus
660 1060 761 1123 obtuli
790 1058 900 1122 omnia
952 1066 1010 1121 est.
1027 1058 1247 1141 despondetur
1266 1076 1341 1121 vero
1357 1057 1513 1121 sacerdoti
1531 1080 1538 1120 ι
1554 1059 1700 1134 Dianam

148 1160 228 1222 haec.
245 1158 365 1221 Deinde
380 1158 512 1220 materia
526 1158 742 1221 consecranda
757 1158 820 1219 Deo
841 1174 900 1237 per
952 1166 983 1216 et
990 1158 1124 1233 justum
1139 1157 1263 1219 est.Sed
1279 1157 1400 1219 utinam
1417 1175 1507 1219 meus
1522 1155 1592 1237 ipsa
1606 1162 1701 1235 atque

150 1258 347 1320 sacerdotem
367 1255 514 1335 ollertur,
536 1257 696 1319 dicentem
713 1279 720 1316 :
738 1258 780 1316 ln
800 1256 900 1331 spiri·
953 1252 1083 1317 allectio
1099 1255 1171 1317 voci
1190 1255 1399 1333 cuncordent3
1416 1254 1538 1316 utinam
1561 1253 1702 1316 conside

149 1366 185 1416 tu
214 1358 428 1425 humititatis,
453 1363 513 1417 etc.
540 1355 627 1429 Quod
650 1372 726 1417 vero
753 1352 900 1435 adjungi·
953 1352 1075 1415 ratione
1090 1352 1254 1435 sapientie
1273 1360 1367 1434 atque
1386 1352 1563 1415 clementie
1580 1350 1703 1413 beneti-

150 1462 212 1531 tur,
226 1455 267 1513 In
282 1454 413 1512 nomine
427 1453 543 1514 Patris
557 1453 578 1533 †
590 1462 621 1512 et
636 1453 721 1513 Filii
738 1461 769 1510 ct
789 1452 899 1526 Spiri·
953 1450 1140 1531 ciorumque
1154 1450 1209 1513 Dei
1226 1459 1290 1512 tarn
1310 1450 1457 1513 sacerdos
1476 1468 1571 1531 quam
1587 1447 1701 1528 reliqui

151 1562 204 1611 tus
217 1551 347 1620 Sancti,
363 1547 500 1612 refertur
513 1549 553 1611 ad
573 1557 678 1611 actum
701 1555 897 1629 sequentem,
952 1556 1161 1632 occupentur,
1177 1548 1352 1630 praesertim
1372 1549 1405 1611 in
1421 1549 1481 1611 hec
1505 1548 1585 1627 loco,
1602 1554 1633 1609 et
1655 1546 1702 1607 in-

150 1649 206 1731 qui
235 1648 368 1711 calicem
397 1667 469 1710 cum
498 1647 591 1728 signo
623 1646 727 1709 crucis
755 1646 896 1727 deponit.
954 1666 1049 1729 super
1069 1666 1171 1729 usque
1193 1648 1226 1709 in
1249 1646 1347 1709 linem
1370 1645 1485 1709 olllcil.

149 1747 352 1810 Postmodum
366 1746 407 1808 ad
428 1744 610 1807 ministrum
632 1764 668 1806 ac
690 1743 843 1826 populum
863 1762 898 1805 se
994 1746 1147 1809 Sacerdos
1169 1754 1274 1807 autem
1299 1744 1395 1809 choro
1420 1744 1634 1821 consentiens,
1651 1762 1702 1805 ea-

150 1844 309 1908 couvertit
336 1843 483 1906 sacerdos
512 1842 546 1904 in
575 1841 715 1918 silentio,
746 1842 857 1905 dicens
889 1836 936 1902 :B
955 1845 1028 1907 dem
1050 1845 1147 1907 verba
1169 1843 1294 1926 repetit,
1311 1844 1446 1906 dicens:
1473 1846 1550 1906 Vere
1563 1844 1702 1918 azynum

151 1949 262 2013 Orate,
274 1945 412 2021 fratres,
423 1961 486 2019 pro
500 1962 562 2011 mc,
573 1949 635 2003 eto.
647 1940 686 2002 lu
700 1940 784 2002 siout
797 1959 900 2003 sacer·
954 1953 985 2004 et
991 1945 1124 2020 justum
1139 1952 1197 2012 est,
1207 1962 1337 2021 oequum
1352 1950 1382 2001 et
1397 1944 1555 2010 salutare,
1570 1959 1627 1999 nos
1643 1940 1705 2001 tibi

150 2043 206 2105 dos
231 2042 316 2123 gerit
339 2059 507 2123 personam
532 2041 659 2116 curisti,
686 2040 730 2101 ita
753 2039 901 2102 minister
955 2050 1123 2117 comperet
1139 2041 1400 2120 ubiqueyratias
1419 2058 1525 2115 apere.
1542 2038 1704 2101 Ponuntur

150 2140 231 2220 gerit
271 2156 440 2220 personam
473 2138 636 2215 Ecclesiae,
672 2138 820 2219 quamvis
858 2138 899 2199 sit
955 2140 1008 2203 hic
1022 2146 1159 2220 quatuor
1173 2137 1303 2201 uomina
1324 2136 1493 2216 adjectiva,
1510 2154 1579 2217 quae
1601 2134 1704 2217 expri-

151 2256 233 2299 unus
251 2260 259 2299 :
276 2244 308 2299 et
322 2254 397 2317 ergo
412 2237 559 2299 sacerdos
579 2236 746 2318 pluraliter
765 2234 900 2315 alloqui·
956 2245 1048 2299 munt
1071 2254 1130 2298 our
1152 2235 1216 2297 Deo
1241 2234 1403 2315 regratiari
1425 2242 1581 2296 tenemur.
1606 2234 1704 2295 'lene-

151 2343 200 2397 tur
222 2354 310 2397 eum.
957 2354 1028 2397 mur
1041 2334 1129 2397 enim
1144 2332 1208 2396 Deo
1223 2332 1340 2414 gratias
1361 2352 1454 2413 agere
1472 2354 1478 2393 :
1497 2330 1612 2413 primo,
1629 2330 1704 2412 quia

187 2433 428 2514 Consequenter
455 2433 602 2496 sacerdos
631 2440 700 2496 orat
724 2450 802 2495 voce
826 2430 900 2493 sula
955 2432 1017 2495 hoc
1039 2432 1173 2513 dignum
1197 2438 1263 2505 est3
1287 2430 1438 2507 secundo,
1461 2430 1536 2511 quia
1560 2429 1702 2510 justum3

151 2530 261 2608 missa,
279 2537 391 2611 petens
412 2549 431 2591 a
449 2530 513 2592 Deo
532 2528 686 2592 ellectum
706 2537 738 2591 et
759 2529 899 2591 irnctum
956 2528 1060 2605 tertio,
1076 2530 1152 2608 quia
1167 2546 1308 2609 equnm3
1326 2535 1448 2608 quarto,
1466 2527 1540 2609 quie
1555 2527 1702 2589 salutare.

150 2627 466 2711 acceptationemque
482 2628 653 2691 oblationis
671 2628 829 2704 exhibite,
846 2627 900 2689 be·
956 2627 1074 2689 llorum
1090 2644 1165 2689 vero
1180 2632 1313 2708 quatuor
1332 2625 1499 2687 nominum
1521 2624 1704 2687 differentia

151 2728 368 2789 nedictionem
384 2744 510 2807 quoque
525 2725 638 2788 oblatae
653 2727 803 2803 materiae,
817 2725 899 2788 sicut
957 2724 1139 2787 insinuatur
1153 2744 1210 2805 per
1223 2742 1260 2785 ea
1275 2741 1344 2804 quae
1364 2731 1549 2802 sequuntur.
1568 2723 1704 2805 Subiun-

151 2834 259 2907 patere
274 2832 378 2907 potest
399 2824 614 2887 consideranti
635 2823 776 2886 diversas
798 2844 900 2887 secre-
956 2823 1042 2905 gitur
1061 2822 1149 2885 enim
1166 2845 1173 2883 :
1191 2822 1327 2883 Domine
1346 2830 1467 2890 sancte,
1482 2824 1586 2883 Pater
1604 2824 1705 2882 oanni·

151 2933 206 2985 tae.
222 2923 289 2984 llas
303 2929 409 2984 autem
422 2922 582 2984 orationes
605 2920 637 2982 iu
659 2920 787 2983 silentio
808 2920 897 2997 dicit,
954 2932 1078 2999 petens,
1094 2931 1214 2982 aeterne
1228 2923 1326 2989 Deus,
1337 2936 1400 2995 per
1415 2920 1580 2980 Christum
1595 2920 1704 2981 Domi·

150 3021 305 3103 qnoniam
320 3039 384 3084 non
399 3020 549 3083 dicuntur
563 3020 596 3081 in
613 3038 748 3100 persona
768 3019 898 3099 populi3
915 3016 937 3079 C
957 3040 1036 3080 num
1065 3029 1222 3079 nostrum.
1249 3017 1292 3079 De
1317 3016 1434 3097 quibus
1464 3016 1589 3098 plenius
1617 3015 1703 3098 loqui

151 3121 204 3182 sed
229 3119 309 3201 quia
332 3120 483 3182 dicuutur
505 3136 563 3200 pro
586 3118 717 3200 populo,
742 3116 814 3180 ideo
838 3116 900 3179 alte
956 3124 1092 3197 oportet.

151 3219 373 3280 terminentur.
399 3218 567 3298 Propterea
591 3232 717 3297 quoque
741 3213 901 3277 submissa

150 3335 227 3379 voce
251 3316 415 3393 dicuntur,
432 3323 588 3396 qnatenus
610 3312 784 3376 collectiori
804 3312 900 3375 deve

149 3414 290 3495 tiorique
324 3422 429 3476 mente
459 3411 715 3494 pronuntientur,
747 3411 797 3473 vel
825 3411 900 3491 quia
1050 3490 1054 3497 Ι
1159 3380 1404 3445 ARTICULUS
1428 3380 1502 3442 XV·

149 3513 322 3594 designant
336 3512 494 3574 orationes
514 3508 629 3572 Christi
652 3517 801 3589 secretas,
818 3508 900 3571 sicut
955 3532 1003 3591 De
1028 3530 1196 3587 intellec„
1222 3527 1440 3602 Proesagponis
1467 3528 1669 3605 quotidiam
1694 3546 1706 3587 ι.

43 3628 134 3672 aaa.
148 3630 248 3692 quum
281 3618 349 3672 erat
374 3615 564 3690 pernoctans
592 3608 626 3669 iu
655 3608 798 3671 oratione
830 3607 898 3685 Dei,
1091 3618 1167 3679 Vere
1182 3618 1320 3691 dranum
1336 3624 1367 3699 et
1373 3617 1504 3693 justum
1520 3624 1578 3675 est.

43 3720 69 3761 td·
89 3736 134 3769 nu.
148 3717 179 3771 et
202 3717 350 3789 ternpore
372 3706 530 3789 passionis
553 3706 701 3785 instante,
728 3706 857 3769 avulsus
881 3726 900 3768 a

43 3814 49 3823 ‘
146 3806 320 3889 discipulis
340 3806 463 3867 Patrem
478 3804 593 3868 oravit.
1025 3807 1079 3865 BI
1103 3824 1177 3863 eras
1205 3823 1306 3882 quum
1335 3823 1385 3863 nte
1408 3806 1584 3865 laudarent
1613 3814 1704 3865 astra
1718 3819 1853 3871 lausanna,

185 3906 358 3986 Postquam
380 3912 485 3966 autem
512 3922 698 3986 responsum
724 3910 772 3964 est
797 3921 901 3964 sarcr—
1040 3902 1219 3970 rnatutina,
1246 3910 1276 3960 et
1293 3902 1481 3978 jubilarent
1507 3921 1615 3961 ornnes
1638 3903 1706 3978 filii
1720 3894 1811 3942 *Μ

145 4004 223 4080 doti,
245 4007 368 4071 Amen,
388 4001 555 4083 subjungit
581 4022 588 4061 :
614 4002 776 4063 Dominus
801 4002 901 4059 codis·
954 4002 1017 4062 Dei
1028 4001 1043 4059 i
1056 3998 1102 4060 ait
1122 3997 1340 4080 Omnipotens
1359 4000 1438 4067 Quis
1457 4000 1627 4059 enarrabit
1649 4020 1706 4059 cce·

144 4123 229 4162 cnm.
247 4102 339 4164 runc
354 4100 441 4162 euim
462 4098 629 4179 praesentia
650 4098 705 4161 Dei
728 4106 760 4160 et
781 4098 900 4160 illumi·
955 4101 1064 4158 lorum
1089 4098 1263 4163 rationem,
1279 4106 1308 4157 et
1327 4106 1516 4157 concentum
1537 4099 1610 4157 creti
1632 4098 1706 4177 quis

144 4202 233 4263 natio
246 4197 360 4281 gratiae
374 4198 445 4278 ejus
460 4204 547 4259 tanto
562 4197 699 4278 amplius
719 4197 899 4259 necessaria
915 4198 939 4259 D
956 4198 1104 4256 dormire
1118 4197 1218 4271 saciet
1232 4197 1246 4255 P
1260 4196 1325 4257 Hoc
1341 4214 1469 4276 prorsus
1485 4194 1624 4258 coelestis
1639 4214 1706 4277 per·

144 4305 192 4357 est
217 4303 343 4378 quanto
366 4314 403 4357 ea
427 4313 498 4375 quar
525 4302 644 4356 restant
673 4294 775 4374 magis
801 4294 900 4355 ardua
955 4292 1053 4356 lectio
1086 4302 1180 4373 atque
1215 4293 1360 4374 angelica
1388 4292 1465 4373 vite,
1496 4301 1527 4355 ct
1557 4294 1589 4355 in
1618 4295 1704 4356 omni

144 4404 229 4457 sunt.
257 4392 379 4456 Volens
406 4410 482 4473 ergo
506 4392 652 4454 sacerdos
676 4392 828 4473 populum
858 4392 897 4453 ad
956 4391 1121 4474 presentis
1158 4391 1315 4454 incolatus
1350 4389 1529 4453 alilictione
1559 4391 1705 4454 dulcissi-

143 4493 257 4555 divina
271 4491 424 4573 mysteria
438 4508 615 4573 praeparare
634 4490 801 4553 excitando
822 4510 895 4553 eum
955 4510 1043 4552 mum
1059 4489 1260 4569 refrigerium
1284 4487 1477 4567 unicumque
1498 4488 1654 4567 levamen,
1672 4490 1704 4551 iu

142 4593 181 4653 ad
212 4592 347 4653 laudem
374 4589 517 4651 divinam
548 4587 580 4648 in
605 4588 674 4669 ipsa
701 4587 897 4666 Praelatione,
956 4588 1104 4651 laudibus
1133 4588 1187 4649 Dei
1216 4586 1378 4667 occupari,
1405 4585 1568 4664 delectari,
1594 4606 1705 4649 aceen-

143 4709 214 4771 quee
239 4687 360 4768 incipit
384 4686 440 4764 ibi,
464 4686 544 4749 Vere
567 4685 700 4767 dignum
724 4695 755 4749 et
777 4685 899 4767 justum
955 4687 999 4750 di.
1023 4687 1087 4749 Hoc
1112 4684 1158 4765 (ni
1187 4683 1294 4762 lallor)
1324 4683 1464 4765 gustavit
1492 4684 1619 4765 sapiens
1650 4685 1704 4748 ille

142 4796 201 4863 est,
220 4785 343 4849 invitat
356 4784 504 4847 eumdem
518 4784 558 4846 ad
572 4784 764 4847 laudandum
779 4785 898 4847 ditissi-
955 4784 1010 4865 qui
1039 4783 1118 4846 dixit
1150 4806 1157 4843 :
1188 4782 1340 4844 Laudabit
1373 4801 1473 4864 usqne
1502 4784 1541 4845 ad
1570 4792 1703 4847 mortem
1720 4808 1853 4859 nunna,

141 4905 245 4948 mum.
277 4884 354 4947 Ideo
381 4882 470 4945 addit
495 4906 502 4943 :
528 4886 671 4944 Sursum
698 4886 807 4944 corda.
830 4882 900 4945 Non
955 4882 1062 4944 anima
1082 4900 1153 4943 mea
1171 4879 1351 4942 Dominum.
1369 4880 1407 4941 Et
1426 4881 1554 4943 divinus
1573 4882 1701 4944 David:

140 4984 230 5045 enim
258 4980 393 5044 laudare
415 4980 559 5042 valemus
583 4979 682 5041 Denm
708 4981 833 5043 sincere
861 5001 898 5044 ac
955 4981 1088 5043 Psallam
1105 4979 1236 5060 (inquit)
1253 4978 1316 5041 Deo
1332 4998 1403 5041 meu
1418 4980 1570 5061 quamdiu
1591 4980 1702 5058 iuer03
1719 5004 1852 5053 ramas.

140 5081 251 5163 digne,
265 5077 334 5141 nisi
349 5076 594 5159 contemplando
607 5076 718 5139 divina
735 5101 742 5138 ε
759 5079 797 5140 ad
812 5080 898 5159 quod
955 5087 986 5141 et
1014 5079 1127 5140 iterum
1161 5100 1167 5138 :
1199 5077 1379 5139 iucundum
1409 5077 1450 5140 sit
1479 5077 1508 5139 ei
1542 5079 1703 5158 eloquium
1719 5106 1853 5158 manaa

139 5198 278 5243 necesse
310 5184 360 5239 est
393 5174 546 5239 interiore
578 5184 610 5238 et
641 5176 809 5239 sensibilia
838 5177 899 5240 ista
955 5197 1075 5254 meum,
1101 5194 1160 5258 ego
1186 5196 1261 5239 vero
1285 5176 1467 5239 delectabor
1495 5177 1527 5237 in
1555 5177 1699 5241 Domino.

141 5278 343 5360 relinquere,
359 5273 539 5354 mentisque
563 5274 692 5338 oculum
716 5274 899 5339 divinorum
954 5276 1028 5337 Due
1042 5282 1148 5337 autem
1164 5282 1239 5337 sunt
1260 5274 1397 5336 rationes
1419 5272 1569 5336 laudandi
1590 5274 1701 5355 Deum,
