4309 6259
329 980 407 1025 Jacob.
421 992 452 1033 m,

319 1045 391 1089 fbfl.

361 2653 433 2697 Booti.

313 2729 394 2766 xnvrv,
413 2718 447 2757 22.

300 2778 447 2829 Ibidurdtt.

312 2938 380 2983 Duo.
390 2951 448 2989 xxm,

315 3004 348 3045 ¹8.

327 3134 398 3178 Hebr.
411 3148 448 3187 mv,

315 3202 348 3250 fl,
361 3200 394 3242 fi.

328 3924 393 3968 Rom.
405 3939 449 3978 mv,

315 3990 349 4031 lt.

313 4120 375 4165 Ibid.
382 4134 418 4174 ιι,
427 4125 447 4175 a,

349 4515 409 4559 Ibid.
424 4518 445 4559 2.

327 4710 405 4754 Galat.
415 4726 445 4762 m,

320 4906 409 4951 natet.
424 4922 446 4960 r,

310 5101 366 5159 Sap.
375 5116 398 5154 ιι,
409 5106 443 5155 rt.

218 5191 220 5194 -
309 5167 344 5208 25.

464 480 524 547 472

742 500 782 547 DE
803 498 1003 547 sementare
1023 497 1234 545 nummisma:
1256 496 1413 543 sannone
1435 497 1502 543 SEX.
1526 516 1565 529 -
1586 497 1687 545 8811Ιο
1707 498 1739 547 vl

465 670 537 750 fosi,
553 672 742 735 contentiosi
756 678 789 734 et
802 671 953 734 turbativi
974 670 1038 733 sint
1059 668 1211 747 invicem,
1227 668 1252 731 A
1268 668 1324 749 qui
1342 667 1559 733 dissensiones
1574 677 1606 731 et
1620 668 1769 733 scandala
1789 668 1951 735 concitant.
1964 671 1994 734 lit

464 770 707 852 indignabundi,
720 771 819 834 amari
834 790 872 833 ac
887 770 1047 854 partiales,
1060 788 1125 832 non
1141 787 1214 849 pen·

465 878 571 933 santes
594 872 678 952 quod
703 878 830 932 sanctus
854 869 962 933 scribit
979 867 1141 950 apostolus
1163 868 1214 930 la-

466 970 565 1032 cobus
601 992 609 1030 :
644 969 676 1031 Si
710 968 813 1031 zelum
845 986 988 1031 amamm
1023 965 1147 1029 habetis
1182 972 1213 1029 et

466 1066 686 1131 contentiones
700 1074 774 1130 sunt
793 1068 825 1129 in
845 1067 995 1131 cordibus
1015 1066 1139 1145 vestris,
1156 1083 1213 1127 ne

465 1164 521 1229 lite
545 1164 686 1247 gloriari,
713 1172 745 1227 ct
769 1166 938 1228 mendaces
962 1183 1032 1227 esse
1060 1164 1212 1226 adversus

465 1263 641 1326 veritatem.
658 1262 727 1326 Non
741 1269 790 1325 cst
804 1261 891 1325 enim
905 1261 1060 1343 sapientia
1077 1260 1137 1322 ista
1158 1260 1212 1323 de

465 1380 592 1424 sursum
606 1361 816 1438 descendens,
832 1361 887 1422 sed
903 1368 1039 1437 terrena,
1051 1356 1208 1435 animalis,

465 1457 634 1521 diabolica.
650 1456 708 1519 Ubi
724 1458 808 1521 enim
829 1457 916 1520 zelus
929 1464 962 1520 et
975 1454 1148 1533 contentio,
1165 1455 1210 1517 ibi

464 1555 677 1618 inconstantia
701 1563 733 1617 et
756 1573 850 1618 omne
874 1573 954 1637 opus
979 1572 1121 1635 pravum.
1138 1552 1211 1627 Quae

464 1662 570 1716 autem
582 1654 749 1715 desursum
762 1660 810 1715 est
822 1651 1133 1735 sapientia,primum
1146 1650 1212 1732 qui·

463 1752 536 1813 dcm
552 1750 666 1833 pudica
679 1758 739 1830 cst,
754 1750 870 1813 deinde
885 1749 1033 1833 pacifica,
1055 1748 1209 1828 modesta,

1267 766 1384 829 scimus
1416 766 1491 849 quia
1524 786 1573 831 vae
1606 767 1729 832 homini
1758 766 1807 831 illi
1834 788 1890 851 per
1915 788 1992 851 quem
2012 798 2062 841 rm

1267 865 1451 928 scandalum
1468 865 1565 929 venit.
1579 864 1669 946 Nam,
1682 874 1717 928 ut
1730 865 1891 947 legislator
1904 866 2058 931 noemmi-

1266 969 1411 1041 testatur,
1427 962 1623 1045 quicumque
1637 964 1899 1027 scandalizaverit
1911 984 1992 1029 unum
2001 984 2058 1028 ιιιι

1267 1080 1304 1123 ex
1322 1060 1373 1123 his
1392 1061 1529 1143 pusillis,
1546 1061 1673 1143 expedit
1690 1061 1720 1125 ci
1746 1068 1782 1123 ut
1805 1064 1993 1145 suspendatur

1266 1158 1351 1222 mola
1365 1160 1501 1222 asinaria
1516 1160 1549 1221 in
1564 1159 1647 1223 collo
1666 1160 1747 1242 ejus,
1765 1168 1797 1222 et
1815 1162 1992 1243 demergatur

1267 1255 1300 1318 in
1325 1256 1519 1338 profundum
1545 1257 1652 1320 maris.
1668 1256 1755 1331 Quod
1776 1258 1803 1319 si
1824 1257 1866 1320 ila
1888 1259 1992 1321 damna·

1267 1353 1331 1417 bile
1346 1362 1394 1417 est
1408 1374 1507 1417 unum
1522 1354 1736 1418 scandalizare
1750 1355 1992 1438 pusillumqunn·

1266 1459 1306 1515 tae
1339 1452 1553 1516 damnationis
1581 1461 1629 1515 est
1655 1453 1772 1517 multos
1802 1454 1990 1517 scandalizare

1267 1549 1465 1630 hujusmodi,
1483 1550 1618 1613 aliorum
1643 1550 1800 1632 impedire
1822 1551 1989 1633 profectum,

1268 1647 1425 1710 retardare
1441 1666 1637 1729 processum,
1655 1648 1815 1711 fervorem
1836 1650 1991 1731 exstingue

1268 1764 1312 1825 re,
1329 1745 1412 1807 etad
1428 1746 1592 1809 remissius
1607 1747 1765 1828 agendum
1781 1746 1945 1811 induceret

464 1848 637 1925 suasibilis,
648 1848 740 1911 bonis
755 1849 970 1926 consentiens,
981 1849 1076 1929 plena
1090 1847 1249 1913 miseri-B
1307 1844 1411 1923 Porro,
1428 1844 1584 1908 diabolica
1608 1844 1703 1924 mala,
1727 1846 1892 1926 detractio,
1906 1866 1992 1909 susur-

463 1946 572 2010 eordia
586 1954 618 2009 ct
632 1946 789 2009 fructibus
804 1946 908 2010 bonis.
925 1946 948 2008 0
968 1964 1063 2027 quam
1086 1954 1212 2008 senten-

463 2046 543 2109 tiosa
556 2053 631 2107 sunt
644 2045 751 2107 omnia
765 2045 862 2107 verba
877 2045 937 2106 ista
949 2051 956 2106 1
974 2063 1069 2125 quam
1083 2043 1209 2106 dulcem

462 2152 586 2224 gereret
609 2143 718 2223 vitam,
736 2142 832 2205 etiam
856 2142 889 2204 in
914 2141 1072 2223 presenti,
1094 2141 1147 2223 qui
1174 2160 1211 2203 ea

462 2240 630 2322 impleret!
647 2247 679 2302 et
694 2258 789 2320 quam
809 2239 903 2321 longe
926 2248 1000 2302 sunt
1019 2240 1079 2301 ista
1099 2260 1118 2302 a
1138 2239 1211 2301 Fra·

461 2337 563 2401 tribus
588 2336 799 2414 immansivis,
815 2336 999 2400 hominibus
1018 2337 1139 2419 proprii
1159 2357 1209 2399 ca·

461 2436 548 2519 pitis,
565 2435 644 2498 filiis
657 2435 779 2517 proprii
794 2454 918 2514 sensus,
934 2435 989 2516 qui
1004 2454 1117 2517 graves
1136 2444 1210 2498 sunt

461 2532 668 2615 sibimetipsis
683 2553 720 2595 ac
740 2532 831 2595 aliist
848 2532 967 2614 Nempe
988 2533 1043 2614 qui
1066 2553 1140 2596 vere
1162 2541 1211 2596 est

462 2631 600 2713 sapiens,
617 2631 724 2693 suavis
739 2639 788 2693 est
802 2630 918 2693 animae
932 2651 1006 2694 suae.
1020 2630 1089 2694 Non
1104 2639 1209 2694 autem

462 2738 509 2793 est
534 2748 646 2792 sensus
669 2729 723 2791 ubi
748 2729 889 2791 abundat
913 2729 1101 2792 amaritudo.
1128 2729 1209 2792 Hinc

462 2843 600 2905 namque
618 2833 651 2887 et
668 2824 788 2906 Moyses
807 2824 925 2906 populo
951 2825 1037 2886 durae
1063 2824 1207 2902 cervicis,

462 2922 541 2985 filiis
554 2921 662 3001 Israel,
678 2922 758 2984 dizit
774 2946 781 2983 ε
798 2921 866 2985 Non
882 2922 924 2983 sit
938 2921 1021 2983 inter
1042 2941 1099 2985 vos
1121 2923 1209 2984 radix

1267 1942 1357 2021 ratio,
1387 1942 1554 2007 discordie
1583 1943 1762 2021 seminatio,
1790 1945 1823 2006 in
1853 1944 1990 2007 infinitum

1266 2040 1331 2103 sint
1345 2041 1438 2123 longe
1452 2060 1470 2103 a
1484 2040 1588 2105 nobis.
1607 2041 1667 2104 Sed
1689 2050 1721 2103 et
1742 2042 1897 2121 levitates,
1912 2043 1992 2105 disse

1267 2138 1416 2217 lutiones,
1433 2138 1706 2218 cachinnationes,
1722 2147 1875 2221 tanquam
1890 2140 1992 2221 spiritu-

1267 2236 1365 2299 alium
1389 2256 1513 2300 venena
1532 2237 1734 2318 profectuum
1760 2238 1893 2302 sollicite
1913 2238 1991 2301 evite-

1266 2352 1347 2396 mus.
1363 2332 1441 2397 Nam
1461 2334 1515 2415 qui
1535 2334 1605 2397 sine
1629 2335 1742 2399 timore
1767 2344 1827 2413 est,
1843 2336 1989 2419 justificari
2001 2352 2079 2395 rante

1266 2450 1330 2495 non
1350 2440 1474 2513 potest;
1490 2441 1522 2494 et
1540 2433 1595 2515 qui
1618 2432 1709 2496 timet
1729 2434 1843 2513 Deum,
1860 2434 1932 2496 nihil
1949 2450 2049 2496 nerea
2061 2464 2079 2487 t.

1265 2529 1367 2610 gligit.
1384 2530 1537 2593 Universa
1555 2531 1684 2593 demum
1709 2550 1779 2613 quae
1802 2532 1930 2613 agimus,
1945 2516 2024 2593 suh¹⁹'

1265 2627 1377 2691 ordine
1396 2628 1497 2691 divini
1517 2630 1634 2692 amoris
1659 2648 1828 2711 ponamus,
1845 2639 1876 2693 et
1898 2636 1991 2693 cuncta

1266 2725 1415 2788 exercitia
1434 2733 1541 2789 nostra
1563 2726 1714 2790 interiora
1738 2736 1771 2790 et
1794 2728 1948 2805 exteriora,
1960 2727 1990 2789 ad

1266 2824 1538 2887 ferventissimum
1564 2843 1601 2887 ae
1625 2824 1879 2889 sincerissimum
1902 2824 1947 2888 Dei
1967 2832 1991 2887 et

1266 2923 1482 3005 proximorum
1503 2922 1681 3004 (potissime
1706 2923 1776 3005 Dei)
1798 2944 1941 3000 amorem,
1955 2924 1992 2984 in-

461 3019 643 3101 germinans
659 3019 701 3081 fel
718 3027 750 3082 et
763 3019 1016 3081 amaritudinem.
1031 3019 1209 3101 Paulusque
1225 3023 1246 3087 C
1266 3020 1449 3084 desinenter
1462 3040 1499 3084 ac
1515 3020 1745 3104 sapientialiter
1765 3022 1941 3086 referamus.
1955 3020 1991 3083 td

463 3117 621 3180 universis
636 3116 786 3179 fidelibus
804 3140 811 3177 ε
827 3119 939 3179 Pacem
955 3117 1086 3197 (inquit)
1107 3118 1211 3198 sequi·
1266 3118 1393 3181 faudem
1417 3127 1450 3181 et
1472 3119 1605 3201 gloriam
1630 3119 1874 3202 OmnipotentiS,
1889 3120 1936 3201 qui
1954 3127 1992 3181 est

463 3214 542 3277 mini
557 3233 631 3276 cum
646 3213 805 3296 omnibus,
822 3222 854 3277 et
867 3214 1123 3293 sanctimoniam,
1140 3216 1210 3279 sine
1266 3236 1361 3297 super
1375 3216 1483 3279 omnia
1497 3218 1579 3280 Deus
1594 3217 1741 3281 sublimis
1762 3226 1794 3281 et
1816 3218 1990 3282 benedictus.

462 3331 525 3393 qua
549 3330 643 3375 nemo
667 3311 789 3375 videbit
812 3312 932 3388 Deum;
957 3313 1210 3393 contemplantes
1264 3316 1377 3379 Amen.

463 3428 579 3491 nequa
600 3410 688 3471 radix
708 3410 929 3473 amaritudinis
949 3429 1074 3472 sursum
1094 3412 1211 3492 germi-

463 3527 543 3571 nans
566 3507 730 3590 impediat,
757 3516 789 3570 et
813 3508 977 3590 perillam
1002 3508 1211 3590 inquinentur

462 3606 564 3669 multi.
587 3605 718 3687 Nempe,
741 3613 777 3668 ut
798 3606 956 3669 Climacus
981 3605 1131 3688 loquitur,
1148 3606 1211 3670 fre

462 3712 597 3785 quenter
616 3723 699 3766 unus
718 3704 806 3767 canis
826 3712 926 3767 totum
952 3723 1080 3786 gregem
1105 3706 1211 3769 turba-

463 3802 521 3881 vit,
537 3810 569 3865 et
583 3801 691 3865 inficit
705 3821 769 3864 una
783 3800 929 3865 morbida
942 3802 1012 3865 ovis
1026 3802 1154 3865 multas.

502 3901 698 3982 ltaque,quae
712 3900 800 3982 pacis
815 3907 900 3978 sunt,
913 3907 1083 3980 sectemur,
1096 3908 1127 3964 et
1140 3920 1210 3982 quae

463 3998 684 4063 edificationis
712 4007 797 4076 sunt,
823 3998 857 4060 in
885 3998 1025 4062 invicem
1054 4001 1212 4063 custodia-

462 4117 545 4160 mus.
566 4097 649 4159 Deus
672 4104 778 4159 autem
802 4096 963 4177 patientia
985 4104 1081 4177 atque
1106 4098 1210 4161 solatii

1527 3580 1672 3645 SERMO
1697 3580 1756 3645 VI.

1306 3729 1353 3787 De
1380 3746 1475 3787 sacra
1503 3730 1728 3789 communione
1754 3732 1965 3791 Eucharistiae

1363 3817 1558 3895 frequenter
1572 3820 1683 3878 devote
1696 3821 1911 3895 suscipienda.

1269 3999 1392 4197 QUI
1408 4008 1587 4066 manducat
1606 4008 1693 4067 hunc
1713 4026 1847 4084 panem,
1866 4010 1944 4069 uiuet
1965 4008 1994 4065 ia

1352 4111 1522 4165 ceter-num.
1539 4104 1650 4167 loann.
1667 4123 1710 4179 vr,
1726 4104 1777 4169 59.

462 4196 516 4258 det
530 4194 678 4258 omnibus
696 4194 788 4257 nobis
803 4193 835 4255 id
850 4194 957 4276 ipsum
978 4214 1089 4275 sapere
1111 4196 1144 4257 in
1166 4196 1210 4259 al·
1225 4195 1250 4258 D
1304 4200 1457 4262 Dominus
1479 4209 1588 4265 noster
1605 4203 1695 4266 lesus
1715 4204 1868 4285 Christus,
1884 4204 1933 4286 qui
1955 4223 1993 4265 se

1265 4297 1405 4360 cundum
1426 4317 1515 4361 suam
1535 4299 1685 4363 deitatem
1705 4311 1755 4365 est
1778 4320 1868 4365 amor
1890 4302 1993 4365 increa-

1264 4400 1326 4475 tus,
1343 4396 1680 4478 superardentissimus
1706 4407 1738 4462 ct
1763 4400 1942 4479 immensus,
1956 4407 1992 4459 at·

1264 4509 1325 4572 que
1360 4494 1535 4556 secundum
1565 4513 1654 4557 suam
1688 4496 1915 4560 humanitatem
1940 4504 1991 4558 tam

1264 4589 1378 4671 plenus
1403 4598 1452 4653 est
1475 4599 1595 4672 sancta,
1613 4592 1782 4675 spirituali,
1804 4595 1908 4658 infusa
1929 4592 1993 4657 dile

1264 4688 1381 4766 ctione,
1406 4690 1490 4770 quod
1514 4690 1604 4753 nulla
1628 4710 1707 4772 pura
1731 4701 1876 4757 creatura
1894 4710 1992 4775 capre

1263 4793 1367 4868 potest
1385 4786 1561 4868 majorem3
1579 4787 1647 4871 ipso
1666 4789 1872 4854 dulcissimus
1897 4790 1993 4871 Unige

1262 4884 1346 4946 nitus
1361 4883 1459 4947 Patris
1479 4886 1598 4966 aeterni,
1616 4894 1765 4967 ‘tanquam
1786 4888 1992 4953 ardentissima

1260 4982 1384 5060 fornax,
1401 4990 1516 5046 sancta
1535 4982 1716 5048 dilectionis
1736 4986 1875 5068 repletus
1899 4988 1992 5049 incen-

1259 5079 1324 5160 dio,
1342 5080 1503 5143 caritatem
1526 5100 1616 5143 suam
1641 5082 1681 5144 ad
1705 5072 1763 5146 nos
1787 5084 1992 5167 multiplieiter

1259 5197 1296 5241 ac
1317 5178 1536 5261 copiosissime
1551 5179 1643 5244 nobis
1660 5183 1858 5262 monstravit,
1875 5200 1990 5265 praser-

1258 5276 1316 5339 tim
1338 5276 1371 5339 in
1393 5285 1536 5359 quatuor.

462 4301 630 4371 terutrum,
646 4300 681 4354 ut
701 4293 882 4373 unanimes,
898 4313 963 4357 uno
981 4312 1036 4356 ore
1055 4294 1211 4357 honorifi-

460 4410 570 4455 cemus
584 4392 684 4454 Deum
698 4398 730 4453 et
744 4389 866 4453 Patrem
881 4391 1006 4454 Domini
1022 4394 1121 4456 nostri
1136 4394 1209 4456 Jesu

460 4490 574 4578 Christi
591 4489 625 4552 in
639 4489 758 4572 Spiritu
773 4488 899 4552 Sancto.
908 4490 1097 4571 Placeatque
1112 4512 1209 4555 unus-

459 4587 595 4670 quisque
614 4586 756 4670 proximo
776 4604 833 4649 suo
853 4586 886 4648 in
906 4587 1024 4650 bonum
1045 4588 1085 4650 ad
1109 4590 1209 4652 aedifi-

460 4686 629 4763 cationem,
647 4693 682 4747 ut
695 4703 806 4748 omnes
827 4704 927 4747 unum
942 4684 1042 4748 simus
1057 4687 1089 4749 in
1105 4688 1209 4751 Domi-

460 4802 514 4861 no,
530 4782 658 4865 pacifici
677 4801 803 4864 semper
826 4790 858 4845 et
883 4784 1056 4846 concordes
1083 4784 1115 4845 in
1139 4784 1204 4849 illo.

459 4881 546 4945 Beati
581 4881 667 4943 enim
700 4880 842 4963 pacifici,
873 4882 1024 4961 quoniam
1053 4882 1116 4945 filii
1151 4884 1205 4947 Dei

460 4979 668 5043 vocabuntur.
685 4977 873 5041 Turbatores
887 4996 962 5040 vero
980 4987 1012 5041 et
1032 4980 1205 5045 turbulenti

459 5086 581 5161 petrem
607 5094 699 5138 suum
722 5074 884 5138 diabolum
909 5076 1085 5156 imitantur,
1112 5080 1205 5160 cujus

457 5175 579 5239 invidia
594 5192 679 5238 mors
694 5172 837 5236 introivit
852 5173 884 5235 in
900 5174 1009 5237 orbem
1025 5182 1179 5239 terrarum
1194 5200 1202 5255 ;

457 5274 682 5355 imitanturque
697 5290 770 5336 eum
784 5270 840 5353 qui
854 5280 929 5335 sunt
940 5292 978 5336 ex
989 5282 1077 5355 parte
1089 5273 1198 5356 ipsius,
