4309 6259
487 544 526 594 nr
547 544 637 593 nexis
658 542 792 590 srrmrus
814 538 934 600 suurn,
956 536 1131 589 mammos
1153 542 1184 588 u.
1207 559 1248 570 —
1269 542 1338 588 uxr.
1361 542 1417 589 xm
1666 525 1725 593 tet

176 736 252 781 eum
281 724 405 801 septem
437 716 544 794 radiis,
570 723 602 777 et
629 722 780 795 tanquam
811 729 925 775 eonsu—
940 706 966 771 A
981 711 1119 793 amplius
1142 714 1288 777 deilicari
1313 722 1344 776 et
1368 714 1544 795 sublimari,
1565 724 1727 782 transceu-

177 824 320 879 mentem
348 815 455 897 ignem
483 814 516 877 in
545 832 651 896 opere.
677 812 733 875 llic
762 828 852 873 amor
878 807 926 869 di·
981 812 1085 875 dendo
1100 822 1236 892 terrena,
1253 813 1461 895 relinquendo
1482 833 1644 896 corporea,
1660 836 1727 881 om-

177 914 285 991 vinus‚
309 921 357 977 est
379 914 514 995 Spiritus
536 912 590 976 Dei
612 930 684 975 cum
707 909 799 973 donis
825 906 891 969 suis
915 928 922 966 :
982 930 1118 992 nemque
1148 911 1360 975 inordinatum
1385 912 1538 975 allectum
1563 923 1595 977 et
1617 936 1726 980 curam

178 1013 262 1094 quod
275 1012 368 1075 nobis
382 1012 550 1094 designant
561 1018 681 1093 septem
696 1028 799 1071 aureae
810 1007 926 1087 tampa-
981 1017 1075 1089 atque
1091 1010 1298 1091 cogitationes
1314 1011 1424 1073 inanes
1439 1011 1729 1097 abjiciendo‚sper-

178 1112 309 1173 des.Per
319 1111 514 1193 superiorem
526 1110 704 1192 lampadem
717 1104 924 1187 intelligimus
981 1108 1098 1185 nendo,
1115 1108 1179 1172 imo
1194 1128 1252 1171 nee
1268 1110 1444 1188 sentiendo,
1461 1112 1516 1174 sed
1539 1122 1677 1175 mentem
1693 1114 1727 1176 in

179 1210 333 1291 Spiritum
361 1210 511 1272 Sanctum
539 1227 575 1271 ac
605 1206 768 1290 sapientiae
792 1206 921 1267 donum.
981 1203 1091 1267 divina
1105 1203 1229 1267 sincere
1243 1206 1477 1286 suspendendo,
1491 1207 1620 1289 ligando
1634 1217 1728 1290 atque

180 1306 257 1370 Nam
282 1307 474 1389 ubicumque
497 1316 545 1369 est
566 1306 701 1387 Spiritus
723 1304 789 1379 Dei,
812 1301 855 1364 ibi
878 1307 924 1362 est
982 1300 1130 1365 terendo.
1156 1303 1257 1377 Quum
1287 1321 1362 1385 ergo
1387 1311 1477 1366 aetus
1498 1305 1662 1387 sapientias
1686 1307 1728 1369 sit

179 1404 356 1486 sapientia;
372 1412 404 1467 et
426 1404 618 1485 ubicumque
639 1411 688 1465 est
703 1418 778 1464 vera
799 1398 925 1481 sapien·
982 1399 1138 1463 altissima
1162 1420 1199 1464 ac
1224 1400 1389 1463 deilormis
1413 1410 1445 1463 et
1469 1403 1580 1483 sapida
1603 1404 1728 1468 divino

180 1504 234 1581 tia,
251 1502 296 1565 ibi
312 1513 360 1566 est
375 1502 509 1585 Spiritus
525 1501 579 1565 Dei
597 1525 604 1563 :
621 1500 771 1583 quoniam
795 1498 862 1580 ipsc
877 1503 925 1557 est
985 1516 1053 1561 rum
1069 1499 1256 1581 speculatio,
1274 1499 1345 1563 ideo
1367 1500 1531 1582 sapientiae
1551 1503 1682 1582 donum,
1699 1504 1726 1567 si

180 1601 252 1664 lons
281 1601 373 1663 vivus
401 1600 506 1664 omnis
534 1600 621 1663 doni.
653 1600 801 1661 Summus
838 1594 924 1657 rivus
984 1604 1088 1659 actum
1119 1598 1296 1679 perlectum
1323 1617 1361 1660 ac
1390 1598 1535 1661 stabilem
1566 1602 1725 1678 sortietur,

179 1718 216 1760 ex
231 1698 306 1763 rivo
327 1699 415 1761 lente
437 1698 537 1761 divini
560 1698 677 1761 amoris
698 1714 861 1766 enrauans,
878 1699 924 1755 est
982 1695 1079 1777 exigit
1098 1704 1132 1758 ut
1152 1696 1219 1778 ipse
1240 1696 1418 1759 intellectus
1440 1697 1481 1759 sit
1502 1697 1646 1780 simplex,
1664 1718 1727 1763 uon

179 1796 310 1876 spiritus
332 1797 495 1880 sapientiae
516 1816 636 1877 :quam
658 1793 855 1879 appellamus
877 1812 925 1855 sa-
983 1794 1141 1857 tcndendo
1166 1794 1199 1855 iu
1223 1794 1360 1871 diversa,
1387 1814 1490 1877 neque
1519 1796 1551 1857 in
1580 1797 1727 1878 plurimis

178 1894 332 1977 pientiam
348 1896 501 1977 sapidam.
519 1896 582 1959 lloo
598 1892 760 1977 sapientie
777 1892 844 1955 rixo
859 1899 925 1953 erat
943 1892 967 1955 B
983 1910 1017 1953 se
1045 1892 1266 1955 diffundendo.
1292 1890 1370 1953 h'am
1401 1893 1544 1973 pluribus
1574 1894 1725 1973 intentus,

177 1993 358 2056 humanitas
374 1992 497 2056 hornini
515 1992 613 2057 nostri
628 1992 759 2055 omniuo
775 1991 923 2073 perlusa,
981 1991 1087 2054 minor
1107 1999 1154 2053 est
1175 1990 1215 2052 ad
1237 1989 1362 2071 singula
1384 2010 1505 2053 seusus.
1522 1992 1588 2054 Erit
1602 2011 1727 2075 quoque

107 2116 128 2145 a·
147 2117 160 2153 ι.
176 2099 207 2153 et
223 2110 261 2153 ex
284 2091 481 2173 plenitudiue
503 2091 573 2172 ejus
595 2110 705 2154 omnes
728 2108 785 2153 nos
809 2089 923 2172 repleri
982 2090 1113 2166 otiosus,
1140 2088 1171 2150 id
1201 2095 1249 2150 est
1275 2088 1315 2149 ab
1342 2088 1551 2151 exterioribus
1575 2109 1692 2153 vacans
1718 2115 1725 2153 :

68 2195 72 2204 '
177 2190 332 2251 valemus.
356 2189 416 2252 lste
441 2209 607 2270 supremus
631 2190 717 2252 rivus
741 2188 838 2269 exigit
861 2188 925 2271 spi·
982 2187 1248 2269 quemadmodum
1278 2186 1347 2249 l'ito
1375 2187 1518 2250 scribens
1547 2187 1725 2271 Dionysius,
1755 2214 1823 2268 apa,
1843 2228 1873 2266 α,

176 2288 274 2349 ritum
298 2295 440 2350 nostrum
467 2306 536 2349 esse
562 2287 752 2369 simplicem,
773 2287 921 2360 otiosum,
982 2284 1074 2345 l'erte
1090 2291 1132 2360 te,
1149 2282 1262 2363 iuquit,
1278 2284 1318 2344 ad
1335 2283 1469 2363 radium,
1486 2285 1517 2347 id
1532 2293 1578 2347 est
1593 2286 1632 2347 ad
1648 2286 1728 2349 inte·
1741 2278 1767 2319 “¹
1782 2276 1863 2320 mm·

176 2386 386 2467 indepietum,
405 2385 626 2463 inflexibilem,
643 2386 779 2447 liberum
795 2404 831 2447 ac
854 2386 922 2447 siue
982 2382 1098 2445 riorem
1126 2381 1243 2444 divina
1272 2382 1353 2444 lucis
1381 2383 1568 2445 claritatem.
1598 2384 1665 2446 Erit
1696 2393 1728 2447 et

174 2482 405 2561 sollieitudine,
422 2502 608 2565 semperque
625 2482 684 2545 sibi
708 2483 768 2564 ipsi
785 2482 863 2545 mori
886 2502 921 2545 ac
982 2480 1174 2562 indepietus,
1200 2481 1231 2543 id
1260 2489 1307 2542 est
1335 2500 1353 2543 a
1381 2482 1594 2563 corporalium
1620 2502 1725 2545 rerum

173 2582 284 2644 uivere
310 2581 341 2643 in
367 2582 440 2643 Deo.
462 2580 513 2643 Sic
538 2599 664 2662 quoque
690 2590 838 2663 operatur
861 2581 925 2642 vir-

173 2688 274 2741 tutem
297 2698 428 2741 summa
449 2678 607 2759 justitiae:
630 2698 724 2759 quam
748 2680 923 2743 exercendo

171 2776 385 2859 adipiscimur
409 2776 555 2858 spiritum
586 2776 760 2859 sapientiae,
787 2776 862 2858 quia
891 2776 922 2837 in

172 2894 213 2937 eo
228 2874 311 2956 quod
330 2892 387 2938 uos
403 2874 488 2956 ipsos
504 2892 540 2936 ac
556 2874 618 2936 alia
634 2882 748 2937 cuncta
764 2884 924 2937 transcen-

982 2578 1255 2659 phantasmatibus
1282 2586 1377 2659 atque
1402 2580 1566 2642 memoriis
1593 2581 1728 2663 depura-

980 2684 1043 2748 tus,
1069 2696 1109 2737 ne
1134 2676 1358 2738 obtenebretur
1379 2676 1511 2740 interior
1533 2677 1651 2741 divium
1674 2698 1728 2741 ve-

981 2774 1083 2835 ritatis
1098 2774 1241 2837 intuitus.
1258 2774 1325 2835 Erit
1346 2776 1439 2837 etiam
1464 2776 1662 2853 inflexibilis,
1680 2777 1727 2837 iu-

981 2892 1155 2935 concussus
1179 2892 1216 2935 ac
1238 2871 1321 2934 fixus
1350 2874 1383 2934 in
1408 2874 1512 2952 bonis,
1538 2883 1659 2937 utnon
1685 2875 1727 2937 sit

172 2971 281 3033 dimus
303 2972 370 3034 sive
393 2972 615 3052 relinquimus,
632 2972 777 3053 spiritum
800 2973 925 3055 sapien·
981 2970 1063 3033 sicut
1089 2973 1211 3034 arundo
1235 2979 1330 3033 vento
1354 2971 1480 3053 agitata.
1508 2971 1643 3035 Necesse
1678 2981 1726 3035 est

174 3070 228 3133 tiae
254 3070 446 3133 invenimus.
471 3069 507 3131 Et
528 3070 560 3131 iu
581 3069 639 3132 hac
664 3070 923 3152 supergressione
942 3073 965 3137 (l
981 3070 1065 3130 enim
1082 3077 1222 3131 mentem
1243 3070 1522 3152 contemplativam
1543 3070 1725 3153 passionum

174 3168 244 3231 sive
280 3168 498 3243 derelictione,
530 3168 697 3230 ollerimus
726 3168 832 3231 oleum
869 3188 925 3231 no
981 3166 1171 3248 impulsibus
1186 3167 1355 3245 dominari,
1371 3188 1412 3229 ne
1433 3170 1482 3231 vel
1499 3168 1659 3251 prosperis
1680 3188 1728 3231 re-

173 3275 276 3329 strum
293 3266 393 3348 lpsius
407 3265 537 3347 justitiae
553 3266 585 3327 iu
608 3266 763 3348 superiori
780 3267 924 3349 lampade
980 3266 1132 3343 solvatur,
1154 3266 1203 3328 rel
1225 3264 1347 3347 asperis
1368 3267 1574 3347 deprimatur.
1592 3267 1658 3329 Erit
1679 3269 1727 3329 iu-

173 3372 292 3427 nestrre
309 3364 415 3426 liberae
437 3364 619 3427 voluntatis.
637 3365 700 3427 lloe
715 3365 820 3427 oleum
844 3384 924 3427 sem·
980 3382 1075 3444 super
1095 3363 1187 3441 liber,
1204 3384 1244 3425 ue
1266 3364 1382 3427 serviat
1401 3364 1501 3443 vitiis,
1518 3384 1621 3447 neque
1643 3366 1727 3429 inor-

173 3481 234 3544 per
255 3480 425 3524 accensum
447 3468 494 3524 est
515 3462 624 3524 divina
646 3462 813 3544 sapientia,
834 3462 924 3523 dum·
979 3461 1088 3524 dinato
1103 3462 1202 3523 amori
1226 3462 1388 3544 subjectus
1408 3464 1607 3543 possideatur
1621 3464 1726 3545 potius

173 3560 272 3623 modo
299 3559 471 3621 habeamus
500 3560 532 3621 in
563 3559 631 3641 ipso
662 3569 781 3623 rectum
815 3560 922 3622 lumen
979 3580 1015 3622 ac
1032 3559 1217 3622 habeatura
1238 3560 1332 3622 rebus
1346 3580 1442 3641 quam
1461 3580 1515 3623 eas
1531 3562 1598 3643 ipse
1613 3561 1727 3625 habeat

171 3657 334 3741 simplicis
370 3658 556 3721 intentionis
588 3682 595 3720 ε
631 3659 780 3741 quoniam
817 3667 923 3721 nostra
979 3665 1073 3738 atque
1100 3657 1270 3738 possideat.
1297 3657 1363 3719 Erit
1391 3657 1487 3719 ctiam
1516 3658 1584 3721 siue
1609 3658 1727 3721 sollici-

170 3757 312 3839 simplex
326 3756 461 3820 intentio
482 3764 530 3819 est
552 3758 655 3820 clarus
677 3758 845 3839 adspectus
867 3776 923 3820 no-
980 3756 1101 3833 tudlne,
1118 3763 1273 3837 quatenus
1295 3756 1340 3817 nil
1362 3764 1452 3819 curet
1465 3766 1520 3819 aut
1534 3756 1643 3819 timeat
1663 3758 1725 3821 uisi

170 3864 247 3918 strae
270 3854 426 3937 simplicis
449 3855 646 3932 intentionis,
665 3856 696 3917 ἰιι
716 3876 777 3937 qua
798 3874 924 3939 semper
979 3855 1063 3934 quod
1079 3853 1184 3934 ipsum
1203 3873 1222 3915 a
1244 3852 1308 3916 [leo
1328 3854 1510 3917 abstrahere
1531 3863 1563 3917 et
1583 3863 1726 3919 avertere

170 3953 332 4035 sapientia
357 3952 464 4014 diviua
488 3952 606 4015 illucet.
630 3954 699 4016 llaec
725 3971 849 4035 quoque
875 3974 922 4015 sa-
979 3961 1094 4035 potest.

170 4052 297 4135 pientia
318 4050 448 4133 perlluit
467 4050 534 4113 sive
554 4051 717 4133 pertundit
740 4050 835 4113 simul
860 4052 922 4135 spi·
1019 4052 1179 4133 Debctque
1194 4071 1284 4113 mens
1306 4051 1469 4115 rationalis
1491 4052 1629 4134 sibiipsi
1645 4074 1727 4115 sem-

171 4152 273 4213 ritum
297 4158 391 4231 atque
412 4156 555 4211 naturam
580 4150 782 4213 claritateac
812 4150 921 4214 divino
980 4170 1036 4232 per
1060 4151 1139 4212 mori
1169 4149 1295 4232 [leoque
1322 4151 1442 4227 virere,
1468 4170 1532 4214 nou
1556 4154 1726 4232 quaerendo

170 4268 301 4331 sapore.
663 4316 666 4323 ,

214 4348 288 4409 llaec
309 4346 406 4408 verba
427 4346 518 4427 plene
543 4366 700 4429 exponere
723 4348 853 4429 longum
875 4368 922 4410 es-

170 4454 220 4507 set
235 4468 244 4522 3
262 4446 316 4507 sed
332 4462 401 4525 quaa
418 4444 450 4505 iu
467 4444 545 4526 ipsis
559 4445 744 4509 obscuriora
760 4446 919 4519 videntur,

170 4542 314 4605 breviter
342 4542 528 4624 explanabo.
556 4543 606 4605 hit
635 4544 782 4625 equidem
811 4546 922 4608 doctor

168 4642 233 4703 iste
248 4640 389 4717 divinus,
406 4641 488 4723 quod
511 4642 673 4723 sapientiae
687 4644 805 4707 donum
822 4644 922 4725 requi-

168 4740 211 4801 rit
229 4738 380 4820 spiritum
395 4739 707 4803 nostrumexsistere
727 4742 919 4825 simplicem,

166 4838 323 4912 otiosum,
336 4836 544 4918 indepietum,
554 4846 613 4900 etc.
624 4838 761 4912 Quorum
777 4842 920 4904 omnium

166 4955 235 4997 una
251 4942 300 4997 est
315 4934 405 4997 ratio.
421 4934 728 5018 cognitionemque,
744 4940 919 5003 secundum

164 5032 412 5115 Philosophum,
430 5052 487 5115 per
501 5034 762 5099 assimilationem
777 5032 921 5100 eflicitur

165 5131 395 5213 cognoscentis
421 5134 459 5195 ad
484 5132 631 5213 cognita3
655 5142 686 5197 et
708 5143 827 5216 quanto
852 5136 921 5219 ipsa

166 5230 399 5312 contemplatio
420 5230 558 5295 divinior
578 5240 671 5313 atque
691 5233 858 5297 sublimior
873 5236 922 5297 iu-

165 5329 246 5407 erit,
275 5348 313 5391 eo
342 5347 471 5391 necesse
501 5336 549 5392 est
582 5339 719 5394 urentem
749 5331 919 5396 humanam

937 4248 1048 4330 llquae
1064 4269 1119 4311 sua
1134 4259 1290 4326 suut,uon
1305 4249 1458 4311 honorem
1473 4258 1527 4312 aut
1540 4250 1659 4333 aliquid
1675 4271 1727 4314 sm-

978 4346 1041 4409 culi
1057 4347 1165 4429 hujus,
1182 4367 1222 4409 ue
1238 4348 1279 4409 sit
1294 4349 1332 4409 ad
1355 4368 1388 4411 se
1407 4348 1508 4429 ipsam
1525 4349 1654 4426 reflexa,
1671 4351 1725 4411 sed

978 4453 1042 4507 tota
1063 4446 1102 4507 ad
1123 4446 1222 4508 Deum
1244 4464 1408 4508 conversa.
1425 4446 1496 4508 Vita
1516 4446 1601 4508 euim
1621 4448 1725 4509 omnis

978 4543 1158 4607 intellectus
1173 4553 1221 4607 est
1241 4545 1323 4607 aetio
1346 4545 1426 4625 ejus.
1443 4545 1522 4606 Dum
1538 4564 1614 4627 ergo
1636 4564 1725 4607 mens

978 4652 1083 4706 creata
1107 4644 1140 4706 in
1165 4642 1253 4706 nullo
1275 4643 1436 4723 propriam
1458 4644 1651 4705 voluntatem
1672 4653 1726 4705 aut

978 4762 1106 4805 sensum
1132 4750 1282 4819 sectatur,
1308 4742 1363 4803 sed
1393 4742 1545 4822 quidquid
1574 4743 1650 4824 agit,
1677 4763 1726 4805 sc-

978 4842 1118 4903 cundum
1147 4841 1264 4903 diviuae
1293 4840 1372 4921 legis
1403 4839 1560 4920 justitiam
1589 4842 1722 4923 regulet,

979 4941 1043 5002 imo
1058 4948 1089 5001 ct
1110 4960 1143 5001 se
1166 4948 1197 5000 et
1217 4938 1325 5000 omnia
1347 4957 1414 5012 sua,
1431 4947 1463 5001 et
1485 4939 1633 5002 universa
1654 4960 1724 5022 quae

977 5038 1054 5119 agit,
1081 5038 1120 5100 ad
1142 5038 1197 5099 Dei
1222 5036 1375 5099 honorem
1400 5046 1431 5099 et
1454 5037 1587 5119 gloriam
1614 5038 1720 5114 refert,

977 5156 1035 5198 nee
1056 5135 1176 5216 aliquid
1200 5136 1313 5215 quaerit
1335 5136 1397 5197 nisi
1419 5138 1524 5217 ipsum
1546 5136 1724 5199 Creatorem

978 5234 1200 5310 benedictum3
1217 5241 1292 5296 tune
1320 5236 1429 5313 procul
1453 5234 1550 5296 dubio
1575 5234 1635 5295 sibi
1663 5234 1723 5316 ipsi

977 5332 1129 5396 contiuuo
1145 5332 1279 5394 moritur
1294 5332 1418 5412 Deoque
1436 5331 1526 5411 vivit,
1543 5333 1586 5395 ita
1601 5339 1635 5394 ut
1650 5352 1723 5396 cum
