4309 6259
455 463 513 529 lox
600 482 640 530 nu
661 482 809 529 uxonrous
830 480 1034 529 saumissuxn
1055 481 1093 526 nr
1112 478 1279 526 mnrvmoa
1298 478 1481 536 mrmraus,
1502 476 1562 523 anu
1580 478 1688 525 xooux
1707 476 1855 525 nonnul

553 653 592 715 Et
605 653 644 716 ad
660 652 828 717 colendum
843 652 1005 735 teipsum,
1211 648 1406 732 ngenium.
1423 648 1461 712 Et
1484 668 1522 712 ex
1546 647 1636 711 Patre
1658 654 1768 710 natum
1792 653 1866 711 ante
1890 646 1992 710 omnia

554 752 673 815 Latum
687 771 819 834 surgens
834 750 1022 815 inardescat.
1252 748 1377 811 saecula.
1394 748 1492 811 Deum
1512 748 1552 809 de
1571 747 1647 829 lieo,
1668 746 1777 808 lumen
1796 746 1835 808 de
1854 745 1992 825 luminc;

573 847 679 912 Gloria
693 868 823 913 summac
839 847 995 926 Trinitati,
1251 846 1351 908 Deum
1370 864 1480 908 verum
1505 845 1544 907 de
1569 845 1632 909 fleo
1656 862 1742 908 vero.
1759 843 1918 921 (lenitum,
1934 862 1994 906 non

556 946 613 1009 Uni
631 966 711 1009 vera
724 946 849 1025 Deitati,
1253 943 1385 1022 factum,
1402 943 1702 1007 consubstantialem
1718 943 1799 1005 Patri
1814 961 1994 1026 :perquem

554 1044 651 1126 Cujus
666 1044 800 1126 simplex
815 1044 964 1124 essentia,
1252 1042 1361 1107 omnia
1379 1041 1463 1105 factu
1484 1051 1568 1105 sunt.
1585 1042 1643 1116 Oui
1664 1050 1795 1124 propter
1817 1059 1877 1104 nos
1899 1040 1996 1103 homi-

554 1142 710 1206 lmmensa
725 1151 773 1207 est
788 1143 938 1224 potentia.
955 1142 1066 1204 Amen.
1254 1160 1322 1219 nes,
1335 1149 1367 1203 et
1380 1148 1510 1222 propter
1523 1147 1665 1203 nostram
1679 1140 1825 1219 salutem,
1836 1140 1996 1203 descendit

727 1244 928 1318 Capitulum.
1254 1239 1293 1301 de
1309 1238 1410 1301 coelis.
1427 1238 1465 1301 Et
1480 1239 1662 1301 incarnatus
1676 1247 1724 1301 est
1737 1239 1777 1301 de
1791 1238 1912 1320 Spiritu
1926 1238 1996 1300 San·

307 1350 326 1395 1¹
336 1350 386 1394 Cor-
396 1364 411 1403 1.
420 1353 440 1404 ³.
494 1340 682 1403 Benedictus
703 1340 784 1403 fleus
799 1347 830 1402 et
843 1338 933 1402 Pater
951 1337 1077 1402 Domini
1098 1337 1197 1400 nostri
1254 1346 1305 1401 cto
1323 1357 1362 1399 ex
1379 1337 1477 1400 Maria
1496 1336 1637 1417 Virgine,
1653 1345 1685 1399 et
1702 1336 1799 1400 homo
1818 1336 1922 1400 faetus
1940 1344 1992 1399 est.

454 1437 527 1501 Jesu
560 1438 686 1519 Christi,
719 1438 809 1501 Pater
842 1436 1133 1500 misericordiarum
1168 1444 1199 1498 et
1253 1436 1430 1499 Crucifixus
1459 1436 1555 1497 etiam
1582 1454 1641 1518 pro
1670 1435 1773 1514 nobis,
1802 1436 1861 1498 sub
1891 1435 1995 1498 Pontio

453 1535 535 1598 Deus
559 1536 655 1599 totius
680 1535 917 1614 consolationis,
936 1533 992 1615 qui
1018 1534 1199 1597 consolatur
1253 1534 1351 1597 Pilato
1366 1553 1490 1616 passus,
1507 1541 1538 1596 et
1552 1533 1694 1615 sepultus
1708 1542 1767 1596 est.
1779 1533 1817 1595 Et
1831 1534 1996 1596 resurrexit

453 1652 511 1696 nos
525 1634 558 1695 in
573 1633 659 1696 omni
675 1634 878 1696 tribulatione
893 1640 1011 1696 nostra.
1251 1629 1344 1691 tertia
1359 1630 1411 1691 die
1431 1629 1606 1691 secundum
1628 1628 1817 1710 Scripturas.
1834 1628 1872 1691 Et
1891 1646 1996 1692 ascen

492 1751 525 1806 re.
542 1732 605 1795 Deo
619 1731 746 1813 gratias.
1252 1727 1300 1791 dit
1324 1727 1357 1789 in
1383 1726 1512 1805 coelum,
1529 1726 1617 1789 sedet
1640 1727 1680 1789 ad
1703 1726 1865 1789 dexteram
1888 1726 1993 1789 Patris.

305 1850 438 1903 taunaco.
492 1850 524 1905 n.
542 1830 679 1893 Verbum
696 1848 768 1893 caro
784 1828 977 1909 factumest,
994 1837 1025 1892 et
1043 1827 1235 1892 habitavitB
1253 1826 1291 1890 Et
1314 1826 1429 1889 iterum
1449 1832 1602 1887 venturus
1621 1834 1668 1888 est
1687 1845 1760 1888 cum
1785 1825 1898 1907 gloria,
1918 1825 1997 1906 judi·
2114 1847 2115 1854 ¹

452 1928 485 1992 in
501 1928 604 1992 nobis.
621 1929 658 1991 Et
674 1928 811 1991 vidimus
826 1928 960 2009 gloriam
975 1928 1056 2009 ejus,
1064 1927 1198 2008 gloriam
1254 1944 1326 1987 care
1348 1924 1438 1987 vivos
1463 1933 1495 1987 et
1519 1932 1660 1987 mortuos
1678 1947 1685 1985 ε
1704 1923 1797 2005 cujus
1822 1925 1912 2006 regni
1938 1944 1996 1987 non
2114 2001 2115 2018 ἵ

452 2028 542 2107 quasi
562 2026 720 2109 Unigeniti
743 2046 761 2089 a
785 2026 885 2103 Patre,
902 2026 1065 2106 †Plenum
1091 2025 1199 2106 gratiae
1253 2023 1313 2085 erit
1334 2022 1422 2084 finis.
1444 2022 1482 2083 Et
1502 2022 1535 2083 in
1554 2022 1707 2104 Spiritum
1726 2022 1877 2085 Sanctum
1898 2022 1997 2086 Domi·

452 2134 484 2188 ct
497 2124 652 2205 veritatis,
669 2124 806 2187 alleluia.
1254 2140 1332 2183 num
1353 2128 1384 2182 et
1403 2120 1623 2182 vivificantem
1640 2143 1647 2181 z
1664 2121 1719 2201 qui
1739 2139 1777 2183 ex
1797 2119 1888 2183 Patre
1909 2121 1997 2185 Filio

313 2243 438 2297 racanas.
492 2235 524 2287 v.
542 2224 617 2285 Tres
632 2224 774 2303 suntqui
794 2223 1011 2285 testimonium
1032 2221 1201 2304 perhibent
1254 2238 1316 2301 que
1330 2217 1484 2302 procedit.
1501 2218 1557 2293 Qui
1574 2237 1647 2281 cum
1662 2218 1751 2281 Patre
1765 2226 1797 2282 ct
1810 2219 1893 2283 filio
1907 2220 1996 2282 simul
2114 2239 2115 2248 ¹

306 2308 327 2350 ⁷·
454 2322 487 2384 in
502 2321 593 2398 coelo,
609 2321 710 2400 Pater,
727 2322 877 2401 Verbum,
893 2328 924 2382 et
939 2320 1075 2401 Spiritus
1090 2342 1098 2398 ;
1114 2329 1145 2382 et
1166 2319 1199 2381 hi
1254 2318 1402 2380 adoratur
1425 2324 1457 2379 et
1480 2314 1742 2398 conglorificatur
1763 2340 1771 2378 ι
1792 2317 1849 2399 qui
1876 2318 1997 2381 locutus

453 2427 516 2482 tres
531 2438 630 2482 unum
645 2426 728 2482 sunt.
745 2418 886 2481 Plenum.
1254 2422 1302 2479 est
1322 2432 1378 2495 per
1396 2414 1578 2495 Prophetas.
1595 2414 1633 2477 Et
1657 2433 1764 2492 unam,
1781 2422 1936 2493 sanctam,
1952 2435 1998 2479 ca

493 2529 526 2580 v.
542 2516 648 2581 Gloria
660 2516 754 2579 Patri.
772 2516 916 2578 Alleluia.
1254 2512 1406 2576 tholicam
1420 2520 1452 2574 et
1465 2511 1673 2593 apostolicam
1693 2512 1880 2575 Ecclesiam.
1899 2513 1999 2577 Confi-

312 2629 438 2681 rmat.
493 2626 525 2677 r.
542 2615 578 2678 ln
592 2615 655 2677 Deo
671 2614 806 2677 salutare
822 2632 928 2676 meum
950 2622 981 2677 et
1000 2613 1197 2695 gloriamea.
1254 2620 1436 2675 teorunum
1451 2609 1611 2690 baptisma
1631 2609 1665 2671 in
1688 2609 1911 2673 remissionem
1930 2630 1999 2694 pec·
2114 2629 2115 2652 ι

493 2731 526 2786 ιι.
555 2712 637 2775 oens
665 2710 773 2775 auxilii
804 2710 878 2790 mei,
908 2719 940 2773 et
967 2730 1040 2792 spes
1069 2730 1139 2773 mea
1167 2712 1200 2772 in
1256 2716 1409 2771 catorum.
1426 2708 1464 2770 Et
1479 2715 1627 2789 exspecto
1643 2709 1910 2773 resurrectionem
1926 2728 1999 2773 mor-

454 2810 517 2873 lleo
532 2817 589 2873 est.
1255 2814 1393 2884 tuorum,
1410 2814 1442 2868 et
1456 2806 1553 2870 vitam
1569 2806 1694 2869 venturi
1711 2807 1831 2870 saeculi.
1847 2808 1960 2872 Amen.

494 2912 573 2971 Aut.
589 2907 710 2971 Gratias
725 2908 859 2991 agimus.
1296 2915 1328 2967 v.
1344 2904 1488 2985 Domine,
1504 2904 1630 2982 exaudi,
1647 2915 1705 2967 etc.

758 3008 938 3068 Canticum.
1216 3009 1238 3071 C
1296 3022 1329 3077 n.
1345 3002 1383 3064 ht
1398 3002 1633 3081 clamormeus,
1649 3013 1708 3064 etc.

317 3120 443 3172 aalma
495 3104 586 3167 Nunc
614 3104 748 3168 dimittis
776 3123 903 3167 servum
930 3112 1031 3185 tuum,
1056 3103 1198 3181 Domine,
1558 3101 1701 3165 (iremus.
2114 3159 2115 3186 ἶ

308 3184 343 3229 ⁸¹·
457 3203 633 3266 secundum
647 3203 778 3265 verbum
794 3211 882 3264 tuum
898 3203 931 3263 in
947 3222 1035 3284 pace.
1297 3198 1434 3262 Trinitas
1459 3199 1699 3281 superpulchra,
1726 3200 1998 3281 superbenedicta,
2114 3207 2115 3228 ¹

497 3299 575 3375 Quia
590 3301 737 3363 viderunt
755 3301 838 3363 oculi
860 3300 922 3363 mei
943 3300 1078 3363 salutare
1099 3310 1199 3365 tuum.
1258 3298 1471 3361 essentialiter
1491 3308 1697 3381 sanctaque
1715 3318 1750 3363 es
1769 3319 1833 3363 una
1853 3303 2000 3379 essentia,

496 3398 584 3473 Quod
598 3398 715 3481 parasti
731 3406 803 3461 ante
818 3396 932 3461 faeiem
948 3399 1093 3462 omnium
1108 3418 1204 3481 popu·
1258 3415 1321 3459 una
1336 3396 1448 3475 virtus,
1464 3415 1528 3458 una
1543 3398 1683 3478 potentia
1699 3421 1707 3459 ε
1726 3398 1758 3460 in
1773 3417 1836 3480 qua
1850 3398 1941 3463 Pater
1958 3408 2002 3462 est

457 3497 571 3562 lorum,
1257 3512 1348 3556 mens
1364 3493 1763 3575 supersapientissima,sui
1779 3496 1881 3579 ipsius
1896 3516 2003 3561 conce

496 3596 615 3659 Lumen
650 3596 689 3659 ad
724 3594 949 3658 revelationem
982 3595 1139 3677 gentium,
1172 3604 1204 3658 et
1258 3599 1347 3674 ptum
1380 3592 1414 3653 in
1448 3611 1481 3655 se
1516 3592 1820 3657 incommutabiliter
1846 3597 2001 3679 gignens3
2114 3643 2115 3678 ,

456 3693 590 3777 gloriam
606 3693 708 3776 plebis
722 3702 783 3757 tuae
797 3694 903 3758 lsrael.
1258 3690 1357 3752 Filius
1376 3698 1481 3753 autem
1501 3690 1639 3754 Verbum
1662 3692 1779 3755 mentis
1805 3702 1955 3775 paterna,
1972 3696 2001 3756 in

497 3792 602 3857 Gloria
616 3790 710 3855 Patri·
1259 3806 1322 3871 quo
1336 3788 1490 3870 quidquid
1504 3789 1603 3851 Patris
1619 3798 1677 3869 est,
1693 3790 1881 3873 plenissime
1901 3792 2001 3866 lucet3

497 3894 576 3953 Aut.
594 3889 716 3954 Gratias
730 3889 853 3971 agimus
868 3890 937 3970 tibi,
953 3889 1044 3952 Pater
1061 3890 1206 3971 omnipo
1260 3887 1396 3968 Spiritus
1411 3887 1545 3950 Sanctus
1561 3887 1725 3970 utriusque
1743 3909 1843 3971 amor,
1859 3890 2004 3954 dulcissi-

459 3998 540 4066 tens,
566 3986 619 4069 qui
645 3986 718 4049 ideo
742 3986 857 4048 Filium
886 3995 975 4049 tuum
1004 3986 1204 4050 carissimum
1260 4004 1331 4048 mus
1368 4004 1478 4066 nexus,
1511 3986 1752 4070 jucundumque
1785 3988 1933 4052 osculum
1969 4010 2002 4053 ac

459 4096 575 4151 nostra
609 4084 737 4149 voluisti
773 4092 902 4163 naturae,
938 4084 1057 4168 Spiritu
1092 4086 1207 4151 Sancto
1261 4084 1367 4147 suavis
1382 4084 1747 4167 amplexuszimaginem
1763 4096 1848 4151 tuem
1864 4088 1899 4150 in
1914 4088 2004 4153 nobis

312 4203 444 4257 urum.
461 4192 661 4268 cooperante,
674 4202 743 4247 esse
758 4182 957 4265 participem,
967 4192 1002 4246 ut
1016 4202 1074 4247 nos
1089 4183 1206 4248 divinae
1221 4183 1247 4245 ll
1261 4180 1479 4244 indesinenter
1493 4181 1641 4262 reforma,
1658 4182 1779 4265 perfice
1798 4193 1830 4247 et
1847 4185 2000 4249 inhabita.

460 4283 644 4349 efficiamur
657 4289 776 4345 naturae
790 4290 963 4345 consortes,
980 4283 1018 4346 lu
1038 4282 1110 4346 ideo
1131 4302 1206 4345 cum
1260 4280 1298 4342 Et
1311 4281 1461 4361 quoniam
1476 4299 1540 4344 non
1555 4281 1616 4343 nisi
1632 4301 1651 4343 a
1665 4284 1900 4365 purgatissimis
1919 4305 2004 4349 men-

459 4382 600 4465 Angelis,
638 4380 845 4464 Archangelis
883 4388 977 4462 atque
1016 4381 1204 4461 VirtutihuS,
1260 4378 1344 4442 tibus
1365 4380 1517 4458 cerneris,
1533 4380 1573 4442 da
1598 4380 1690 4444 nobis
1715 4400 1841 4464 semper
1863 4393 2002 4447 mentem

460 4500 596 4563 cumque
610 4480 759 4544 universo
774 4478 913 4541 exercitu
936 4479 1031 4543 curio
1052 4479 1203 4558 coelestis,
1260 4476 1293 4539 in
1310 4486 1340 4539 te
1353 4477 1529 4540 absolutam
1543 4484 1576 4540 et
1589 4478 1733 4560 liberam,
1748 4478 1961 4545 affectuosam
1975 4490 2005 4546 et

457 4588 562 4662 grates
587 4578 643 4642 tibi
670 4576 842 4658 laudesque
866 4577 1046 4660 pangimus
1070 4585 1101 4639 te
1130 4597 1204 4640 cum
1260 4593 1383 4656 puram,
1400 4574 1506 4638 animo
1531 4594 1568 4638 ac
1590 4576 1785 4640 sensualitati
1804 4577 1933 4644 fortiter
1953 4582 2006 4644 do

459 4678 523 4740 illis
537 4678 571 4739 in
587 4696 683 4759 regno
698 4673 874 4757 majestatis
890 4674 1123 4739 incessabiliter
1138 4675 1205 4738 lau·
1259 4673 1444 4737 minantem.
1467 4673 1522 4737 Cui
1550 4674 1662 4756 honor,
1688 4676 1860 4758 beatitudo,
1886 4679 1954 4742 vita
1975 4686 2005 4742 et

458 4777 533 4839 dare
548 4781 703 4857 optantes.
1259 4790 1393 4853 regnum
1408 4791 1465 4854 per
1480 4772 1595 4836 saecula
1611 4772 1748 4837 infinita.
1766 4775 1878 4838 Amen.

599 4876 689 4934 Laus
703 4880 800 4951 atquc
814 4874 969 4948 confessio
983 4874 1056 4933 Dei.
1298 4881 1330 4934 v.
1348 4870 1491 4949 Domine,
1508 4871 1632 4950 exaudi,
1648 4881 1706 4933 etc.

495 4971 594 5036 Credo
614 4970 646 5031 in
667 4987 766 5032 unum
787 4969 886 5031 Deum
912 4968 1034 5031 Patrem
1058 4970 1203 5053 omnipo
1298 4989 1331 5044 ιι.
1348 4968 1386 5029 Et
1400 4966 1521 5031 clamor
1533 4988 1634 5048 meus,
1649 4979 1707 5030 etc.

452 5079 584 5147 tentem,
601 5067 755 5132 factorem
770 5066 843 5130 ooeli
859 5074 890 5130 et
905 5076 1006 5147 terrae,
1024 5067 1201 5132 visibilium
1296 5078 1328 5131 v.
1345 5065 1574 5130 Benedicamus
1588 5067 1731 5132 Domino.

452 5169 608 5247 omnium,
629 5174 660 5230 et
681 5164 903 5229 invisibilium.
924 5165 963 5228 llt
981 5164 1014 5228 in
1029 5185 1129 5229 unum
1143 5167 1202 5231 llo
1295 5186 1328 5241 a.
1346 5166 1410 5228 lleo
1425 5164 1553 5247 gratias.

452 5266 576 5332 minum
594 5264 700 5327 lesum
720 5260 889 5344 Christum,
909 5262 1025 5327 filiiun
1048 5262 1104 5327 Dei
1129 5264 1200 5328 uni·
1295 5275 1328 5329 v.
1346 5263 1467 5328 Animae
1481 5263 1624 5329 omnium
1639 5262 1796 5346 fidelium,
1811 5276 1871 5329 etc.
