4309 6259
459 498 720 547 mormanno
740 498 951 545 numanrsrre
971 498 1129 545 mesenus
1150 498 1217 544 sax.
1239 517 1279 528 -
1301 498 1400 546 snum
1421 498 1431 545 r
1658 477 1717 544 tat

40 698 159 748 ema
172 673 263 754 toris,
287 680 320 736 et
342 673 492 757 quoniam
516 671 674 755 peccatori
698 668 777 733 dixit
799 670 882 733 lleus
909 667 1101 752 :hplative
1115 670 1266 733 exercitia
1284 671 1356 734 vite
1375 670 1536 735 ferventer
1549 690 1586 735 ac
1599 672 1718 754 jugiter

170 774 275 848 Quare
305 780 341 836 tu
373 792 502 837 enarras
533 771 674 853 justitias
700 772 811 833 measf
839 768 919 831 'lum
972 776 1157 851 occupetur,
1175 778 1259 833 recte
1284 770 1435 833 asseritur
1459 790 1530 834 ase
1549 770 1620 853 ipso
1638 771 1718 833 defi·

172 872 430 937 eonsideratioue
457 870 593 953 proprie
621 868 786 952 parvitatis
811 875 843 930 et
866 869 920 931 de·
973 888 1056 945 cere,
1090 868 1220 949 iamque
1251 887 1316 932 non
1349 870 1483 951 ipsemet
1513 870 1632 949 vivere,
1662 870 1717 933 sed
1748 889 1826 935 carae
1842 903 1864 941 n.

171 970 384 1035 fectuositatis
398 971 432 1031 in
448 968 654 1032 naturalibus.
670 967 770 1031 llomo
785 966 871 1029 enim
886 966 919 1029 in
973 967 1056 1029 Deus
1075 967 1108 1029 in
1128 984 1166 1029 eo
1181 989 1188 1029 :
1205 973 1237 1029 et
1254 967 1298 1029 ita
1319 968 1351 1029 in
1370 968 1508 1031 nihilum
1528 966 1629 1050 redigi
1650 988 1720 1051 per·
1732 955 1767 997 ²⁰·

172 1069 380 1132 universitate
408 1066 673 1130 intellectualium
705 1074 919 1129 creaturarum
974 1065 1112 1145 hibetur,
1129 1084 1193 1129 non
1218 1066 1391 1130 amittendo
1411 1085 1481 1129 esse
1504 1075 1624 1131 nature
1648 1086 1720 1149 pro

171 1176 222 1230 est
248 1166 370 1229 infime
393 1164 514 1247 speciei
541 1172 573 1226 et
599 1162 804 1227 debilissime
828 1162 922 1225 intel·
975 1165 1119 1247 priamve
1144 1164 1365 1245 substantiam,
1392 1165 1446 1228 sed
1472 1166 1547 1247 quie
1572 1184 1636 1229 non
1660 1174 1722 1228 stat

171 1264 388 1344 lectualitatis,
404 1264 438 1326 in
451 1270 575 1326 tantum
594 1263 678 1343 quod
693 1261 776 1324 sicut
789 1259 921 1323 materia
976 1261 1113 1325 reflexus
1141 1261 1179 1324 ad
1209 1281 1254 1342 se,
1280 1282 1340 1325 nec
1368 1281 1512 1343 querens
1540 1282 1574 1327 se
1603 1264 1719 1346 ipsum,

168 1364 278 1446 prima
296 1382 330 1427 se
348 1362 446 1426 habet
459 1361 493 1424 in
507 1360 619 1425 ordine
637 1377 755 1437 rerum,
771 1358 817 1421 ita
829 1358 922 1421 intel-
975 1359 1228 1441 necquidquam
1254 1360 1395 1424 finaliter
1418 1361 1452 1423 in
1478 1380 1522 1439 se,
1546 1362 1586 1425 ad
1610 1381 1644 1424 se
1669 1371 1724 1425 aut

172 1462 276 1524 lectus
293 1462 453 1524 humanus
472 1460 506 1522 in
525 1458 637 1522 ordine
657 1456 921 1520 intellectualium
975 1466 1105 1540 propter
1129 1477 1173 1539 se,
1200 1459 1254 1521 sed
1280 1466 1380 1523 totum
1405 1460 1439 1522 in
1463 1460 1537 1537 Deo,
1559 1461 1598 1523 ad
1623 1461 1723 1524 Mum

171 1569 371 1622 naturamm.
384 1559 464 1621 lliuc
480 1556 610 1637 fragiles
624 1556 840 1635 vehementer,
856 1554 921 1618 imo
975 1565 1008 1619 et
1031 1564 1161 1639 propter
1184 1556 1294 1634 Deum
1320 1576 1380 1620 nec
1409 1557 1522 1620 vivens
1546 1560 1722 1622 secundum

170 1655 372 1737 fragilissimi
388 1674 510 1733 sumus,
519 1654 559 1716 ad
575 1652 659 1717 mala
672 1652 866 1735 pronissimi,
876 1651 922 1714 fa·
975 1654 1111 1736 proprie
1135 1654 1373 1717 inclinationem
1397 1662 1528 1736 nature,
1555 1658 1610 1719 sed
1634 1656 1724 1738 juxta

170 1754 297 1817 cillime
317 1753 464 1829 labimur,
481 1751 647 1814 instabiles
670 1750 857 1832 reperimur.
874 1750 920 1813 ad
975 1760 1119 1815 tenorem
1139 1750 1218 1833 legis
1237 1752 1354 1815 divine
1372 1753 1627 1835 exigentiamque
1642 1756 1723 1819 cari-

170 1853 240 1915 hec
260 1851 385 1915 accedit
398 1851 504 1913 vilitas
524 1850 678 1932 corporis,
694 1849 855 1931 corruptio
874 1847 922 1911 fo-
939 1844 1049 1912 Btatis
1068 1868 1234 1931 supeme3
1250 1858 1282 1913 et
1300 1850 1343 1912 ita
1361 1851 1500 1914 intentus
1520 1858 1568 1915 est
1583 1862 1723 1916 contem-

168 1950 271 2029 mitis,
290 1949 512 2012 instabilitates
527 1948 655 2028 mentis,
671 1955 703 2009 et
716 1947 921 2010 necessitates
977 1948 1107 2029 plationi
1127 1956 1159 2011 et
1173 1949 1271 2012 emori
1286 1948 1397 2031 ipsine,
1414 1950 1498 2030 quod
1518 1967 1581 2014 non
1602 1952 1723 2033 appetit

171 2048 292 2111 cernis.
310 2049 389 2111 Tum
404 2046 658 2111 consideratione
673 2044 810 2108 infinite
824 2044 923 2107 excel·
976 2066 1079 2128 neque
1095 2047 1228 2110 advertit
1243 2066 1277 2109 se
1292 2047 1407 2128 ipsum,
1424 2055 1456 2110 et
1469 2046 1629 2111 interdum
1644 2048 1723 2111 nihil

171 2146 281 2209 lentie
307 2146 374 2224 liei,
395 2146 489 2227 cujus
512 2152 599 2207 tenta
621 2151 670 2206 est
693 2143 841 2225 dignitas,
866 2144 923 2207 he
977 2154 1117 2208 creatum
1136 2168 1143 2206 ε
1164 2144 1237 2208 ideo
1261 2145 1444 2227 perhibetur
1468 2164 1525 2227 per
1549 2146 1723 2227 seraphiee

170 2243 374 2323 norabilltas,
404 2243 554 2305 sanctitas
587 2250 619 2303 et
646 2240 807 2321 majestas,
836 2240 922 2321 quod
975 2243 1155 2306 dilectionis
1180 2244 1324 2306 ardorem
1350 2242 1506 2325 liquefieri
1534 2251 1566 2307 et
1595 2245 1721 2326 resolvi,

169 2342 321 2423 quamvis
336 2361 419 2404 unus
437 2341 533 2404 homo
547 2339 739 2421 impenderit
753 2338 782 2401 ei
802 2346 922 2401 tantam
976 2349 1071 2422 atque
1097 2342 1130 2402 in
1159 2341 1435 2421 contemplationis
1460 2362 1524 2405 sue
1549 2343 1722 2424 objectum,

170 2440 413 2503 venerationem
446 2445 597 2520 quantam
637 2444 702 2501 tota
735 2436 923 2500 universitas
977 2440 1038 2503 hoc
1059 2446 1109 2501 est
1134 2439 1166 2501 in
1190 2439 1286 2502 totius
1309 2439 1439 2502 luminis
1464 2439 1583 2503 fontem
1608 2440 1726 2502 illumi-

172 2546 404 2618 creaturarum,
432 2536 535 2599 adhuc
563 2535 632 2617 ipse
660 2534 864 2598 veneratione
890 2534 922 2597 in
978 2538 1176 2619 nationisque
1209 2537 1397 2619 principem,
1422 2539 1521 2601 Deum
1549 2558 1722 2619 summum,

170 2636 341 2699 infinitum
356 2635 469 2717 maiori
484 2634 671 2698 consisteret
685 2633 810 2715 dignus.
825 2633 923 2697 Tanto
977 2636 1238 2718 omnipotentem,
1261 2644 1411 2717 tanquam
1436 2636 1468 2698 iu
1494 2636 1628 2700 infinite
1653 2657 1725 2721 pro-

170 2754 249 2817 ergo
270 2734 441 2797 Dominum
466 2732 564 2795 [lenm
584 2741 728 2795 nostrum
752 2731 923 2813 perfectius
977 2733 1142 2797 funditetis
1180 2752 1336 2797 oceanum
1376 2734 1724 2817 interminabiliumque

172 2850 377 2910 veneramur,
403 2830 549 2894 devotius
577 2829 714 2894 colimus
741 2831 924 2894 sublimius-
977 2833 1164 2896 deliciarum
1178 2851 1216 2894 ac
1230 2832 1426 2894 eternalium
1440 2834 1621 2897 divitiarum
1637 2835 1725 2916 abys-

171 2950 235 3013 que
255 2930 433 3005 laudemus,
449 2936 568 3009 quanto
586 2928 704 2991 clarius
723 2930 924 3011 speculamur
979 2950 1060 3008 snm,
1082 2929 1193 3011 mergi,
1213 2929 1410 3010 profundari,
1432 2930 1592 3012 submergi
1617 2940 1649 2993 et
1673 2932 1727 2994 ab·

172 3038 268 3112 atque
298 3027 453 3091 humilius
478 3025 669 3107 profitemur
695 3045 754 3089 nos
785 3026 824 3087 ab
852 3026 960 3107 ejusfl
978 3029 1109 3105 sorberi,
1126 3036 1158 3090 et
1177 3028 1285 3091 itidem
1305 3048 1404 3091 unum
1420 3028 1490 3091 fieri
1511 3048 1584 3092 cum
1599 3030 1723 3107 eodem,

172 3126 344 3209 condignis
369 3124 548 3207 preconiis,
564 3124 811 3187 condecentibus
832 3124 925 3187 culti·
978 3147 1078 3189 unum
1098 3146 1168 3189 esse
1188 3134 1219 3189 et
1234 3126 1351 3203 vivere,
1369 3126 1527 3207 loquendo
1545 3128 1586 3191 de
1607 3128 1727 3191 unitate

173 3228 233 3290 bus
252 3224 435 3305 debitisque
453 3222 616 3304 obsequiis
636 3223 669 3285 in
688 3220 852 3284 infinitum
870 3223 924 3285 de
978 3226 1096 3289 intime
1111 3244 1148 3289 ac
1164 3223 1484 3306 simplificantissime
1500 3226 1649 3305 caritstis,
1663 3244 1727 3289 nen

173 3324 287 3402 ficere,
316 3321 449 3385 omnino
479 3321 682 3398 occumbere,
712 3320 777 3384 imo
804 3328 836 3382 et
862 3321 923 3384 hoc
977 3324 1017 3386 de
1033 3324 1152 3387 unitate
1168 3321 1381 3385 substantialis
1398 3322 1581 3387 identitatis

172 3424 281 3504 ipsum
300 3418 386 3501 quod
405 3418 601 3495 exhibemus,
617 3425 649 3480 et
669 3418 816 3495 breviter,
833 3418 926 3499 quid·
1017 3422 1070 3485 lsti
1087 3429 1160 3484 sunt
1174 3421 1258 3485 modi
1280 3421 1428 3503 loquendi
1448 3421 1588 3503 mystice
1606 3422 1728 3487 theolo

171 3519 251 3601 quid
280 3536 403 3596 sumus,
433 3534 603 3598 possumus
630 3522 662 3577 et
689 3514 853 3595 habemus,
884 3516 923 3578 ab
978 3520 1047 3602 gie,
1063 3519 1116 3601 qui
1135 3527 1208 3581 sunt
1228 3538 1302 3581 sane
1318 3538 1354 3581 ac
1375 3519 1533 3601 sapienter
1547 3520 1727 3601 intelligen-

173 3618 244 3700 ipso
274 3634 334 3679 nos
362 3614 542 3696 suscepisse
570 3622 733 3693 testamur,
763 3622 794 3677 et
822 3622 923 3678 toturn
977 3618 1091 3700 di3qui
1107 3616 1722 3698 etinScripturafundanturcanonica,

172 3735 231 3779 nos
246 3716 278 3778 ei
297 3714 414 3777 debere
429 3711 657 3795 depromimus.
674 3712 788 3793 Sicque
808 3731 924 3794 cogno-
977 3725 1008 3780 et
1024 3716 1215 3797 evangelicae
1230 3715 1308 3797 legis
1328 3715 1566 3779 auetoritatibus
1587 3715 1725 3779 fulciun-

173 3816 297 3879 scimus
322 3821 354 3875 et
375 3812 531 3875 sentimus
552 3830 647 3893 quarn
666 3830 740 3873 vere
759 3811 838 3873 dixit
858 3812 925 3874 Sal·
976 3824 1038 3892 tur,
1060 3832 1158 3896 quum
1184 3821 1215 3875 et
1240 3814 1359 3877 Veritas
1384 3814 1468 3876 dicat
1484 3838 1491 3875 ε
1510 3815 1606 3896 Rogo,
1622 3815 1855 3897 Peter‚1„„„.
1873 3875 1879 3896 ,

93 3922 266 3976 .1m.vator
293 3935 301 3974 :
327 3911 428 3985 Quum
453 3908 594 3972 feceritis
619 3908 727 3971 omnia
750 3928 821 3991 que
846 3929 924 3991 pre-
977 3924 1012 3977 ut
1026 3912 1174 3977 credituri
1189 3912 1221 3973 in
1236 3931 1288 3975 me
1309 3931 1420 3975 omnes
1435 3931 1534 3975 unum
1555 3913 1628 3991 sint,
1645 3914 1726 3976 sicut
1741 3914 1773 3961 ²⁰·
1787 3914 1822 3961 ²¹·
1836 3911 1870 3951 ²³·

65 4026 71 4037 ·
173 4020 266 4093 cepta
291 4018 368 4071 sunt
390 4007 493 4086 vobis,
518 4007 616 4069 dicite
642 4030 649 4068 :
675 4007 764 4070 Servi
793 4007 923 4070 inutiles
977 4018 1022 4086 tu,
1048 4008 1148 4085 Pater,
1174 4008 1207 4069 in
1237 4028 1299 4087 me,
1325 4017 1356 4071 et
1384 4026 1443 4090 ego
1471 4009 1503 4071 in
1534 4017 1576 4087 te,
1602 4017 1636 4071 ut
1664 4010 1727 4072 sint

173 4130 308 4187 sumus;
328 4106 413 4189 quod
438 4106 606 4168 debuimus
631 4104 747 4183 facere,
774 4104 919 4167 fecimus.
976 4106 1187 4171 consummati
1213 4107 1245 4167 in
1274 4125 1393 4185 uuum;
1420 4115 1451 4169 et
1478 4108 1849 4175 denuo:Pater1ore.u.

172 4210 260 4272 llanc
286 4204 476 4289 sapientiam
501 4202 683 4281 salutarem,
702 4204 785 4266 hanc
810 4204 923 4285 practi·
937 4212 962 4274 D
977 4213 1097 4284 sancte,
1115 4224 1205 4267 serva
1227 4224 1282 4269 eos
1300 4206 1333 4267 in
1353 4206 1481 4269 nomine
1501 4215 1554 4270 tuo
1573 4226 1653 4288 quos
1673 4209 1727 4270 de-

173 4328 244 4370 cam
270 4306 342 4388 ejus
367 4304 538 4382 salubrem,
554 4303 615 4364 hoc
637 4300 822 4364 exercitium
847 4321 922 4364 con·
976 4304 1049 4366 disti
1064 4302 1154 4381 mihi,
1171 4311 1205 4365 ut
1221 4302 1282 4364 sint
1298 4322 1396 4365 unum
1412 4304 1493 4367 sicut
1508 4311 1540 4366 et
1553 4323 1611 4367 nos
1626 4324 1725 4368 unum

173 4404 409 4487 templativum,
444 4418 638 4477 amorosum,
672 4399 920 4481 flammigerum,
977 4420 1098 4463 sumus.
1124 4401 1214 4463 Juxta
1237 4401 1323 4463 hunc
1347 4400 1477 4463 modum
1507 4402 1655 4483 loquendi
1683 4403 1726 4464 ait

173 4504 305 4568 divinus
324 4508 356 4564 et
373 4519 508 4583 magnus
525 4498 695 4581 Dionysius
714 4498 794 4561 libro
808 4499 848 4561 de
862 4498 923 4580 lly-
977 4499 1171 4581 Apostolus:
1190 4499 1280 4579 Vivo,
1296 4498 1362 4580 jam
1383 4516 1447 4561 non
1467 4518 1536 4580 ego,
1555 4500 1631 4563 vivit
1651 4520 1726 4565 vero
1755 4531 1831 4574 aaran,
1851 4540 1874 4576 ι..

173 4604 255 4665 stica
268 4599 430 4681 theologia
443 4597 554 4661 docuit
566 4605 598 4660 et
612 4596 792 4679 descripsit.
979 4598 1011 4660 in
1036 4617 1087 4660 me
1111 4597 1272 4673 Christus3
1294 4604 1326 4659 et
1350 4597 1465 4659 iterum
1482 4620 1489 4659 ε
1507 4598 1564 4673 Qui
1589 4600 1728 4663 adheret
1740 4598 1829 4703 {lgm
1842 4657 1865 4697 Π

214 4702 379 4779 Praeterea,
389 4715 488 4778 quum
499 4694 719 4775 unusquisque
733 4695 766 4757 in
778 4693 857 4757 illud
873 4714 924 4776 po
978 4696 1053 4773 Deo,
1070 4714 1152 4757 unus
1178 4694 1306 4777 spiritus
1332 4703 1390 4757 est.
1408 4694 1633 4759 Verumtamen
1661 4716 1725 4760 non
1803 4686 1838 4705 '⁸
1867 4686 1873 4698 '

174 4800 299 4862 tissime
315 4795 557 4860 transformetur
571 4794 623 4857 cui
640 4793 822 4857 ferventiori
839 4813 924 4857 amo-
978 4795 1103 4858 videtur
1118 4794 1252 4855 multum
1272 4793 1441 4874 expediens
1461 4794 1545 4874 quod
1566 4795 1726 4877 simplices

175 4918 209 4961 re
236 4917 276 4961 ac
305 4894 441 4979 pleniori
469 4893 590 4956 affectu
617 4892 736 4970 unitur,
767 4892 924 4974 cujusque
978 4893 1115 4956 multum
1136 4912 1169 4955 se
1184 4899 1342 4973 occupent
1357 4892 1388 4953 in
1409 4892 1469 4954 hoc
1486 4893 1580 4956 modo
1596 4893 1727 4973 loquen-

174 4995 356 5059 actiouibns
380 4992 508 5056 totelius
536 4992 778 5070 conformatur;
802 5001 925 5055 amator
978 4992 1021 5068 di,
1038 4991 1154 5071 quibus
1173 4998 1205 5053 et
1225 4990 1293 5072 ipse
1315 4990 1463 5071 loquendi
1485 4991 1597 5053 modus
1620 5003 1727 5072 posset

174 5094 332 5169 sincerus,
348 5090 490 5154 fervidus
510 5090 622 5165 cultor,
639 5091 714 5152 dum
735 5110 792 5173 per
805 5090 921 5172 privati
978 5091 1017 5152 de
1046 5089 1132 5151 facili
1162 5090 1287 5153 occasio
1323 5088 1392 5151 fieri
1425 5088 1560 5171 alicujus
1594 5092 1726 5155 occulte

174 5190 434 5272 exstirpationem
459 5188 576 5251 amoris
600 5208 619 5249 a
642 5207 676 5250 se
701 5188 771 5269 ipso
791 5206 921 5269 prorsus
978 5187 1124 5252 elationis
1140 5196 1194 5250 aut
1208 5188 1364 5250 vanitatis.

174 5290 342 5370 alienatur,
359 5307 396 5352 ac
411 5287 497 5351 circa
515 5286 694 5351 Creatorem
708 5306 765 5369 per
779 5295 920 5350 contem-
1018 5286 1170 5368 Denique,
1195 5286 1334 5349 eruditos
1363 5286 1395 5348 in
1424 5285 1474 5348 his
1502 5294 1534 5351 et
1560 5286 1727 5369 mysticam
