4309 6259
464 468 521 539 llll)
613 488 653 537 oe
672 490 823 537 moruus
842 490 1048 537 sauorrssmn
1068 489 1106 535 ar
1127 488 1291 535 ruorvmun
1312 489 1493 547 recurrens,
1515 491 1573 536 rua
1592 490 1700 536 uooou
1720 488 1868 535 nonaum

330 672 380 716 Aet·
394 674 448 723 ut
504 670 538 723 t.
559 660 782 743 Loquebantur
804 661 946 745 Apostoli
971 658 1067 723 variis
1092 658 1250 740 linguisrl
1301 662 1382 721 Ant.
1402 658 1500 723 llillia
1524 658 1662 721 millium
1683 657 1754 737 tibi,
1773 676 1793 721 o
1815 665 1931 737 sancta,
1950 660 1995 721 ad·
2016 678 2090 728 aaa

316 738 349 781 ¹¹·
463 758 624 841 magnalia
636 760 804 844 Dei,prout
819 759 954 843 Spiritus
969 759 1102 822 Sanctus
1116 756 1211 820 dabat
1264 758 1383 821 oranda
1413 757 1710 841 supergloriosaque
1736 756 1884 836 TrinitaS,
1911 744 2028 820 mini-¹⁰·

464 855 570 939 eloqui
586 858 661 920 illis.
677 858 715 921 Et
730 858 853 940 repleti.
1265 863 1380 935 strant3
1390 864 1421 919 et
1434 856 1540 919 decies
1555 855 1672 919 millies
1687 863 1821 919 centena
1834 856 1932 919 millia
1946 857 1994 919 tibi

503 968 536 1019 r.
553 955 658 1023 Gloria
671 956 764 1021 Patri.
782 957 927 1020 Alleluia.
1264 955 1422 1019 adsistunt
1438 978 1445 1018 :
1462 974 1526 1019 non
1541 955 1627 1019 enim
1642 963 1690 1019 est
1704 973 1856 1019 numerus
1869 955 1994 1019 militum
2004 981 2091 1026 tanti.

755 1060 917 1135 Hymnus.
1264 1060 1401 1117 tuorum.

563 1154 758 1235 Exemplaris
773 1153 899 1232 veritas,
1547 1158 1637 1215 Laus
1650 1156 1721 1215 Det.

542 1252 619 1331 Lux,
636 1253 712 1335 vita,
728 1271 819 1315 mens
834 1261 866 1316 ot
879 1252 995 1331 unitas,
1303 1249 1409 1314 Gloria
1430 1251 1463 1312 in
1489 1250 1622 1313 excelsis
1641 1251 1716 1330 Deo,
1737 1259 1769 1314 et
1789 1251 1822 1313 iu
1841 1259 1923 1315 terra
1943 1271 2088 1334 permira

543 1351 589 1412 Tu
604 1349 723 1414 fontale
739 1350 934 1434 principium
1263 1349 1447 1412 hominibus
1462 1349 1552 1413 bonae
1567 1349 1749 1413 voluntatis.
1765 1350 1939 1412 Laudamus
1957 1359 1992 1413 te.

542 1448 766 1512 Universomm
781 1449 914 1512 entium.
1263 1446 1484 1510 Benedicimus
1499 1448 1723 1511 teddoramus
1738 1446 1994 1511 te.Glorilicamus

562 1547 742 1611 0Personaa
758 1545 915 1609 inlinitael
1263 1554 1304 1607 te.
1330 1544 1450 1608 Gratias
1478 1546 1602 1628 agimus
1629 1543 1688 1608 tibi
1718 1554 1848 1628 propter
1872 1546 1995 1627 gloriam

541 1646 583 1708 Ta
598 1646 706 1724 adore,
723 1646 793 1709 eolo
808 1645 880 1722 rite,
1263 1652 1350 1706 tuam
1365 1642 1665 1725 magnamllomine
1678 1644 1772 1723 Deus,
1779 1645 1843 1707 Rex
1856 1644 1993 1723 coelestis,

539 1744 640 1822 Pater,
657 1744 807 1822 Verbum,
824 1764 949 1806 sacrum
965 1743 1116 1821 Flamen3
1263 1744 1345 1805 Deus
1366 1742 1456 1804 Pater
1476 1742 1689 1825 omnipotens.
1706 1742 1838 1805 Domine
1856 1741 1915 1805 Fili
1936 1743 1996 1804 uni-

540 1843 643 1907 lleum
658 1862 784 1926 semper
798 1843 841 1905 sis
855 1842 1017 1923 juvamen.
1226 1846 1249 1907 B
1263 1841 1381 1923 genite,
1397 1841 1470 1903 lesu
1490 1840 1622 1903 Christe.
1640 1840 1774 1904 Domine
1791 1841 1884 1919 Deus,
1901 1842 1995 1923 dgnus

555 1941 704 2003 'Abeunte
720 1940 854 2004 lucilluo
1263 1939 1329 2017 Dei,
1337 1938 1435 2001 Filius
1450 1938 1623 2013 Patris.0ui
1640 1938 1726 2003 tollis
1740 1947 1870 2021 peccata
1883 1940 1994 2017 naurdi,

542 2039 625 2115 Sole,
642 2038 727 2100 adsis
743 2038 907 2115 contiuuo,
1263 2037 1414 2099 miserere
1430 2036 1532 2100 nobis.
1549 2036 1607 2111 Qui
1628 2037 1714 2100 tollis
1734 2046 1865 2119 peccata
1883 2038 1994 2115 muudi,

542 2135 679 2217 Fulgens
694 2155 820 2217 semper
835 2144 942 2199 nostro
957 2136 1057 2214 cordi,
1264 2135 1392 2218 suscipe
1407 2135 1664 2217 deprecationem
1679 2145 1831 2199 nostram.
1845 2136 1901 2211 Qui
1917 2137 1996 2199 sedes

542 2234 580 2296 Ut
596 2233 720 2296 resistat
735 2234 821 2296 omni
838 2233 933 2296 sordi.
1265 2234 1303 2295 ad
1323 2234 1483 2296 dexteram
1504 2234 1614 2311 Patria,
1632 2234 1783 2297 miserere
1808 2234 1911 2298 nobis.
1925 2235 1996 2309 Quo·

564 2331 627 2394 lleo
642 2330 723 2394 Patri
740 2332 781 2393 sit
795 2332 907 2412 gloria,
1265 2332 1350 2393 niam
1365 2340 1400 2393 tu
1415 2331 1500 2395 solus
1516 2332 1659 2394 Sanctus.
1677 2333 1722 2394 Tu
1742 2334 1829 2396 solus
1844 2333 1993 2397 Dominus.

543 2430 683 2511 Eiusque
699 2428 757 2492 soli
772 2429 864 2507 Filio,
1265 2430 1310 2491 Tu
1339 2430 1426 2493 solus
1455 2430 1647 2507 ditissimus,
1673 2430 1747 2493 Josu
1775 2431 1908 2510 Christe,
1932 2451 1995 2494 cum

541 2528 618 2591 (lum
633 2526 753 2609 Spiritu
768 2526 940 2604 Paraclcto‚
1265 2529 1379 2592 Sancto
1394 2528 1525 2610 Spiritu,
1542 2528 1575 2590 in
1590 2528 1692 2609 gloria
1706 2529 1760 2591 Dei
1778 2529 1994 2593 Patrisdmen.

541 2625 578 2686 Et
594 2643 678 2686 nunc
693 2632 725 2685 et
740 2624 771 2685 in
788 2631 988 2705 perpetuum.
1005 2624 1116 2686 Amen.
1304 2637 1335 2688 r.
1354 2625 1496 2703 Domine,
1514 2626 1638 2702 exaudi,
1655 2636 1713 2686 etc.

501 2734 533 2785 r.
551 2722 779 2785 benedicamus
798 2721 920 2783 Patrem
944 2730 975 2783 et
996 2721 1110 2783 Filium
1134 2741 1207 2784 cum
1305 2744 1337 2793 re.
1353 2724 1391 2786 Et
1405 2725 1524 2787 clamor
1538 2744 1640 2802 meus,
1657 2736 1716 2786 ete.

461 2820 576 2883 Sancto
590 2819 720 2902 Spiritu.
1568 2822 1709 2886 Oremus.

501 2938 534 2992 n.
551 2917 727 2979 Laudemus
742 2924 774 2979 et
788 2917 1058 2998 superexaltemus
1079 2936 1152 2979 eum
1175 2916 1206 2979 in
1304 2919 1441 2982 Trinitas
1476 2921 1748 3002 supersplendida,
1779 2924 1948 3006 superlelix
1971 2930 1998 2984 et

464 3016 589 3079 saecula.
1229 3017 1251 3081 (l
1265 3038 1339 3081 vere
1353 3018 1617 3097 clementissima3
1635 3040 1759 3083 summa
1772 3022 1926 3103 Maiestas,
1937 3039 1997 3102 qua

503 3117 558 3175 Ad
571 3112 763 3195 Magallum,
779 3116 858 3175 Ant.
875 3111 972 3175 llillia
988 3112 1136 3175 millium.
1265 3125 1380 3180 cuncta
1395 3117 1520 3195 creasti,
1536 3117 1644 3179 omnia
1659 3118 1808 3201 implora,
1818 3138 1996 3183 conservans

491 3213 660 3272 Canticum
677 3213 867 3270 beatissimae
894 3213 1037 3287 Vtrpim'e
1049 3214 1178 3272 Marde.
1266 3234 1302 3277 ac
1314 3215 1574 3296 moderans:quae
1588 3236 1622 3277 es
1638 3225 1709 3279 ante
1724 3216 1843 3295 omnia,
1852 3237 1913 3281 non
1929 3217 1996 3291 sola,
2104 3295 2105 3298 Ἴ

328 3319 383 3363 Luc·
400 3322 451 3369 att
506 3307 688 3390 Magnificat
702 3308 808 3370 anima
823 3326 892 3370 mea
907 3308 1087 3372 Dominum.
1266 3321 1338 3395 post
1361 3314 1479 3391 omnia,
1500 3331 1564 3376 non
1589 3323 1769 3396 preventa3
1791 3315 1825 3377 in
1850 3316 1996 3390 omuibus,
2104 3313 2105 3328 ¹

319 3386 394 3437 ’Μ’
506 3407 542 3469 Et
558 3404 726 3469 exsultavit
744 3406 873 3487 spiritus
892 3424 982 3468 meus
1003 3406 1035 3468 in
1051 3407 1115 3471 ileo
1134 3408 1213 3471 salu·
1267 3429 1331 3473 non
1361 3410 1495 3491 inclusa,
1516 3420 1604 3473 extra
1628 3412 1747 3490 omnia,
1772 3431 1837 3477 nou
1861 3414 1996 3489 exclusa3

466 3506 526 3569 tari
542 3523 623 3568 meo.
1269 3528 1364 3591 supra
1382 3509 1502 3587 omnia,
1518 3528 1582 3572 non
1602 3510 1694 3590 elate,
1712 3510 1794 3573 inlra
1812 3511 1929 3590 onruia,
1943 3528 1998 3573 nou

506 3602 583 3679 Quia
598 3602 735 3684 respexit
749 3602 960 3664 humilitatem
976 3602 1101 3665 ancillae
1122 3624 1210 3666 sum:
1268 3626 1431 3688 oppressa,
1457 3626 1589 3669 manens
1613 3628 1739 3690 semper
1762 3609 1795 3670 in
1825 3619 1876 3672 tua
1905 3628 2000 3691 super-

466 3722 541 3766 ecce
563 3701 650 3765 enim
669 3720 707 3764 ex
726 3701 786 3763 hoc
807 3701 929 3764 beatam
950 3720 1001 3764 me
1020 3701 1128 3764 dicent
1147 3721 1214 3765 om·
1268 3704 1428 3766 essentiali
1468 3704 1670 3786 simplicitate
1709 3707 2001 3770 incommutabiliter
2103 3743 2104 3746 =

467 3822 524 3864 nes
539 3800 769 3883 generationes.
1268 3803 1443 3865 subsistens
1469 3827 1476 3865 ε
1503 3804 1641 3866 animam
1669 3813 1808 3867 nostram
1836 3805 1998 3881 circumda,

506 3899 585 3974 Quia
605 3898 681 3960 lecit
701 3897 779 3959 mihi
805 3916 918 3977 magna
938 3896 992 3978 qui
1018 3905 1130 3977 potens
1152 3906 1210 3976 cst,
1267 3902 1419 3983 praeveni,
1437 3910 1580 3984 protege3
1592 3902 1702 3985 sicque
1717 3923 1803 3966 nunc
1817 3924 1885 3967 eam
1903 3902 1999 3986 gratia

467 4005 497 4059 et
513 4003 657 4057 sanctum
673 4012 789 4057 nonren
805 3993 885 4073 ejus.
1267 4006 1328 4060 tum
1352 4000 1518 4081 splendore
1546 4002 1675 4078 adorna,
1703 4010 1738 4064 ut
1765 4010 1836 4084 post
1862 4002 1999 4065 exsilium

508 4093 546 4155 Et
560 4092 777 4154 misericordia
797 4090 1065 4173 ejusaprogenie
1086 4092 1120 4154 in
1142 4113 1213 4175 pro
1267 4116 1406 4179 praeseus
1438 4097 1558 4161 lumine
1586 4099 1694 4181 gloriae
1728 4120 1798 4162 eam
1830 4100 1942 4164 induas
1971 4101 1998 4161 in
2102 4159 2103 4162 ,

467 4191 589 4274 genios,
608 4189 791 4252 timentibus
807 4208 891 4251 eum.
1229 4194 1431 4258 Daeternum.
1462 4196 1517 4258 Cui
1546 4197 1658 4275 honor,
1683 4198 1857 4280 beatitudo,
1887 4199 1950 4263 vita
1973 4206 1999 4260 et

507 4290 594 4353 Fecit
608 4287 781 4370 potentiam
797 4287 830 4349 iu
845 4287 976 4351 brachio
992 4307 1049 4351 suo
1067 4313 1073 4351 :
1091 4290 1212 4373 disper·
1267 4314 1400 4377 regnum
1414 4313 1472 4376 per
1486 4296 1601 4358 saecula
1615 4294 1754 4359 infinita.
1772 4298 1882 4361 Amen.

467 4388 508 4451 sit
523 4387 675 4469 superbos
691 4395 796 4449 mente
813 4386 919 4449 cordis
935 4386 995 4448 sui.
1305 4405 1337 4455 r.
1355 4392 1500 4470 Domine,
1516 4393 1639 4471 eraudi,
1657 4405 1715 4455 etc.

505 4485 657 4569 Deposuit
678 4492 822 4567 potentes
845 4486 885 4547 de
905 4485 990 4565 sede,
1012 4493 1043 4547 et
1061 4486 1211 4550 exaltavit
1304 4511 1336 4565 n.
1353 4492 1392 4555 Et
1406 4492 1526 4555 clamor
1540 4512 1642 4571 meus,
1658 4503 1716 4554 etc.

465 4586 613 4649 humiles.
1304 4601 1336 4652 r.
1353 4590 1582 4654 Benedicamus
1596 4590 1741 4655 Domino.

502 4684 683 4747 Esurientes
705 4682 849 4766 implevit
868 4681 971 4762 bonis,
988 4690 1020 4745 et
1033 4682 1149 4745 divites
1163 4684 1209 4746 di·
1303 4707 1336 4762 n.
1352 4688 1417 4752 Deo
1431 4688 1558 4770 gratias.

463 4782 551 4846 misit
566 4782 687 4845 inanes.
1303 4797 1335 4848 tr.
1352 4786 1473 4849 Animae
1487 4788 1630 4850 omnium
1646 4787 1804 4867 lidelium,
1819 4800 1878 4851 etc.

502 4880 649 4963 Suscepit
666 4879 760 4941 lsrael
786 4897 919 4960 puerum
939 4898 1043 4959 suum,
1064 4881 1208 4943 recorda-

462 4988 513 5042 tus
528 4976 755 5041 misericordiae
770 4996 844 5039 suae.

502 5076 590 5139 Sicut
603 5075 728 5138 loculus
741 5082 789 5136 est
800 5074 840 5137 ad
855 5082 958 5157 patres
972 5076 1207 5157 nostros‚rlbra-
1301 5078 1390 5142 Adsit
1404 5080 1508 5159 nobis,
1524 5091 1581 5143 etc.

460 5177 534 5239 ham
550 5182 582 5238 et
596 5173 709 5237 semini
725 5173 795 5255 ejus
811 5172 844 5236 in
859 5174 983 5237 secula.
1300 5189 1332 5240 r.
1349 5176 1393 5240 Ne
1409 5179 1560 5261 proiicias
1576 5199 1638 5260 me,
1655 5180 1802 5260 Domine,
1816 5182 1849 5245 iu
1864 5192 1994 5265 tempore
2006 5186 2089 5240 namt

500 5272 605 5340 Gloria
618 5272 712 5336 Patri.
1260 5275 1443 5341 senectutis.

1415 4930 1479 5002 Au
1507 4931 1849 5005 Courcnroaruar.
