4309 6259
452 476 510 539 l30
815 489 972 537 nxrosmo
993 487 1093 535 nvnru
1115 493 1122 531 ε
1146 485 1282 546 unmsrn,
1305 485 1356 543 om
1376 488 1434 534 mx
1455 488 1492 534 as
1511 486 1549 534 nr
1570 488 1638 535 oms

304 684 392 741 squ,
405 685 436 728 ιε.
452 665 514 725 isto
538 680 683 739 corpore,
709 662 793 743 quod
819 666 970 742 aggravat
1000 658 1138 722 animam
1166 657 1424 739 etApunctione
1439 656 1995 739 pregrandi,recommeudantesnos

451 758 602 842 deprimit
615 760 821 839 intellectum,
839 759 872 821 in
888 767 1008 821 tantum
1031 758 1116 839 quod
1131 776 1199 819 car-

300 878 435 931 ramma.
451 878 505 920 cer
532 858 603 940 ejus
632 865 773 936 vocatur,
799 858 888 937 juxta
912 855 990 918 illud
1014 856 1132 917 :Educ
1157 854 1196 916 de

451 956 594 1019 custodia
618 956 756 1019 animam
781 974 883 1017 meam
910 954 947 1016 ad
976 950 1196 1016 confitendum

450 1054 572 1116 nomini
593 1062 658 1117 tuo.
678 1053 765 1116 Unde
787 1051 975 1115 exclamavit
995 1050 1163 1132 Apostolus
1187 1074 1193 1111 :

314 1172 380 1217 nom.
398 1187 434 1225 vn,
449 1152 562 1215 Infelix
585 1171 645 1234 ego
669 1152 783 1215 bomot
810 1150 882 1231 quis
907 1168 957 1211 me
986 1148 1133 1210 liberabit
1156 1149 1196 1210 dc

301 1237 336 1278 fl.

449 1268 581 1332 corpore
595 1249 705 1313 mortis
720 1248 838 1329 hujust
853 1248 956 1310 itlultae
970 1265 1108 1326 namque
1123 1253 1196 1309 sunt

448 1348 590 1430 corporis
605 1345 946 1427 necessitates,quibus
962 1346 1115 1423 vacando,
1124 1362 1196 1425 pro-

448 1445 586 1509 videndo
609 1464 646 1508 ac
670 1443 905 1523 satisfaciendo,
932 1441 1037 1505 anima
1061 1462 1079 1505 a
1104 1441 1196 1523 spiri-

448 1542 587 1605 tualibus
616 1542 798 1625 impeditur.
827 1542 1050 1603 Verumtamen
1079 1559 1194 1622 corpus

446 1640 542 1702 etiam
564 1640 596 1701 in
618 1639 728 1703 multis
750 1638 889 1702 deservit
903 1637 1038 1701 domina
1054 1656 1129 1717 suaa,
1147 1645 1194 1699 ut-

444 1747 521 1821 puta
548 1739 674 1818 animae,
700 1746 849 1819 tanquam
879 1736 1126 1798 instrumentum
1155 1755 1192 1798 ac

1252 755 1387 835 infinite
1411 756 1520 838 pietati
1546 764 1577 818 et
1604 756 1713 837 gratiae
1741 756 1898 819 Creatoris
1926 776 1995 819 cum

1252 854 1373 935 ingenti
1401 862 1433 915 et
1459 854 1552 916 filiali
1580 853 1712 916 fiducia.
1739 853 1802 916 Nec
1831 854 1995 936 qnisquam

1252 961 1314 1014 tam
1339 951 1539 1015 intimoratus
1564 960 1665 1014 exstet
1689 961 1743 1014 aut
1766 952 1945 1034 negligens,
1964 963 1997 1015 ut

1250 1050 1289 1111 ad
1317 1049 1540 1113 dormiendum
1569 1069 1603 1111 se
1631 1059 1728 1132 ponat
1756 1050 1825 1113 sine
1852 1050 1993 1132 diligenti

1250 1147 1449 1210 discussione
1471 1147 1674 1209 conscientiae
1695 1166 1760 1210 suae
1783 1171 1790 1208 :
1815 1148 1880 1211 imo
1902 1168 1995 1210 unus-

1250 1245 1386 1326 quisque
1399 1252 1472 1306 ante
1487 1244 1727 1307 reclinationem
1742 1244 1940 1325 hujusmodi,
1955 1246 1996 1307 vi-

1249 1341 1384 1423 gilanter
1398 1341 1551 1423 recogitet
1564 1350 1596 1405 et
1609 1342 1752 1406 revolvat
1764 1342 1901 1424 qualiter
1911 1344 1994 1406 diem

1249 1447 1349 1501 totum
1364 1439 1559 1520 expenderit,
1571 1438 1648 1520 quid
1663 1439 1738 1502 boni
1753 1440 1908 1521 omiserit,
1920 1442 1994 1522 quid

1248 1536 1324 1598 mali
1353 1536 1549 1599 commiserit
1576 1536 1609 1598 in
1638 1537 1761 1617 eodem,
1791 1538 1930 1619 qualiter
1964 1540 1994 1602 in

1247 1634 1330 1713 cibo,
1347 1643 1435 1717 potu,
1451 1634 1621 1715 colloquio,
1638 1634 1670 1695 in
1693 1634 1803 1698 divino
1817 1636 1947 1717 Officio,
1964 1638 1993 1700 in

1247 1730 1458 1795 celebratione
1479 1751 1516 1793 ac
1536 1732 1651 1794 ceteris
1672 1733 1830 1795 universis
1848 1733 1996 1797 babuerit

444 1836 585 1900 medium
600 1837 671 1918 ejus
688 1860 694 1898 :
713 1856 785 1899 nam
807 1854 906 1916 quum
928 1833 1033 1896 anima
1054 1833 1096 1894 sit
1114 1832 1229 1897 finisB
1246 1849 1291 1908 se,
1315 1829 1423 1911 sicque
1447 1830 1599 1911 poeniteat
1621 1849 1727 1893 coram
1756 1831 1831 1911 Deo,
1856 1852 1917 1895 nec
1939 1834 1995 1895 irn-

443 1942 537 2016 atque
553 1933 706 2017 perfectio
721 1934 874 2016 corporis,
887 1950 951 1995 non
966 1940 1106 2012 econtra,
1116 1951 1192 1996 con-

443 2040 505 2095 stat
518 2052 634 2115 corpus
649 2032 829 2095 ordinatum
844 2031 877 2092 in
893 2030 1011 2093 bonum
1028 2030 1151 2093 animae.

484 2133 599 2199 Quies
617 2132 769 2206 defensor
787 2130 918 2198 caimos,
938 2146 1032 2208 quarn
1053 2128 1091 2189 ad
1112 2127 1192 2190 ima-

441 2227 549 2309 ginem
575 2236 607 2290 et
632 2225 874 2289 similitudinem
901 2233 985 2287 tuam
1011 2225 1187 2307 plasmasti,

440 2344 500 2388 nec
522 2344 604 2405 eam,
620 2333 773 2407 quantum
797 2325 829 2386 in
852 2332 882 2385 te
904 2331 962 2403 est,
979 2324 1187 2405 derelinquis,

440 2423 505 2487 imo
520 2431 714 2487 avertentem
737 2441 770 2485 se
791 2429 823 2485 et
843 2442 985 2484 aversam
1007 2441 1026 2484 a
1046 2430 1077 2485 te
1091 2422 1188 2485 variis

439 2520 543 2584 modis
568 2539 709 2600 revocas,
733 2539 789 2602 per
812 2538 962 2601 prospera
987 2528 1019 2582 et
1042 2521 1186 2600 adversa,

439 2638 496 2700 per
509 2618 679 2682 instinctus
694 2618 830 2698 divinos,
848 2618 1008 2699 angelicos
1027 2626 1059 2681 et
1077 2619 1189 2681 buma-

438 2734 508 2798 nos,
538 2736 595 2799 per
622 2716 799 2798 Scripturas
831 2726 863 2779 et
898 2716 1051 2779 terribilia
1085 2725 1184 2799 gesta.

1245 1928 1391 2009 punitum
1418 1946 1477 1990 uec
1501 1928 1775 2010 indisciplinatum
1800 1949 1835 1992 se
1858 1931 1991 2010 deserat,

1245 2027 1498 2090 emendationem
1513 2035 1670 2109 proponat
1683 2026 1869 2092 firmissime
1883 2053 1891 2107 3
1907 2030 1993 2092 Chri·

1245 2125 1284 2187 sti
1316 2125 1509 2206 passionem,
1539 2125 1736 2207 patientiam,
1765 2126 1991 2208 bumilitatem,

1244 2223 1466 2302 constantiam,
1494 2223 1657 2286 caritatem
1686 2223 1900 2287 indelebiliter
1925 2226 1991 2288 suis

1243 2320 1405 2403 imprimat
1425 2329 1458 2383 et
1477 2320 1591 2402 infigat
1616 2321 1819 2403 praecordiis3
1842 2331 1939 2405 atque
1960 2324 1992 2386 in

1243 2418 1325 2482 lecto
1346 2428 1496 2499 tanquam
1512 2419 1544 2481 iu
1566 2429 1775 2484 monumento
1795 2421 1933 2484 reclinet
1946 2442 1991 2503 se,

1242 2534 1364 2582 memor
1379 2517 1514 2580 sollicite
1535 2517 1672 2599 qualiter
1692 2518 1788 2600 paulo
1802 2527 1874 2601 post
1887 2521 1992 2583 reclu-

1241 2615 1334 2677 detur
1347 2614 1379 2676 in
1395 2616 1539 2694 tumulo;
1556 2616 1588 2677 in
1603 2635 1682 2698 pace
1703 2617 1737 2679 in
1758 2616 1790 2680 id
1812 2618 1918 2700 ipsum
1938 2620 1993 2683 ob-
2006 2641 2039 2684 rs.
2051 2645 2092 2690 aa.

1241 2713 1387 2793 dormiat,
1404 2714 1522 2777 orando
1536 2723 1592 2776 aut
1605 2715 1788 2779 meditando
1808 2716 1989 2781 salubriter.

1279 2812 1386 2892 Porro,
1403 2812 1428 2873 si
1451 2813 1731 2895 contemplationis
1751 2814 1852 2896 gratia
1873 2815 1904 2879 ei
1927 2817 1993 2880 eol-

1241 2909 1304 2971 lata
1319 2910 1370 2989 sit,
1377 2918 1516 2972 mentem
1531 2910 1633 2992 erigat
1645 2912 1686 2974 ad
1701 2912 1990 2994 superbeatissimae

290 2814 516 2893 sap.11.2s,llinc
545 2815 698 2897 scriptum
726 2824 775 2877 est
805 2839 811 2877 :
843 2814 953 2895 Diligis
981 2815 1090 2878 omnia
1117 2834 1187 2895 quta

290 2900 323 2943 ¹⁷·
437 2920 522 2992 sunt,
547 2922 578 2976 ct
602 2913 682 2976 nibil
707 2912 801 2976 odisti
827 2931 937 2976 eorum
962 2930 1032 2993 quae
1056 2912 1184 2991 fecisti3

435 3010 540 3092 parcis
555 3018 660 3073 autem
680 3010 839 3090 omnibus,
856 3011 1006 3091 quoniam
1025 3019 1081 3073 tua
1099 3019 1183 3090 sunt,
1203 3012 1225 3074 G
1241 3008 1370 3070 Deitatis
1394 3008 1609 3089 intuitionem,
1636 3011 1905 3090 quemadmodum
1932 3014 1992 3077 Do-

435 3107 579 3187 Domine,
596 3110 651 3189 qui
665 3128 752 3171 amas
774 3109 907 3171 animas
925 3108 1045 3172 ldcirco
1067 3109 1185 3191 tuipse
1240 3106 1346 3168 minus
1360 3106 1443 3169 Deus
1458 3115 1565 3170 noster
1585 3108 1788 3190 omnipotens
1801 3111 1992 3174 naturaliter

306 3229 421 3283 rmum.
436 3207 520 3288 apud
542 3207 709 3269 leremiam
731 3207 917 3269 contestaris
934 3231 941 3269 ι
959 3208 1005 3269 Tu
1026 3208 1184 3271 fornicata
1239 3213 1271 3266 et
1292 3204 1598 3287 superessentialiter
1617 3207 1721 3270 bonus
1746 3207 1787 3269 sit
1810 3217 1843 3270 et
1862 3209 1991 3273 bonitas

436 3324 470 3367 es
495 3323 568 3367 cum
594 3305 786 3368 amatoribus
808 3305 929 3384 multis,
952 3314 1057 3367 umen
1080 3324 1184 3368 rever
1238 3322 1328 3384 pura,
1357 3303 1597 3384 quomodolibet
1624 3304 1763 3385 infinita,
1793 3306 1826 3367 in
1854 3326 1889 3370 se
1919 3307 1991 3390 ipso

435 3411 501 3465 tere
528 3403 567 3464 ad
600 3422 663 3465 me.
692 3406 811 3465 Adesto
840 3406 942 3472 uobis,
971 3406 1121 3474 Domine,
1150 3404 1183 3465 in
1239 3401 1395 3464 intensive
1410 3401 1750 3486 interminabiliterque
1764 3404 1939 3485 perfectus,
1957 3407 1990 3469 in

434 3501 521 3563 omni
541 3502 740 3580 necessitate,
756 3500 942 3582 indigentia,
959 3501 1114 3583 periculo,
1130 3503 1183 3563 ad·
1237 3518 1301 3582 quo
1315 3499 1419 3563 omnis
1440 3501 1605 3583 perfectio,
1622 3501 1750 3565 infinita
1770 3504 1989 3586 pulchritudo,

293 3621 334 3665 rs.
349 3634 386 3675 m,
397 3624 419 3666 a.
433 3597 593 3677 versitate,
623 3598 768 3680 angustia
796 3606 827 3660 et
861 3606 1000 3677 eventu;
1036 3599 1185 3662 illumina
1237 3598 1392 3661 immensa
1414 3597 1560 3679 dulcedo,
1585 3599 1743 3663 illimitata
1765 3610 1917 3684 potestas,
1942 3624 1992 3667 sa-

433 3696 543 3760 oculos
564 3714 664 3775 meos,
689 3716 730 3759 ne
756 3715 896 3777 unquam
924 3696 1123 3760 obdormiam
1148 3698 1181 3760 in
1238 3695 1358 3778 pientia
1371 3696 1465 3777 cujus
1480 3697 1587 3759 nullus
1602 3706 1651 3760 est
1665 3697 1754 3779 finis,
1770 3699 1936 3765 beatitudo
1958 3710 2104 3765 etamsi

433 3802 591 3871 mortem;
617 3813 764 3857 aversum
790 3813 826 3856 ac
851 3793 1031 3857 deviantem
1060 3794 1183 3857 miseri·
1237 3794 1337 3875 gloria
1353 3794 1421 3857 sine
1437 3794 1572 3858 termino
1587 3803 1619 3857 et
1640 3815 1799 3859 mensura.
1815 3797 1850 3859 In
1871 3799 1990 3862 borum

434 3891 620 3955 cordissime
635 3891 744 3970 reduc,
757 3889 882 3969 robora,
891 3891 1018 3971 posside
1033 3899 1065 3953 et
1079 3900 1184 3955 custo
1237 3892 1442 3955 meditatione
1476 3891 1695 3956 inflammetur
1732 3913 1770 3957 ac
1809 3895 1991 3961 delectetur

285 3989 489 4067 10o1v11.a.di;
516 3988 616 4051 libera
642 3988 703 4050 me'
721 3996 753 4051 et
781 4006 863 4069 pone
891 4007 942 4050 me
966 3988 1055 4067 juxta
1084 3997 1126 4067 te,
1152 3998 1185 4052 et
1236 4008 1327 4052 mens
1347 3998 1465 4053 nostra.
1482 3990 1529 4052 Ad
1551 3991 1757 4054 metuendum
1778 4011 1918 4074 quoque,
1937 4014 1992 4059 co-

436 4086 580 4167 cujusvis
601 4105 714 4148 manus
736 4093 856 4168 pugnet
870 4092 980 4148 contra
1000 4105 1063 4166 me,
1079 4095 1116 4149 ut
1137 4088 1182 4151 sic
1236 4088 1367 4151 lendum
1395 4088 1542 4151 eumdem
1570 4088 1707 4171 totisque
1736 4090 1858 4154 viribus
1886 4093 1990 4157 bono

299 4201 387 4253 ran,
401 4204 421 4245 s.
436 4204 474 4247 en
498 4183 654 4247 sententia
682 4191 788 4265 gratus
817 4183 951 4265 psallam
978 4208 985 4245 :
1011 4185 1037 4246 Α
1065 4186 1182 4249 dextris
1196 4190 1222 4252 D
1237 4187 1371 4248 randum
1386 4186 1520 4248 viriliter
1533 4187 1727 4269 accingatur.
1744 4188 1918 4270 Postremo,
1936 4212 1991 4254 su-

295 4297 369 4343 ntet.
385 4312 421 4351 vu.
436 4289 485 4345 est
498 4281 576 4344 milri
588 4282 740 4345 Dominus
754 4300 794 4344 ne
806 4299 1021 4361 commovear,
1035 4283 1181 4362 et,0uum
1236 4284 1552 4367 pergloriosissimam
1594 4285 1779 4349 Trinitatem
1819 4287 1990 4353 sinceriter

287 4363 339 4412 θ’θ’
435 4382 546 4444 sedero
567 4378 601 4442 in
623 4379 772 4460 tenebris,
789 4380 940 4443 Dominus
962 4380 1015 4443 lux
1036 4400 1107 4443 mea
1121 4390 1180 4460 cst,
1236 4383 1478 4464 contempletur,
1495 4384 1546 4445 vel
1568 4383 1681 4446 saltem
1699 4403 1757 4466 pro
1776 4384 1898 4448 viribus
1914 4407 1991 4470 spe-

433 4486 465 4541 et
489 4478 625 4541 deducet
651 4496 701 4539 mo
726 4478 878 4541 Dominus
903 4478 936 4539 in
961 4478 1065 4541 lucem
1094 4488 1182 4541 aeter-
1236 4482 1360 4545 culetur
1383 4481 1519 4561 qualiter
1542 4481 1632 4544 Pater
1655 4490 1793 4545 veternus
1818 4503 1852 4547 se
1878 4484 1989 4566 ipsum

433 4593 783 4656 nam3somnoquoque
799 4577 960 4639 moderato
976 4576 1180 4657 refocillatus,
1236 4580 1400 4658 intuendo,
1426 4578 1634 4660 intelligendo
1662 4588 1695 4643 et
1720 4582 1812 4661 quasi
1838 4582 1924 4646 intra
1953 4604 1990 4648 se

310 4691 388 4743 ram,
398 4694 419 4737 o.
434 4673 588 4737 confitear
605 4697 611 4735 :
628 4672 693 4754 Ego
715 4673 849 4736 dormivi
872 4682 903 4735 et
919 4682 1083 4756 soporatus
1097 4695 1180 4758 sum,
1236 4676 1453 4759 exprimendo,
1470 4677 1519 4738 sui
1534 4676 1634 4759 ipsius
1649 4687 1839 4760 conceptum
1854 4698 1892 4743 ac
1909 4681 1991 4746 Ver-

434 4780 467 4835 et
487 4772 658 4851 exsurrexi,
674 4770 750 4852 quia
770 4772 923 4835 Dominus
950 4774 1092 4856 suscepit
1115 4794 1177 4839 me.

1235 4774 1311 4838 bum
1333 4774 1415 4837 intra
1436 4794 1470 4837 se
1490 4773 1612 4857 profert
1632 4795 1668 4839 ac
1688 4776 1803 4858 gignit,
1823 4787 1855 4841 et
1875 4780 1988 4861 ipsum

1234 4872 1436 4954 Unigenitum
1448 4892 1541 4935 suum
1554 4874 1913 4956 superpulcherrimum,
1922 4879 1990 4943 sibi

1235 4990 1363 5053 pmrsus
1377 4971 1542 5052 aqualem,
1558 4971 1873 5055 consubstantialem,
1883 4975 1990 5040 simil-

432 5070 466 5133 in
482 5068 754 5132 consummatione
768 5068 932 5149 Horarum,
949 5068 982 5131 in
996 5070 1062 5133 fine
1077 5071 1179 5135 divini
1234 5070 1359 5149 limum,
1382 5069 1732 5151 superdeliciosissime,
1753 5089 1827 5134 cum
1854 5072 1989 5139 infinita

431 5166 551 5245 Officii,
569 5186 641 5229 oum
657 5166 780 5246 integro
795 5174 826 5229 ct
839 5166 962 5229 ardenti
982 5168 1179 5249 proferamus
1233 5168 1475 5251 complacentia,
1500 5168 1656 5232 immenso
1681 5187 1798 5251 amore,
1824 5174 1989 5237 sternati-

431 5265 563 5347 affectu,
585 5283 657 5327 cum
679 5263 901 5328 recollectione
922 5265 1019 5328 animi
1042 5274 1073 5328 et
1094 5284 1180 5331 com·
1233 5274 1291 5348 ter,
1313 5259 1499 5348 clarissime,
1527 5266 1725 5350 suavissime,
1751 5269 1989 5337 invariabiliter

472 4967 572 5051 igitur
598 4968 751 5051 hymnum
778 4968 871 5031 istum
898 4969 930 5031 in
956 4970 1178 5056 completorio,
