4309 6259
443 520 484 566 oa
504 516 705 565 anthelmo
725 514 935 563 aucmmsrra
956 512 1114 561 saanours
1128 514 1197 561 sax.
1220 532 1260 545 -
1280 513 1379 561 saeuo
1393 514 1428 561 ιιι
1655 498 1714 562 463

923 686 1004 749 had
1028 684 1285 767 cognoscendum
1308 704 1348 748 an
1372 685 1415 747 sit
1436 683 1469 745 in
1489 683 1544 747 tali
1567 692 1708 766 peccato,

419 746 565 811 SERMO
588 746 650 809 HI·
964 785 1193 867 perscrutando
1217 782 1418 846 sufficienter
1438 802 1495 865 pro
1519 801 1612 865 posse
1636 803 1711 846 con-

162 900 209 959 ne
235 896 441 956 convenienti
468 903 498 953 et
526 894 636 953 debita
666 893 910 968 preparatione
964 882 1129 946 scientiam
1145 901 1234 945 suam
1249 902 1288 945 an
1305 882 1337 944 in
1353 902 1390 945 aa
1404 883 1480 963 quid
1495 881 1591 945 lateat
1609 882 1711 964 culpe

201 988 245 1045 ad
268 986 357 1044 tanti
377 985 576 1043 sacramenti
597 982 844 1041 celebrationem
872 1000 910 1039 ac
964 982 1118 1044 mortalia.
1142 982 1213 1043 Heu
1238 988 1287 1043 est
1307 999 1383 1063 ergo
1409 981 1595 1064 preparatio
1617 1000 1713 1063 geue·

201 1075 425 1150 sumptionem.
965 1080 1051 1161 ralis,
1067 1082 1107 1143 ad
1122 1098 1249 1143 omnem
1271 1079 1434 1161 pertinens
1454 1080 1661 1159 sacerdotem,
1678 1088 1713 1141 ut

964 1178 1070 1241 taliter
1097 1186 1169 1240 ante
1203 1177 1447 1240 celebrationem
1482 1178 1711 1241 conscientiam

237 1280 314 1341 UAE
322 1278 456 1338 societas
470 1279 540 1336 luci
553 1278 597 1337 ad
611 1276 785 1336 tenebras?
799 1274 906 1337 licor.
966 1295 1054 1338 suam
1076 1276 1237 1339 discutiat.

165 1276 288 1549 Qvi,
306 1374 355 1437 fl.
1004 1375 1081 1454 lmc,
1102 1381 1137 1436 ut
1160 1382 1288 1436 sanctus
1312 1374 1426 1437 asserit
1449 1374 1654 1456 Augustinus,
1678 1375 1711 1438 in

224 1493 298 1537 uam
321 1471 686 1555 incomprehensibiliter
705 1472 787 1533 Deus
805 1470 909 1534 omui·
963 1474 1051 1536 omni
1081 1472 1241 1536 sacrificio
1270 1480 1405 1553 quatuor
1434 1480 1508 1534 sunt
1535 1475 1709 1554 pensanda,

161 1580 284 1653 potens,
313 1571 526 1634 essentialiter
562 1577 691 1633 sauctus
725 1576 757 1632 et
789 1568 906 1649 justus,
962 1571 1114 1634 videlicet
1140 1594 1147 1632 z
1173 1572 1257 1652 quis,
1283 1571 1372 1651 quid,
1404 1571 1467 1650 cui,
1498 1590 1616 1651 quare;
1642 1591 1712 1654 que

160 1671 244 1733 odiat
271 1688 308 1731 ac
337 1670 510 1731 detestetur
537 1676 678 1750 peccata,
709 1667 820 1749 pandit
847 1675 909 1731 ter-
963 1669 1059 1731 etium
1081 1670 1120 1731 ab
1142 1668 1229 1732 omni
1252 1668 1447 1751 presbytero,
1470 1676 1639 1750 antequam
1662 1688 1713 1732 ce-

160 1768 262 1829 ribilis
277 1766 357 1830 ultio
371 1786 434 1848 qua
448 1784 507 1848 pro
521 1767 609 1830 omni
620 1773 753 1848 peccato
768 1766 905 1843 mortali,
964 1768 1073 1843 lebret,
1091 1776 1165 1829 sunt
1186 1767 1387 1829 attendenda.

159 1866 393 1946 quantumlibet
406 1882 517 1947 parvo,
534 1882 661 1947 poenam
682 1863 800 1945 infligit
818 1870 948 1931 efer-B
1002 1865 1106 1928 Primo
1136 1882 1210 1947 ergo
1238 1872 1282 1943 tu,
1310 1864 1424 1927 Christi
1450 1866 1607 1946 sacerdos,
1637 1886 1712 1931 oon·

160 1983 242 2025 nam.
269 1964 335 2026 Hoc
361 1964 465 2045 ipsum
496 1962 576 2025 ratio
604 1962 713 2024 dictat.
739 1961 906 2024 Cernimus
963 1956 1066 2025 sidem
1082 1962 1298 2045 temetipsum,
1314 1963 1384 2044 quis
1404 1963 1459 2041 sis,
1477 1964 1537 2027 hoc
1552 1973 1600 2027 est
1614 1984 1708 2047 quam

158 2080 308 2142 namque,
333 2062 418 2142 quod
446 2068 564 2142 quanto
591 2060 663 2142 quis
691 2059 807 2141 justior
835 2079 906 2121 san·
962 2059 1165 2126 defectuosus
1180 2068 1211 2123 et
1226 2060 1349 2143 fragilis
1365 2062 1397 2122 in
1413 2070 1534 2125 natura.
1552 2062 1598 2125 Ad
1613 2082 1709 2145 quam

159 2160 303 2241 ctiorque
326 2158 483 2238 consistit,
505 2166 593 2221 tanto
615 2158 688 2241 plus
713 2156 904 2239 injustitiam
962 2159 1249 2223 considerationem
1273 2166 1395 2241 spectat
1413 2161 1498 2240 quod
1520 2160 1631 2224 beatus
1651 2163 1710 2226 Joh

157 2268 330 2323 etomnem
345 2258 551 2321 vitiositatem
566 2257 726 2320 abhorret.
740 2256 905 2337 Quumque
961 2258 1006 2319 ait
1032 2281 1039 2319 :
1065 2258 1165 2321 Homo
1188 2266 1280 2320 natus
1305 2258 1344 2320 de
1372 2257 1518 2335 muliare,
1543 2258 1632 2322 brevi
1663 2260 1709 2323 vi·
1723 2280 1859 2334 totiena.

157 2365 281 2421 constet
295 2358 393 2420 Deum
412 2356 587 2438 gloriosum
608 2374 678 2418 esse
692 2355 905 2418 essentialiter
960 2375 1039 2417 vens
1062 2364 1215 2439 tempore,
1243 2356 1383 2438 repletur
1410 2356 1519 2418 multis
1547 2358 1707 2438 miseriis;

156 2465 302 2519 sanctum
324 2474 362 2518 ao
385 2455 520 2535 justum,
540 2462 663 2516 certum
686 2454 837 2535 estquod
857 2453 904 2514 in·
959 2455 1014 2535 qui
1038 2456 1129 2536 quasi
1152 2454 1213 2518 flos
1235 2454 1396 2536 egreditur
1416 2462 1448 2517 et
1470 2456 1654 2535 conteritur,
1678 2466 1709 2519 et

155 2554 254 2618 fluite
269 2554 313 2616 sit
326 2553 483 2636 equitatis
497 2560 530 2616 et
543 2552 731 2632 sanctitatis,
748 2552 812 2615 imo
832 2571 904 2614 san·
960 2551 1042 2634 fugit
1056 2553 1145 2615 velut
1164 2553 1288 2633 umbra,
1304 2560 1336 2615 et
1357 2571 1519 2634 nunquam
1542 2554 1574 2615 in
1596 2556 1707 2618 eodem

155 2654 245 2715 etitas
267 2661 302 2715 et
320 2652 443 2733 justitia
462 2650 590 2713 infinita
611 2675 618 2712 :
639 2649 904 2713 inestimabiliter
960 2659 1043 2714 statu
1067 2658 1242 2732 permanet.
1269 2651 1438 2714 Considera
1462 2669 1588 2733 quoqne
1612 2672 1707 2733 quam

154 2770 227 2833 ergo
259 2759 294 2815 et
326 2750 452 2813 infinite
484 2751 659 2813 detestatur
691 2758 722 2811 et
755 2749 904 2812 abhorret
960 2750 1129 2833 culpabilis
1153 2750 1198 2812 sis
1222 2750 1255 2811 in
1278 2749 1353 2827 vita,
1375 2769 1470 2831 quam
1493 2750 1709 2814 innumerabi-

153 2869 280 2913 omnem
301 2850 513 2931 iniquitatem.
534 2847 759 2912 Universaliter
775 2867 902 2930 quoque
959 2847 1043 2911 libus
1064 2847 1190 2910 vicibus
1210 2848 1352 2929 quotidie
1375 2866 1523 2930 peccans,
1540 2848 1651 2910 saltem
1673 2850 1706 2911 in

154 2949 311 3027 videmus,
326 2949 411 3030 quod
425 2956 543 3030 quanto
564 2948 637 3029 quis
652 2947 685 3009 in
700 2966 901 3029 quacumque
959 2946 1149 3025 venialibus,
1181 2964 1238 3029 per
1265 2945 1471 3009 omissionem
1499 2954 1531 3008 et
1559 2948 1708 3010 commis-

152 3047 268 3110 virtute
294 3055 394 3109 exstat
414 3045 596 3129 perfectior,
620 3045 902 3123 tanto-vehemen-
920 3046 942 3109 C
960 3044 1094 3124 sionem,
1110 3063 1168 3126 per
1189 3044 1375 3106 interiorum
1396 3052 1427 3106 et
1448 3044 1637 3107 exteriorum
1660 3046 1708 3108 in-

153 3144 212 3207 tius
227 3144 344 3207 vitium
365 3143 474 3206 virtuti
498 3143 545 3205 illi
567 3144 761 3206 contrarium
781 3143 902 3205 abnun-
959 3142 1135 3205 custodiam
1166 3160 1328 3221 sensuum,
1352 3160 1410 3223 per
1432 3141 1707 3207 irrelreuatioucm

152 3251 253 3305 natur.
281 3242 378 3306 Porro
406 3242 489 3304 Dens
517 3242 550 3303 in
579 3242 666 3305 omni
692 3242 848 3325 sapientia
871 3251 903 3304 et
959 3240 1088 3322 lingue,
1112 3260 1170 3323 per
1193 3239 1499 3322 inexemplaritatem
1523 3250 1554 3303 et
1578 3243 1708 3305 scauda-

153 3341 268 3403 virtute
295 3339 423 3403 infinite
447 3340 608 3422 perfectus
632 3347 680 3402 est
705 3362 712 3401 ε
735 3340 812 3402 hinc
836 3358 903 3403 om·
959 3338 1036 3417 lum,
1053 3358 1110 3419 per
1131 3337 1338 3419 cogitationes
1360 3337 1501 3415 inutiles,
1518 3357 1576 3420 per
1595 3340 1708 3402 distra-

152 3460 224 3502 nem
246 3439 461 3521 iniquitatem,
484 3439 713 3521 insipientiam,
736 3437 904 3520 turpitudi-
958 3437 1091 3515 stiones,
1118 3436 1274 3516 levitates,
1305 3436 1515 3517 negligentias
1544 3438 1639 3500 etiam
1674 3439 1707 3501 in

153 3556 292 3618 nemque
307 3537 430 3619 peccati
442 3536 584 3600 mortalis
601 3535 810 3599 ineffabiliter
823 3536 900 3599 odit.
958 3535 1088 3613 divinis,
1105 3554 1162 3616 per
1181 3534 1439 3596 immoderantias
1460 3534 1524 3597 cibi
1544 3554 1580 3597 ιο
1600 3546 1704 3618 potus,

153 3636 284 3717 Propter
302 3635 387 3717 quod
409 3636 442 3698 iu
464 3635 545 3698 libro
566 3634 733 3716 Sapientia
749 3634 902 3715 scriptum
958 3652 1015 3715 per
1039 3632 1234 3696 inordinatas
1259 3631 1344 3695 circa
1367 3650 1574 3714 quecumque
1602 3644 1707 3698 creata

42 3742 201 3814 meost
221 3758 228 3795 ε
250 3734 332 3797 Odio
360 3740 434 3795 sunt
459 3732 524 3795 Deo
551 3731 670 3814 impius
697 3740 730 3794 et
757 3732 903 3815 impietas
958 3729 1157 3794 affectiones
1174 3731 1209 3792 ln
1231 3730 1281 3792 his
1302 3738 1334 3791 et
1354 3730 1575 3793 consimilibus
1598 3734 1706 3797 multis

51 3857 112 3909 ιιι,
124 3861 143 3902 ι,
155 3834 233 3915 ejus.
250 3832 310 3896 Cui
325 3831 467 3896 concinit
480 3831 647 3893 Psalmista
659 3854 665 3891 :
678 3830 776 3893 Odisti
791 3849 902 3893 omues
957 3830 1086 3891 adverte
1101 3836 1131 3891 te
1151 3827 1292 3909 quotidie
1312 3828 1403 3890 toties
1423 3847 1492 3891 esse
1512 3829 1705 3912 culpabilem

155 3931 206 4011 qui
234 3938 408 4013 operantur
431 3929 641 4010 iniquitatem.
666 3928 709 3990 De
732 3946 796 4009 quo
819 3928 903 3990 Jere-
957 3946 994 3991 ao
1016 3936 1213 4007 peccantem,
1235 3933 1270 3988 ut
1290 3945 1428 4006 nequeas
1451 3945 1628 4007 numerare,
1645 3950 1704 3993 uec

46 4074 73 4105 ῃ,
92 4031 233 4115 ¹manias
268 4035 463 4112 protestatur
492 4026 609 4108 iniquis
639 4049 647 4087 ε
676 4025 745 4090 Non
781 4035 903 4108 poterat
958 4025 1083 4107 singula
1104 4025 1207 4107 possis
1229 4025 1402 4105 attendere,
1421 4024 1487 4088 imo
1508 4044 1635 4090 exorare
1658 4028 1704 4091 iu-

51 4154 57 4167 ·
155 4147 208 4192 vos
236 4128 393 4192 Dominus
421 4126 503 4188 ultra
531 4132 656 4207 portare
684 4132 814 4207 propter
836 4144 903 4187 ma·
956 4125 1112 4206 digeaset
1126 4124 1302 4186 exclamare
1321 4124 1359 4185 ad
1375 4124 1543 4186 Dominum
1560 4148 1567 4185 :
1584 4126 1704 4190 Delicta
1718 4147 1855 4207 eamean.

153 4227 252 4289 litiam
280 4226 459 4289 studiorum
483 4230 673 4287 vestrorum.
699 4224 770 4306 lpse
794 4224 899 4305 plane,
916 4228 941 4291 D
956 4221 1028 4303 quis
1056 4221 1226 4303 intelligitl
1252 4221 1299 4284 Ab
1322 4221 1456 4284 occultis
1481 4222 1562 4285 meis
1587 4227 1704 4289 munda

95 4363 140 4401 m,
152 4332 186 4387 ut
211 4325 334 4407 bloyses
363 4323 468 4386 fassus
496 4330 556 4403 est,
581 4330 745 4385 aversatur
772 4340 901 4385 omnem
957 4340 1020 4398 me,
1036 4320 1180 4383 Domine.
1192 4320 1298 4398 Porro,
1313 4320 1339 4381 si
1355 4321 1452 4401 (quod
1466 4321 1562 4402 absit)
1577 4322 1610 4384 in
1626 4342 1704 4387 non·

51 4440 56 4451 ·
151 4422 352 4504 injustitiam.
956 4419 1054 4482 nullis
1078 4417 1290 4499 grossioribus
1315 4418 1499 4498 excessisti3
1525 4420 1552 4481 si
1578 4421 1611 4483 iu
1636 4442 1704 4486 cor-

189 4520 267 4595 Quid
292 4538 369 4602 ergo
392 4526 442 4583 est
464 4537 498 4581 se
516 4519 555 4581 ad
579 4537 702 4581 sacram
723 4537 900 4600 preparare
957 4517 1155 4601 reptionibus
1180 4522 1212 4578 at
1236 4516 1486 4580 correctionibus
1515 4537 1571 4581 seu
1595 4520 1704 4585 admo-

152 4618 423 4696 communionem,
449 4619 489 4680 ad
513 4617 761 4679 celebrationem
791 4617 901 4680 condi·
955 4616 1131 4680 nitiouibus
1163 4614 1310 4677 exstitisti
1340 4615 1520 4696 impatiens,
1550 4618 1702 4683 adversus

151 4736 257 4798 gnam
282 4716 346 4778 nisi
367 4723 509 4779 mentem
530 4733 717 4798 expurgare,
740 4715 900 4779 custodire
954 4714 1177 4798 presidentem
1202 4713 1310 4793 aliquo
1332 4714 1426 4777 modo
1448 4712 1630 4796 indignans,
1651 4720 1701 4782 vel

151 4824 181 4878 et
201 4834 397 4897 preservare
419 4816 460 4879 ab
477 4814 564 4878 omni
587 4813 658 4877 laha
680 4814 824 4897 peccatit
841 4814 898 4888 Qui
955 4814 1057 4876 eidem
1084 4812 1191 4875 minus
1215 4819 1360 4894 prompte
1388 4813 1622 4894 obtemperans,
1649 4825 1703 4880 aut

151 4915 234 4977 enim
264 4933 340 4978 curn
373 4913 568 4977 conscientia
602 4912 723 4994 peccati
759 4912 899 4976 mortalis
955 4914 1166 4975 irreverenter
1193 4911 1279 4973 circa
1308 4910 1411 4992 ipsum
1445 4918 1476 4973 te
1503 4912 1634 4996 habens,
1665 4936 1701 4979 ac

152 5014 388 5076 communicare
406 5021 461 5074 aut
484 5011 644 5074 celebrare
665 5010 839 5094 presumit,
861 5030 899 5073 eo
953 5010 1113 5073 Christum
1143 5010 1174 5071 in
1205 5028 1262 5072 suo
1291 5008 1411 5072 vicario
1439 5008 1641 5092 colaphizans
1664 5029 1702 5074 ιο

150 5110 218 5193 ipso
233 5119 348 5193 peceat
362 5110 547 5174 mortaliter.
563 5109 627 5172 Nec
643 5108 768 5172 sufficit
783 5109 809 5171 si
825 5110 897 5191 quis
954 5127 1154 5191 conspueus;
1177 5108 1203 5169 si
1229 5108 1262 5169 in
1287 5106 1380 5170 factis
1406 5106 1451 5169 tui
1473 5107 1642 5171 confratris
1664 5128 1701 5171 ιο

149 5209 244 5288 dieat,
260 5210 414 5273 Conscius
429 5208 508 5270 mihi
531 5226 595 5271 non
616 5226 687 5269 sum
709 5208 748 5270 da
767 5216 897 5290 peccato
954 5208 1102 5292 proximi,
1123 5214 1155 5269 et
1176 5206 1208 5267 in
1233 5205 1528 5287 imperfectionibus
1548 5226 1586 5269 ac
1605 5207 1702 5270 omis-

149 5310 288 5389 mortali,
310 5308 372 5372 nisi
395 5306 595 5389 diligentiam
621 5306 760 5370 debitam
785 5306 898 5370 facerit
954 5306 1097 5371 sionibus
1112 5305 1194 5387 ejus,
1207 5304 1417 5385 passionatus,
1427 5304 1627 5385 amaricatus,
1641 5306 1701 5371 ira-
