4309 6259
487 488 547 553 334
615 505 657 554 Μ
676 504 878 554 §.immillo
898 504 1028 551 Attritis
1049 501 1087 549 ΕΙ·
1106 502 1205 549 tttssm
1226 499 1452 549 cmmemores
1473 501 1631 549 oratouos
1654 520 1696 531 -
1715 501 1786 549 ΔΜ.
1807 501 1898 549 mm

487 684 537 741 est
556 676 689 756 animae3
714 684 747 739 et
769 693 875 739 nonne
893 681 998 757 potest
1019 673 1103 737 Deus
1127 671 1273 736 facerem
1328 671 1496 737 Summanos.
1516 707 1557 717 -
1577 670 1770 754 Religiosum
1795 679 1909 755 patrem
1929 673 2001 737 loan-

487 775 522 837 in
536 775 667 840 instanti
689 793 800 858 perse
822 774 927 856 ipsum
947 792 1004 835 sua
1023 771 1151 835 infinita
1172 771 1235 834 vir·
1287 790 1360 834 nem
1376 771 1578 853 liuysbroeok
1600 770 1646 851 (ni
1669 770 1776 850 fallor)
1798 780 1893 834 notas.
1912 772 2001 835 llataor

487 881 565 952 tute,
582 875 666 954 qued
680 879 785 954 potest
798 880 830 934 et
843 871 921 933 facit
934 890 992 953 per
1006 888 1118 933 causas
1137 870 1234 932 inter
1287 888 1338 933 me
1353 868 1423 950 ejus
1437 870 1553 951 legisse
1568 869 1808 950 tractatum,qui
1823 871 2001 951 quantosim-
2018 896 2083 1003 sm:

487 972 609 1035 medias
629 970 802 1050 naturales,
818 969 957 1032 saltem
949 988 982 1031 ιιι
1001 968 1053 1030 bis
1076 987 1147 1049 que
1168 985 1232 1030 non
1287 967 1413 1079 plioiori
1429 967 1502 1032 stilo
1516 976 1565 1031 est
1578 967 1692 1045 editus,
1707 976 1794 1031 tanto
1808 968 1877 1049 plus
1890 964 2083 1067 devotioffl¹¹

345 1082 429 1127 omn
449 1095 474 1135 ι
486 1069 640 1151 derogant
662 1068 858 1132 excellentiae
879 1087 954 1147 suae,
980 1065 1064 1129 sicut
1092 1066 1232 1128 Christus
1286 1066 1336 1129 nis
1357 1066 1542 1130 excitativus
1563 1065 1642 1128 mibi
1665 1065 1800 1129 videtur.
2008 1088 2039 1126 ιι.

339 1148 383 1189 ⁷⁸⁹
487 1170 592 1234 subito
616 1169 774 1234 convertit
800 1186 914 1250 aquam
938 1167 971 1227 in
996 1166 1129 1227 vinuml
1152 1164 1232 1239 Quid
1327 1164 1522 1226 Vnnmuse
1536 1164 1582 1226 Ad
1597 1164 1772 1245 legentium
1786 1163 1999 1228 &dirivationem

487 1267 585 1349 igitur
605 1266 733 1344 mirum,
750 1266 777 1328 si
802 1264 909 1327 subito
933 1271 1097 1327 convertat
1116 1282 1231 1345 panem
1286 1260 1392 1343 aliqua
1415 1261 1514 1325 recita
1534 1262 1620 1371 iude.

486 1374 518 1428 et
535 1366 647 1428 vinum
666 1365 699 1426 in
719 1381 835 1446 corpus
857 1370 890 1425 et
912 1362 1101 1444 sauguinem
1125 1378 1229 1441 suum,

485 1464 540 1545 qui
556 1463 774 1526 indesinenter
791 1479 849 1543 per
869 1479 981 1524 causas
1001 1458 1162 1521 naturales
1184 1478 1232 1521 se-

486 1563 607 1625 cundas
629 1560 788 1633 convertit
807 1558 916 1621 cibum
934 1567 967 1620 et
985 1566 1095 1641 potum
1115 1558 1148 1620 in
1164 1575 1232 1621 cor·
1447 1524 1691 1589 ARTICVLVS
1714 1524 1872 1589 XXXIII·

485 1680 546 1743 PVS
574 1658 825 1741 sa¹¹ii¹¹i¹¹V¹¹¹il¹¹V
859 1657 1057 1719 humfflumi
1086 1656 1172 1718 Vnde
1201 1662 1232 1717 θ’
1345 1673 1552 1732 Introductio
1567 1672 1740 1732 verborum
1756 1674 1955 1751 quorumdam

481 1766 632 1837 tentator,
649 1757 754 1820 sciens
769 1756 887 1818 diviuae
908 1774 978 1817 esse
999 1754 1148 1836 potentiae
1169 1753 1230 1817 boc
1286 1779 1327 1819 ecc
1358 1769 1503 1821 tractatu
1532 1762 1706 1838 eujusdam
1738 1763 1808 1821 viri
1836 1762 1998 1821 illuminati.

484 1855 666 1918 immediate
680 1872 738 1937 per
758 1872 792 1916 se
814 1851 1097 1935 supernaturaliter
1110 1849 1227 1929 faeere,
1248 1851 1271 1913 B

336 1973 423 2019 ιιιιιι.
439 1988 469 2028 ιι,
483 1952 562 2016 dixit
586 1954 627 2015 ad
651 1952 757 2015 lesum
775 1975 782 2014 :
800 1950 831 2013 Si
856 1949 955 2011 Filius
978 1948 1033 2012 Dei
1058 1968 1104 2029 es,
1120 1948 1171 2010 dio
1196 1955 1231 2011 ut
1327 1945 1495 2009 Saounoos.
1511 1981 1552 1991 -
1571 1945 1768 2009 Venerabilis
1789 1954 1876 2028 pater
1893 1946 1999 2009 loannes

336 2040 358 2083 ⁸·
484 2049 606 2133 lapides
627 2050 680 2112 isti
701 2068 800 2131 panes
822 2047 914 2110 fiant.
1286 2043 1489 2125 liuysbroeolx
1523 2044 1650 2107 cuidam
1685 2044 1831 2107 scribens
1862 2042 2000 2107 sometime

521 2148 684 2225 Praeterea,
701 2146 741 2209 de
755 2145 973 2229 penetratione
993 2143 1229 2207 dimensionum
1286 2141 1363 2203 niali
1386 2165 1393 2204 :
1414 2142 1447 2204 Si
1469 2142 1619 2221 volueris,
1641 2142 1756 2224 inquit,
1773 2142 1808 2205 in
1830 2142 1999 2205 sacramanto

481 2246 558 2329 quid
579 2254 711 2309 eatenus
735 2244 947 2326 obstupescis,
964 2261 1063 2323 quum
1089 2250 1120 2305 et
1143 2241 1231 2304 Chri·
1286 2248 1395 2302 sancto
1409 2241 1554 2324 accipere
1569 2259 1685 2322 corpus
1699 2240 1892 2304 dominicum
1908 2239 1941 2302 ad
1959 2236 1998 2300 liei

481 2353 548 2407 stus
562 2363 601 2407 ex
615 2344 744 2452 Virgine
758 2350 852 2405 natus
866 2342 917 2419 sit,
935 2341 1003 2423 ipsa
1022 2341 1145 2421 integra
1160 2344 1231 2422 per·
1284 2338 1438 2401 honorem
1466 2346 1498 2401 et
1526 2346 1613 2401 tuam
1642 2340 1789 2419 salutem,
1815 2339 1905 2402 debes
1928 2338 1954 2398 in
1977 2345 1998 2397 te

332 2448 642 2518 memarmanente,
663 2440 728 2502 imo
748 2439 838 2501 etde
857 2438 966 2500 clauso
988 2436 1160 2499 surrexerit
1182 2444 1230 2497 tu·
1284 2436 1401 2499 babere
1429 2443 1566 2517 quatuor
1590 2445 1719 2519 puncta,
1750 2457 1821 2519 quae
1847 2435 1998 2501 beatimima
2094 2512 2095 2515 Ἴ

332 2530 465 2641 ζ’ω“””3
459 2539 580 2619 ·mulo‚
597 2537 777 2618 clausisque
798 2535 921 2599 foribus
944 2535 1173 2617 addiscipulos
1189 2536 1230 2597 sit
1285 2533 1375 2615 virgo
1399 2533 1530 2596 llaria
1523 2553 1555 2595 ιιι
1580 2554 1614 2597 se
1637 2534 1749 2598 babuit
1773 2544 1865 2617 atque
1887 2530 1998 2597 exercuit
2094 2540 2095 2593 l

333 2654 367 2703 u.
382 2654 416 2696 ιι.
459 2623 666 2718 ingressusl
681 2635 768 2711 Quod
783 2643 815 2697 et
828 2634 939 2697 drvrna
952 2633 1069 2696 virtute
1084 2633 1230 2715 frequen-
1284 2633 1411 2741 quando
1439 2633 1555 2695 Vilium
1584 2634 1638 2695 Dei
1668 2634 1850 2744 concepit:
1877 2631 1997 2714 quoniam

479 2744 529 2798 ter
552 2753 678 2818 quoque
703 2733 736 2795 in
761 2733 834 2796 aliis
859 2731 979 2795 fuctum
1000 2739 1072 2794 est.
1090 2732 1173 2795 siout
1194 2731 1229 2794 in
1284 2729 1354 2811 ipsa
1367 2738 1416 2793 est
1430 2749 1554 2793 summa
1568 2732 1719 2812 magistra
1733 2732 1940 2795 universarum
1953 2728 1999 2790 rir-

332 2856 417 2912 rma,
431 2833 610 2903 melotibus
624 2832 705 2913 legis
720 2831 887 2913 Apostolos
906 2848 962 2911 per
982 2830 1131 2911 angelum
1153 2829 1229 2893 edu·
1284 2835 1399 2908 tutum,
1428 2836 1460 2891 et
1481 2829 1604 2892 doctrix
1627 2830 1732 2893 omnis
1757 2829 1933 2893 sanctitatis.
1952 2826 1998 2889 l’ri·

332 2924 369 2964 ²³·
479 2940 548 2995 ctos
575 2932 615 2994 de
639 2948 766 2993 carcere
794 2930 914 3006 clauso,
941 2928 974 2991 iu
1002 2946 1113 2991 eorum
1141 2927 1227 2990 exitu
1284 2945 1373 2988 mum
1386 2926 1502 2989 horum
1523 2935 1571 2989 est
1591 2927 1734 3009 puritas3
1751 2929 1928 3004 secundum,
1942 2942 1998 2987 vem

479 3029 589 3093 clauso
617 3036 776 3091 manente.
804 3028 940 3090 'lhomas
967 3044 1095 3108 quoque
1120 3045 1227 3090 nonne
1247 3028 1269 3092 d
1284 3024 1339 3087 Dei
1354 3024 1515 3107 cognitio;
1531 3026 1670 3105 tertium,
1688 3026 1867 3106 bumilitas;
1881 3032 1997 3108 quartum

477 3128 586 3209 januis
620 3127 738 3190 clausis
772 3126 936 3208 ingressus
970 3133 1018 3187 est
1051 3125 1225 3188 thalamum
1283 3131 1331 3187 est
1368 3123 1477 3187 liberae
1514 3123 1687 3189 voluntatis
1725 3122 1996 3208 concupiscibilitas.

478 3226 588 3308 sponsi
603 3233 635 3289 et
648 3243 784 3308 sponsae,
800 3224 1039 3305 Alexanderque
1053 3224 1136 3305 Papa
1157 3243 1228 3286 san·
1283 3222 1382 3286 Proba
1406 3241 1481 3304 ergo
1506 3229 1538 3285 et
1565 3224 1731 3287 considera
1759 3225 1933 3307 adspectum
1956 3238 1998 3281 seu

478 3332 549 3388 ctus
573 3342 733 3387 carcerem
757 3323 790 3384 in
814 3340 878 3404 quo
903 3321 966 3385 fuit
992 3320 1226 3385 illustrissimus
1282 3320 1396 3384 faeiem
1414 3322 1618 3386 conscicntia
1632 3330 1704 3403 tua,
1720 3330 1752 3385 et
1767 3320 1953 3404 quidquidin
1970 3335 1997 3379 ea

477 3430 598 3504 martyr
614 3422 768 3485 Hermest
782 3422 822 3484 Et
843 3420 943 3483 multa
960 3420 1012 3482 bis
1031 3419 1150 3483 similia
1174 3440 1228 3485 ve·
1282 3418 1444 3481 inveneris
1458 3418 1633 3500 displicens
1648 3420 1723 3498 lieo,
1740 3420 1802 3484 boe
1822 3418 1965 3482 humiliter
1974 3422 1997 3477 et

477 3521 605 3585 rissime
639 3528 714 3582 sunt
747 3519 918 3601 descripta.
947 3519 1090 3601 insuper,
1120 3537 1226 3583 nonne
1282 3516 1451 3598 queruloso
1476 3516 1683 3597 confitearis3
1704 3536 1742 3581 ae
1766 3518 1882 3581 malum
1900 3517 1997 3595 dequo

477 3619 665 3681 Albumasar
677 3617 865 3699 astrologus,
873 3617 906 3679 in
921 3617 1151 3681 introductorio
1166 3636 1227 3679 ma·
1282 3616 1354 3698 plus
1388 3616 1623 3697 verecundaris,
1653 3636 1854 3699 nequaquam
1884 3613 1997 3697 negligas
2093 3684 2094 3689 ἵ

476 3717 551 3799 jori,
575 3716 657 3781 libro
681 3725 779 3794 sexto,
804 3714 923 3778 fatetur
946 3716 1031 3796 quod
1056 3716 1122 3778 sole
1146 3716 1227 3778 exsi-
1282 3714 1442 3792 confiteri,
1458 3723 1490 3777 et
1504 3734 1619 3778 accusa
1638 3724 1668 3779 te
1687 3716 1791 3797 ipsam
1810 3725 1945 3799 tanqum
1963 3709 1996 3773 tui

477 3822 580 3878 stante
601 3814 636 3877 in
654 3814 795 3896 Virgine,
811 3812 954 3876 nascitur
975 3812 1008 3874 iu
1029 3821 1114 3876 terra
1135 3814 1226 3896 virgo
1282 3813 1384 3896 ipsius
1398 3812 1562 3877 inimicam
1577 3813 1775 3877 mortiferam
1789 3835 1827 3878 ac
1842 3812 1995 3897 capitalem:

476 3913 699 3991 mundissima,
725 3920 757 3975 et
783 3912 854 3993 ipsa
881 3913 970 3975 sedet
994 3930 1089 3993 super
1118 3912 1225 3976 sedem
1282 3910 1392 3991 sicque
1406 3909 1524 3992 poteris
1538 3911 1657 3973 munda
1670 3910 1742 3974 lieri
1757 3930 1795 3975 ac
1811 3909 1998 3975 sinceralor·

478 4017 742 4089 stratam,tenens
756 4008 862 4091 spicas
877 4009 911 4071 in
926 4008 1125 4088 manibus‚et
1139 4008 1227 4072 fovet
1283 4028 1317 4074 ro
1336 4010 1375 4071 de
1393 4007 1572 4071 defectibus
1589 4008 1654 4071 tuis
1673 4010 1867 4091 quotidianis
1884 4018 1913 4073 et
1932 4025 1997 4070 eom

479 4108 513 4169 in
527 4108 650 4190 gremio
671 4106 865 4168 infantulum
880 4126 918 4169 ex
933 4125 966 4169 se
980 4114 1103 4185 natum,
1119 4125 1227 4188 quam·
1282 4107 1433 4169 munibus
1453 4125 1489 4170 ae
1509 4107 1694 4188 levioribus,
1714 4128 1733 4171 a
1757 4109 1872 4190 quibus
1894 4108 1939 4171 vix
1954 4104 1997 4167 oli·

478 4206 528 4269 vis
549 4206 584 4267 in
604 4205 665 4268 hoo
686 4223 807 4267 errasse
828 4205 961 4267 minime
982 4205 1166 4268 dubitaturi
1241 4205 1354 4288 unis
1382 4212 1486 4287 potest
1508 4204 1678 4285 abstinere,
1704 4206 1887 4271 confitearis
1911 4201 1996 4287 paucis

518 4304 687 4367 Suonnoos.
700 4338 741 4349 -
754 4304 884 4380 Revera,
897 4303 924 4364 si
943 4303 1004 4365 ista
1018 4303 1077 4365 rite
1092 4322 1227 4385 pensem·
1281 4323 1318 4367 ao
1333 4303 1484 4366 brevibus
1498 4304 1616 4382 verbis,
1627 4312 1662 4366 ut
1676 4304 1721 4367 sis
1736 4304 1812 4369 inde
1826 4306 1994 4384 iuooeupato,

478 4409 540 4481 tur,
552 4400 629 4463 satis
643 4408 676 4463 et
694 4400 867 4482 superactis
887 4400 1072 4481 persuasisti
1087 4403 1227 4484 proposi·
1282 4402 1313 4464 id
1334 4410 1381 4465 est
1400 4410 1505 4464 mente
1527 4401 1697 4483 iudepiota.
1714 4402 1928 4468 Verumtamen
1947 4418 1996 4461 ma·

477 4504 600 4579 tum,et
614 4498 774 4581 superbis
788 4499 906 4580 gratias
920 4517 980 4580 ago
995 4506 1027 4561 et
1046 4508 1223 4564 contemtor.
1280 4520 1376 4582 guam
1401 4499 1626 4564 contritionem
1652 4508 1684 4563 et
1711 4502 1817 4565 cordis
1844 4496 1996 4565 amaritudi-
2092 4578 2093 4585 ἵ

352 4622 464 4675 murm.
518 4597 662 4660 Vnnuss.
679 4632 720 4643 -
737 4596 806 4658 lam
824 4596 893 4678 agis
918 4596 1001 4659 sicut
1023 4597 1142 4676 dixisti,
1159 4616 1226 4661 mo-
1281 4618 1355 4661 uem
1379 4598 1498 4661 babeas
1526 4598 1566 4661 de
1594 4598 1753 4661 universis
1782 4600 1844 4663 tuis
1869 4595 1994 4682 peccatis,

335 4714 462 4770 Ριιιιιιιιι,
476 4695 586 4759 derato
613 4702 782 4758 contentus
814 4694 980 4772 scrutinio,
1011 4714 1071 4758 uec
1099 4704 1224 4777 patrum
1279 4696 1459 4777 bonamque
1474 4695 1669 4759 voluntatem
1688 4715 1815 4779 semper
1833 4700 1906 4762 bene
1922 4710 1995 4776 agem-
2092 4754 2093 4779 ,

329 4778 365 4821 ²⁸·
477 4793 713 4875 transgrediens
733 4792 896 4856 terminos.
914 4793 974 4855 Sed
996 4793 1059 4874 dio,
1076 4794 1224 4875 legistine
1279 4795 1311 4857 di
1335 4804 1365 4857 et
1389 4795 1569 4857 abstinendi
1595 4795 1635 4858 ab
1662 4796 1812 4861 omnibus
1839 4793 1995 4859 mortalibus
2092 4782 2093 4841 ἐ

475 4890 676 4956 devotionule
701 4892 892 4974 opusculum
916 4891 977 4954 viri
1001 4892 1139 4974 desuper
1165 4914 1225 4956 un·
1278 4893 1520 4975 venialibusque
1535 4893 1686 4975 peccatis.
1703 4894 1741 4956 Et
1755 4904 1828 4959 ante
1841 4893 1937 4958 omnia
1953 4889 1995 4951 ba·

475 4990 530 5069 cti,
553 4999 586 5053 et
608 4990 723 5054 devote
745 4990 996 5072 simpliciterque
1023 4991 1063 5053 de
1092 4994 1222 5056 materia
1277 4992 1353 5054 beas
1368 5010 1493 5074 semper
1506 4990 1607 5055 fidem
1621 5010 1770 5074 magnam
1786 5002 1817 5056 et
1831 5010 1912 5075 spem
1927 5004 1994 5051 omo

326 5106 460 5163 ramma
474 5088 536 5153 ista
549 5088 730 5166 scribentis,
747 5088 801 5169 qui
816 5089 923 5151 dicere
937 5090 1050 5171 potuit,
1066 5089 1220 5164 Quoniam
1277 5109 1381 5154 rosam
1397 5091 1429 5152 in
1444 5090 1509 5153 Deo
1525 5113 1532 5152 :
1549 5109 1620 5171 quae
1634 5092 1698 5155 duo
1712 5092 1847 5155 multum
1861 5090 1954 5155 valent
1964 5084 1994 5146 ad

326 5172 361 5215 ¹⁶·
474 5205 539 5250 non
557 5186 693 5268 cognovi
713 5185 932 5265 litteraturam,
949 5185 1086 5250 introibo
1108 5187 1141 5250 in
1165 5208 1221 5270 po
1276 5188 1447 5251 delendum
1475 5198 1616 5270 peccata.
1647 5189 1765 5253 Caveas
1798 5208 1870 5253 vero
1897 5202 1994 5249 acon·

472 5286 588 5350 tentias
608 5284 758 5350 Dominil
1276 5286 1470 5350 fossionibus
1491 5286 1623 5370 prolixis
1647 5295 1679 5349 et
1702 5288 1855 5367 verbosis,
1871 5284 1936 5369 quir
1953 5280 1994 5343 dt*
