4309 6259
453 471 515 538 tot
717 492 757 538 nn
778 490 934 539 succum
953 490 991 536 xr
1012 490 1313 549 excurreremus,
1336 492 1424 539 arasa
1446 492 1466 537 ι.
1489 509 1530 522 -
1551 493 1623 541 aar.
1645 492 1731 540 xxxu

455 678 586 742 prorsus
601 679 764 744 processu,
774 660 872 725 salvis
886 660 1131 742 temperatisque
1145 660 1201 723 Dei
1217 661 1243 724 Α
1259 661 1489 743 complecteris.
1506 661 1593 726 Fecit
1616 662 1702 725 enim
1725 661 1786 726 tibi
1809 682 1923 746 magna
1944 665 1990 747 qui
2001 682 2080 732 tam.

456 760 602 841 equitate
632 768 725 842 atque
754 760 934 839 elementia,
960 758 1127 823 bominum
1155 766 1204 822 est
1259 766 1443 841 potensest,
1459 768 1649 825 etsanctum
1664 779 1781 824 nomen
1801 760 1870 843 ejus
1888 785 1895 823 :
1911 764 1992 846 quip-

456 866 601 939 reparata
627 856 775 921 felicitas.
806 858 867 921 Sed
894 858 1045 939 quoniam
1073 858 1113 921 de
1141 857 1203 921 boc
1259 875 1298 938 pe
1316 856 1372 937 qui
1391 858 1599 940 semetipsum
1618 877 1657 921 ex
1680 866 1710 920 te
1735 856 1824 936 feeit,
1840 878 1991 921 assumens

365 982 444 1024 mn.
458 956 594 1019 ubertim
608 958 641 1018 in
660 956 864 1039 praeinduetis
885 974 989 1019 sermo
1010 956 1147 1035 transiit,
1163 956 1203 1018 de
1258 955 1343 1035 quod
1367 974 1431 1017 non
1454 962 1532 1033 erat,
1553 974 1750 1037 manensque
1775 954 1875 1018 nihilo
1898 956 1990 1018 miuus

456 1055 550 1118 tertio
571 1054 734 1137 paulisper
754 1055 841 1136 loqui
863 1054 1029 1118 incumbit.
1258 1053 1342 1134 quod
1362 1062 1450 1132 erat,
1465 1072 1502 1116 ac
1527 1073 1584 1137 par
1603 1055 1675 1135 boe,
1691 1054 1800 1117 omnia
1823 1072 1892 1134 quae
1914 1054 1989 1136 fecit,

495 1152 674 1216 Attenditur
687 1161 792 1216 autem
804 1153 906 1216 virtus
928 1152 1088 1235 operantis
1103 1171 1142 1215 ex
1155 1151 1203 1213 di·
1260 1151 1382 1216 refecit.

454 1251 569 1313 stantia
583 1250 791 1315 terminorum
806 1250 854 1313 sui
870 1248 1102 1331 operisOrnnis
1117 1248 1203 1311 euim

452 1366 599 1431 operans,
616 1349 657 1412 ab
674 1348 782 1430 aliquo
806 1348 929 1411 orditur
952 1356 983 1410 et
1006 1348 1040 1409 in
1065 1348 1202 1430 quodam

452 1446 597 1528 quiescit.
613 1447 701 1509 Unde
722 1464 785 1527 quo
804 1446 1000 1528 principium
1019 1464 1076 1508 seu
1096 1445 1204 1509 termi-
1423 1412 1668 1481 ARTICULUS
1691 1416 1837 1482 XXXII.

451 1564 512 1607 ¹1¹¹ss
535 1566 555 1605 α
578 1565 641 1624 ‘lim
665 1544 780 1625 ⁰Pffl'isr
807 1544 934 1625 ¹⁰¹¹gi¹¹⁵
958 1565 977 1606 ³
1000 1544 1136 1607 ‘emim
1159 1546 1204 1603 “d
1257 1565 1305 1622 De
1325 1564 1664 1625 beatitudineMarioe
1682 1586 1780 1643 quam
1798 1568 1991 1642 inpraesenti

451 1663 547 1723 quem
562 1660 650 1704 seua
664 1642 731 1704 fine
752 1641 858 1720 distat,
874 1660 912 1705 eo
927 1642 1038 1705 tortior
1052 1648 1203 1724 opporlu-
1491 1655 1559 1713 vita
1580 1655 1697 1713 sortita
1719 1663 1775 1716 est.

452 1759 494 1802 na
515 1739 616 1802 estin
637 1748 749 1821 agenta
768 1746 918 1822 potestas.
934 1740 1083 1821 Ideoque,
1104 1758 1202 1821 quum

452 1856 517 1900 non
541 1856 610 1900 esse
634 1838 675 1901 ab
698 1856 768 1900 esse
793 1836 921 1900 infinite
950 1836 1046 1899 distet
1069 1837 1201 1918 (quippe
1220 1838 1244 1899 B
1324 1840 1603 1902 osrtoecautam
1620 1842 1772 1900 interris
1793 1842 1883 1901 υἰευε
1902 1848 2080 1908 camerone

452 1953 588 2017 quorum
602 1935 691 1998 nulla
705 1945 753 1998 est
766 1935 986 2017 comparatio),
994 1953 1058 1999 non
1073 1934 1135 1996 nisi
1152 1936 1203 1997 ha·
1335 1958 1408 1997 cum
1429 1939 1615 1998 bominibus
1637 1949 1847 1999 conversatus
1865 1948 1919 1999 eat.
1933 1928 2022 2001 ttoni

453 2033 540 2096 beuti
563 2033 753 2096 immensam
777 2033 951 2116 potentiam
977 2033 1094 2097 creatio
1118 2052 1203 2097 com·
1258 2043 1305 2097 est
1334 2033 1421 2097 aliud
1445 2043 1597 2097 creaturas
1621 2033 1784 2098 beatitudo
1812 2056 1907 2117 quam
1932 2036 1990 2117 ejus

454 2131 543 2214 petit.
575 2132 607 2193 si
643 2132 748 2212 itaque
782 2131 1050 2211 quemadmodum
1079 2131 1135 2194 Dei
1168 2131 1202 2192 in
1259 2152 1331 2195 cum
1347 2132 1491 2195 Creatore
1512 2152 1569 2196 suo
1589 2132 1677 2199 unio.
1694 2133 1782 2196 Unde
1802 2134 1948 2197 elucescit
1966 2134 1990 2195 id

452 2228 548 2292 llaria
575 2229 730 2309 refulgeat
757 2228 899 2310 potentia
927 2230 1008 2292 scire
1038 2229 1200 2307 molimur,
1258 2230 1380 2292 beatius
1395 2230 1464 2293 fore
1479 2231 1674 2293 censendum
1690 2232 1774 2311 quod
1789 2232 1853 2295 lico
1868 2232 1990 2295 vicinius

453 2327 529 2410 quid
544 2328 574 2390 ei
590 2348 628 2390 ex
643 2348 676 2392 se
692 2337 723 2390 et
736 2346 793 2409 per
807 2336 964 2405 naturam,
982 2328 1104 2391 etitem
1124 2328 1201 2409 quid
1258 2336 1316 2391 est.
1334 2328 1409 2402 Quis
1435 2328 1542 2409 igitur,
1559 2346 1577 2391 o
1601 2329 1836 2411 supergloriosa
1861 2330 1990 2411 Virgae

453 2425 657 2506 pergratiam
672 2425 732 2506 ipsi
748 2425 928 2505 conveniat,
936 2426 1094 2507 speculari
1110 2444 1202 2508 opor·
1258 2434 1368 2489 sancta
1381 2426 1487 2504 Maria,
1503 2426 1732 2489 beatitudinem
1748 2434 1834 2489 tuam
1855 2446 1944 2508 quam
1963 2426 1989 2488 in

452 2531 507 2586 tet.
525 2524 707 2602 Enimvero,
721 2524 747 2585 si
763 2523 897 2605 gratiam
912 2525 952 2586 ab
967 2543 1004 2586 ea
1019 2524 1122 2602 tollas,
1137 2543 1201 2587 uon
1257 2524 1351 2587 terris
1366 2523 1468 2587 adbuc
1489 2524 1601 2587 vivens
1623 2523 1774 2601 habebas,
1791 2525 1887 2608 plane
1907 2526 1991 2587 medi·

451 2620 511 2683 crit
535 2621 568 2683 in
587 2639 650 2703 quo
670 2622 782 2684 ceteris
802 2621 842 2683 sit
860 2622 1079 2703 prestantior3
1097 2622 1123 2684 si
1148 2642 1202 2685 au·
1257 2622 1316 2685 tari
1341 2642 1397 2685 seu
1422 2621 1517 2703 digne
1541 2630 1637 2701 queat
1659 2621 1802 2703 profarit
1825 2622 1951 2705 Nempe,
1969 2621 1988 2684 si

452 2729 516 2783 tem
544 2719 677 2801 gratiam
709 2738 874 2801 agnoscas,
904 2719 1013 2782 mirari
1045 2738 1108 2783 non
1137 2720 1203 2782 suf·
1257 2720 1381 2784 Christo
1396 2727 1488 2797 toste,
1504 2719 1587 2782 beati
1604 2719 1690 2783 oculi
1704 2720 1760 2801 qui
1775 2740 1898 2802 eaquae
1910 2720 2078 2787 disci-rate

452 2818 526 2881 ficis
548 2842 555 2880 ε
578 2837 689 2881 cernes
713 2817 861 2899 equidem
885 2817 1091 2899 juvenculam
1116 2827 1202 2882 tene-
1258 2818 1325 2900 puli
1355 2818 1455 2899 ipsius
1486 2818 1645 2896 viderunt,
1675 2819 1811 2881 contuiti
1839 2828 1922 2899 sunt,
1945 2819 1989 2899 qui

454 2935 585 2997 remque
605 2916 761 2997 virginem
781 2915 946 2978 diabolicae
965 2915 1087 2979 fraudis
1108 2924 1202 2998 atque
1258 2935 1332 2978 eum
1345 2914 1487 2997 bospitio
1502 2924 1711 2997 susceperunt
1725 2924 1757 2979 et
1771 2916 1883 2980 audire
1903 2936 1991 2979 meru-

455 3014 605 3094 nequitiae
628 3012 835 3076 fortissimam
858 3013 1034 3093 victricem,
1057 3014 1238 3077 omniumC
1259 3021 1352 3077 erunt
1378 3036 1385 3073 :
1412 3020 1530 3093 quanto
1553 3012 1655 3094 magis
1680 3022 1714 3075 tu
1742 3012 1821 3076 felix
1848 3014 1989 3091 exstitisti,

456 3130 584 3194 quoque
607 3112 760 3174 virtutum
786 3111 831 3173 sic
856 3112 968 3173 ordine
992 3112 1151 3194 stipatam,
1168 3120 1202 3173 ut
1258 3111 1362 3188 llario,
1378 3130 1451 3173 eum
1466 3129 1527 3191 qua
1542 3109 1673 3191 triginta
1686 3111 1779 3173 aunis
1794 3120 1992 3175 commoratus

335 3235 442 3283 rama.
456 3210 524 3292 jam
547 3210 661 3272 cadant
679 3229 698 3271 a
716 3210 813 3272 latere
834 3208 904 3290 ejus
925 3210 1023 3289 mille,
1041 3217 1073 3271 et
1092 3211 1202 3273 decem
1259 3217 1327 3287 est3
1344 3229 1362 3272 a
1381 3227 1444 3289 qua
1463 3215 1539 3270 tune
1563 3207 1705 3289 quotidie
1729 3210 1819 3272 visus
1843 3218 1890 3273 est
1912 3218 1991 3291 atque

457 3307 559 3369 millia
582 3326 601 3369 a
624 3306 741 3369 dextris
765 3306 875 3388 ipsius.
896 3307 976 3388 lpsis
1001 3326 1138 3389 namque
1160 3316 1204 3370 te·
1260 3306 1406 3386 auditus;
1423 3326 1493 3387 quaa
1507 3306 1625 3388 ipsum,
1641 3307 1758 3369 nedum
1773 3308 1883 3371 videre
1901 3315 1930 3371 at
1947 3326 1992 3369 au-

311 3407 627 3485 eant.v1,a.nebrarum
652 3405 852 3487 principibus
881 3404 927 3467 sie
956 3414 1023 3467 erat
1051 3405 1203 3468 terribilis
1259 3405 1339 3483 dire,
1356 3405 1411 3467 sed
1426 3413 1458 3467 et
1472 3404 1639 3485 concipere
1654 3412 1684 3467 ct
1699 3424 1823 3488 parere,
1836 3406 1956 3478 lactare,
1966 3412 1991 3466 ct

457 3503 723 3585 quemadmodum
746 3511 921 3565 castrorum
941 3502 1027 3565 acies
1048 3503 1201 3583 ordinata,
1259 3503 1335 3565 item
1357 3509 1553 3566 contrectare
1578 3503 1722 3565 meruisti
1737 3527 1744 3581 3
1761 3521 1897 3586 quorum
1917 3504 1991 3565 insu

457 3602 556 3665 muris
570 3601 793 3681 fortalitiisque
808 3601 1115 3663 vallata.lntueberis
1130 3621 1205 3683 prae-
1260 3620 1317 3683 per
1331 3620 1441 3663 mensa
1455 3620 1529 3680 uua,
1546 3608 1743 3681 stratumque
1757 3602 1895 3665 ubertim
1909 3602 1938 3663 in
1953 3600 1992 3661 iu-

456 3709 554 3782 terea,
580 3720 618 3763 ex
641 3700 759 3763 ancilla
781 3699 972 3777 humillima,
995 3700 1051 3761 llei
1076 3700 1204 3762 llatrem
1261 3699 1360 3762 fantia
1376 3698 1477 3781 ipsius
1493 3701 1614 3761 unumf
1629 3698 1736 3780 Porro,
1752 3718 1816 3781 quo
1838 3701 1993 3763 vehemen-

457 3799 618 3878 effectam,
634 3807 666 3861 et
684 3797 717 3859 iu
737 3797 873 3879 propriis
897 3797 999 3859 oculis
1024 3798 1202 3877 minimam,
1261 3798 1323 3861 tior
1352 3798 1420 3878 tibi,
1450 3816 1469 3860 o
1498 3798 1636 3860 coelestis
1661 3798 1805 3878 Domina,
1833 3808 1899 3862 erat
1926 3798 1993 3860 ratio

458 3916 554 3979 super
587 3896 773 3978 augelorum
805 3895 919 3958 choros
948 3894 1113 3958 universos
1142 3897 1206 3958 ele·
1261 3916 1334 3959 eum
1362 3896 1500 3976 amandi,
1526 3914 1564 3959 eo
1588 3896 1635 3976 (ni
1663 3895 1770 3976 fallor)
1795 3897 1918 3961 dulcior
1942 3896 1995 3958 luit

457 4003 573 4057 vatam.
1260 4002 1354 4075 atque
1372 3994 1544 4076 jucundior
1562 3993 1614 4057 hic
1634 3993 1680 4057 tui
1701 4014 1774 4057 cum
1800 4014 1874 4078 rege
1897 3994 1994 4057 llassia

498 4094 577 4169 lam,
594 4091 795 4155 obominum
813 4092 938 4169 aemule,
954 4110 1087 4173 serpens
1102 4090 1205 4155 falsis·
1261 4093 1436 4156 convietus.
1450 4092 1564 4173 lugens
1579 4111 1708 4175 prorsus
1723 4092 1780 4156 tibi
1797 4093 1916 4157 exstitit
1928 4092 1994 4155 dile

457 4191 548 4268 sime,
566 4209 661 4253 cerne
680 4195 712 4251 et
730 4190 882 4253 erubesce
904 4196 946 4269 te,
963 4188 1019 4270 qui
1040 4189 1203 4252 Divinitati
1220 4192 1244 4255 D
1261 4191 1373 4255 etionis
1399 4190 1500 4273 ipsius
1530 4210 1635 4254 causa.
1660 4192 1731 4273 lpse
1759 4210 1897 4274 namque
1924 4192 1993 4252 licus

456 4289 573 4370 aequari
588 4287 815 4369 superbissime
829 4287 1204 4369 optabas,aVirguneula
1261 4297 1344 4369 tuus,
1370 4296 1492 4352 creator
1516 4308 1553 4352 ac
1576 4288 1750 4367 Dominus3
1771 4289 1908 4371 denique
1935 4288 1992 4370 ipsc

457 4388 517 4450 ista
532 4407 605 4450 curn
620 4386 708 4449 omni
724 4395 777 4449 tua
792 4386 908 4449 virtute
923 4386 1115 4467 cobortequc
1135 4387 1205 4449 uni·
1259 4388 1314 4470 qui
1330 4387 1406 4451 fecit
1426 4388 1483 4450 tibi
1503 4406 1628 4469 magna,
1647 4386 1788 4468 itemque
1810 4389 1993 4469 incompara-

456 4506 548 4549 versa
571 4486 808 4568 supplantatum
838 4492 931 4566 atque
957 4485 1140 4547 contritum.
1167 4486 1205 4547 Et
1260 4486 1357 4565 bilia;
1374 4485 1428 4548 sed
1450 4493 1481 4548 et
1500 4485 1569 4567 ipse
1593 4484 1680 4547 filius
1705 4492 1778 4547 tuus
1802 4494 1835 4548 et
1858 4485 1990 4548 salvam.

456 4605 554 4665 nuuc,
580 4586 661 4647 velis
686 4583 779 4661 nolis,
805 4583 875 4664 ejus
899 4583 1013 4646 ditioni
1039 4592 1074 4645 tu
1098 4592 1129 4645 ot
1157 4584 1202 4646 tui
1259 4583 1353 4646 Porro
1372 4583 1440 4664 ipse
1460 4582 1622 4665 speciosus
1647 4582 1749 4645 forma
1769 4602 1833 4665 praa
1856 4582 1930 4644 filiis
1947 4582 2087 4645 hones

457 4682 632 4748 subdimini
660 4682 801 4762 itemque
830 4680 969 4763 paretis3
996 4700 1060 4744 uon
1089 4681 1202 4744 valetis
1259 4681 1406 4744 minum:
1428 4681 1582 4744 candidus
1608 4681 1717 4762 utiquc
1741 4689 1773 4743 et
1796 4679 2087 4755 rubicundusnmat

456 4783 614 4859 resistere,
631 4782 686 4845 scd
701 4799 807 4861 neque
821 4780 937 4842 mutire
958 4779 1082 4842 audetis
1100 4802 1106 4841 :
1124 4780 1203 4843 eari—
1258 4780 1378 4843 electus
1394 4798 1432 4843 ex
1446 4778 1600 4857 millibus,
1617 4778 1703 4841 mitis
1724 4788 1820 4860 atqua
1841 4780 1953 4857 suasis,
1968 4784 2087 4842 etnam.

456 4890 503 4945 tas
524 4881 595 4962 ejus
616 4879 759 4942 incendit
774 4896 840 4957 vos,
857 4877 1010 4960 opprimit
1024 4877 1200 4958 humilitaS,
1258 4878 1389 4941 humilis
1411 4878 1517 4941 corde.
2004 4865 2029 4905 ’³'

455 4988 487 5044 et
508 4979 629 5061 puritas
650 4978 750 5060 fugat.
1298 4975 1321 5039 0
1346 4976 1470 5039 excelsa
1494 4984 1525 5038 et
1548 4994 1659 5039 revera
1687 4974 1869 5037 beatissima
1896 4974 1991 5048 llaria,

494 5076 759 5153 lleritoomniuo,
776 5075 916 5154 ollaria,
932 5074 1035 5137 inlici
1051 5075 1097 5136 tui
1117 5092 1203 5137 amo·
1257 5092 1328 5155 quae
1346 5074 1431 5137 huuc
1451 5075 1547 5136 talem
1567 5080 1753 5154 tantumque
1772 5072 1914 5154 quotidie
1933 5071 1993 5135 leli·

454 5196 488 5240 re
503 5174 672 5239 resolveris
687 5183 719 5236 at
737 5172 879 5255 liquefis,
896 5181 927 5236 et
945 5192 964 5235 a
984 5181 1014 5236 te
1033 5173 1102 5255 ipsa
1122 5172 1202 5235 defi·
1258 5172 1392 5234 cissimis
1412 5171 1512 5235 oculis
1534 5190 1641 5235 coram
1656 5179 1687 5235 te
1702 5172 1875 5253 procedere
1895 5186 1994 5234 cerne·

454 5274 555 5355 ciens,
571 5293 643 5338 eum
659 5271 852 5357 sempiterno
866 5272 978 5335 ardore
993 5270 1202 5335 ineffabiliter
1257 5270 1314 5335 bas
1329 5278 1335 5334 t
1352 5270 1375 5335 0
1390 5290 1485 5352 quam
1500 5270 1596 5353 dulci,
1613 5271 1754 5355 jucundo
1776 5278 1870 5354 atquc
1891 5268 1993 5334 arden-
