4309 6259
446 444 486 509 32
838 458 993 507 axrosrrro
1014 456 1114 505 uranu
1137 458 1144 503 :
1167 456 1258 503 vmrr
1278 457 1457 505 naoeueron
1477 459 1610 509 cannara

445 632 542 695 blatra
566 649 640 694 mox
664 638 756 693 natus
785 629 955 694 reclinatus
980 626 1084 705 fuisti,
1108 645 1195 689 nunc
1210 628 1236 688 Α
1251 645 1310 688 ιιθθ
1325 626 1514 707 ignorantia,
1531 650 1634 713 neque
1656 631 1842 712 adversitas,
1858 650 1918 695 nec
1934 630 1998 694 nlla

446 730 594 813 splendet
617 729 651 792 iu
674 730 768 793 corde
790 736 821 791 θῖ
843 726 908 790 fide
930 725 1139 804 credentium,
1161 724 1194 786 in
1250 725 1382 789 tentatio
1409 727 1533 791 auferat
1561 729 1640 793 illud
1668 749 1686 793 a
1714 731 1820 808 nobis,
1850 730 1911 794 hoc
1936 740 1995 807 θεῖ,

447 836 602 909 quantum
631 827 750 891 factum
779 835 826 891 est
854 826 1101 888 instrumentum
1135 822 1194 886 tibi
1250 822 1346 885 corda
1361 833 1468 887 nostra
1481 834 1602 889 avertat
1616 828 1656 891 ab
1671 828 1752 911 ipso.
1769 828 1849 891 ilinc
1869 836 1998 890 sanctus

447 925 631 988 deserviens
646 932 677 988 et
693 922 929 986 reclinatorium
951 930 1049 997 tuum,
1067 919 1151 982 sicut
1164 925 1196 981 et
1250 920 1296 982 ait
1309 921 1496 985 Laurentius
1513 947 1519 985 :
1536 923 1602 987 Nox
1624 945 1694 988 mea
1716 926 1863 989 tenebras
1882 927 1996 989 nescit.

446 1028 563 1101 vestes,
581 1042 700 1101 mensa,
715 1020 927 1098 coenaculum,
939 1018 1055 1100 quibus
1069 1038 1146 1079 usus
1158 1036 1195 1078 es
1249 1018 1323 1081 ldeo
1344 1020 1517 1083 subditur:
1538 1025 1683 1102 Fictaque
1697 1027 1779 1101 jugi
1799 1029 1918 1095 taceat,
1937 1024 1998 1087 boc

448 1126 479 1183 et
498 1138 568 1202 que
587 1128 640 1183 tuo
661 1126 735 1181 sunt
756 1116 971 1181 sacratissimo
993 1114 1120 1197 corpori
1140 1133 1196 1195 ap
1251 1125 1310 1194 est,
1326 1117 1495 1199 perfidem
1511 1128 1542 1182 et
1556 1119 1690 1201 gratiam
1706 1144 1722 1181 c
1740 1122 1844 1185 luceat
1859 1144 1876 1180 a
1892 1121 1995 1200 nobis,

448 1216 576 1300 plicata,
594 1218 705 1281 exhoe
722 1214 1009 1279 sanctificationem
1025 1213 1194 1293 quamdam
1251 1213 1334 1276 sicut
1363 1214 1407 1276 ait
1434 1216 1602 1298 Apostolus
1628 1218 1786 1281 Christum
1813 1238 1871 1302 per
1897 1218 1997 1282 fidem
2023 1241 2118 1297 eptem

450 1316 643 1381 contraxisse
665 1316 816 1378 dicuutur
836 1322 868 1377 et
888 1314 1086 1376 honorantur
1106 1334 1113 1373 ε
1131 1310 1196 1374 imo
1252 1312 1394 1375 hahitare
1410 1313 1442 1375 in
1462 1316 1610 1378 cordibus
1626 1315 1753 1380 nostris.
1771 1318 1900 1380 atvero
1915 1316 1997 1380 fides
2013 1308 2047 1347 ¹⁷·

448 1414 567 1498 tuipse
590 1413 703 1476 inillis
725 1411 831 1496 potius
851 1410 1017 1475 honoraris
1033 1417 1064 1471 et
1077 1409 1194 1489 fulges,
1252 1409 1285 1471 in
1300 1410 1424 1474 Christo
1438 1431 1501 1475 uon
1525 1412 1595 1491 fuit,
1612 1414 1688 1494 quia
1708 1415 1749 1478 ab
1768 1414 1997 1478 iucarnationis

449 1512 621 1595 inquibus
645 1520 676 1574 et
700 1528 849 1593 perque
875 1516 943 1571 tuns
967 1505 1136 1571 exercuisti
1165 1513 1196 1568 et
1251 1507 1383 1570 instanti
1404 1529 1499 1572 verns
1520 1511 1640 1574 exstitit
1661 1513 1920 1595 comprehensor.
1937 1514 1997 1577 Sed

448 1610 615 1675 ostendisti
637 1610 783 1673 virtutes.
1252 1604 1318 1669 fide
1332 1626 1426 1689 quam
1446 1618 1554 1671 cauam
1572 1609 1606 1671 in
1625 1610 1730 1689 nobis,
1746 1611 1923 1677 intellectui
1943 1631 1999 1674 no

486 1713 677 1789 humerique
697 1728 764 1768 noa
785 1709 891 1784 spirat
913 1726 1042 1767 noceam.
1060 1703 1197 1768 Consue
1251 1712 1317 1768 stro
1345 1705 1491 1787 infulget,
1521 1726 1619 1787 quum
1648 1715 1680 1771 et
1707 1708 1789 1773 fides
1817 1709 1859 1771 sit
1886 1710 1998 1773 oculus

447 1808 524 1871 tudo
545 1806 715 1889 Scriptnrae
737 1812 785 1868 est
806 1812 841 1866 ut
859 1812 985 1885 tempus
1005 1802 1132 1865 dicatur
1150 1797 1234 1864 fa-B
1253 1801 1379 1880 mentiS,
1409 1822 1471 1885 qua
1498 1805 1751 1887 contemplamur
1778 1806 1909 1884 diviua3
1939 1827 1997 1871 uec

448 1925 519 1969 cere
544 1924 614 1987 que
638 1903 723 1967 fiunt
746 1903 781 1965 iu
805 1912 958 1984 tempore.
981 1900 1068 1963 Unde
1093 1899 1197 1981 primo
1253 1899 1322 1962 siue
1337 1900 1403 1963 fide
1426 1902 1577 1983 possibile
1599 1912 1646 1966 est
1661 1905 1724 1968 Deo
1745 1904 1873 1987 placere
1890 1928 1897 1967 :
1913 1907 1997 1987 quod
2014 1924 2121 1968 neam

301 2003 697 2075 ruanmllachebaeorum
719 2000 894 2063 asseritur:
912 1998 1197 2061 VidensJouathas
1252 1998 1291 2061 de
1319 1998 1386 2061 fide
1414 2000 1560 2078 formata,
1585 2001 1646 2065 hoc
1674 2010 1723 2065 est
1750 2022 1808 2083 per
1834 2003 1997 2066 caritatem

302 2092 324 2133 ¹·
448 2102 523 2184 quia
537 2109 663 2182 tempus
678 2119 750 2163 eum
765 2099 865 2180 juvat.
873 2096 910 2159 Et
925 2097 1008 2179 apud
1019 2095 1196 2159 hetthaeum
1252 2105 1373 2175 oruata,
1390 2097 1555 2178 potissime
1577 2118 1687 2163 verum
1709 2108 1757 2163 est
1778 2100 1812 2163 in
1833 2101 1899 2164 vita
1920 2122 1999 2184 praa-

310 2219 434 2271 ssurae,
448 2201 493 2264 ait
508 2199 651 2263 Salvator
668 2222 675 2261 ι
692 2196 853 2261 Crastinus
875 2196 943 2259 dias
965 2194 1122 2259 sollicitus
1137 2195 1198 2256 erit
1253 2194 1346 2257 senti.

301 2286 335 2330 ⁸⁴·
450 2297 510 2361 sibi
534 2296 608 2380 ipsi.
624 2297 744 2377 ltaque,
761 2318 778 2355 «
794 2313 856 2358 nox
871 2316 888 2353 r>
905 2294 936 2355 iu
956 2312 1018 2375 qua
1037 2300 1130 2355 natus
1149 2301 1198 2355 est
1294 2295 1408 2355 Gloria
1437 2296 1509 2364 tibi,
1537 2297 1676 2357 Domine
1702 2297 1800 2378 (qnod
1828 2295 1862 2358 iu
1895 2296 1998 2379 primo
2065 2312 2081 2367 s

449 2395 561 2459 mundi
580 2396 782 2476 Redemptor,
800 2416 817 2453 a
837 2391 937 2475 spirat
957 2414 986 2471 a,
1003 2391 1035 2454 id
1054 2398 1114 2471 est,
1134 2390 1198 2473 spi·
1251 2392 1370 2473 hymno
1390 2392 1568 2473 expositum
1591 2396 1664 2473 est),
1688 2397 1748 2475 qai
1775 2404 1874 2457 natas
1899 2417 1932 2457 ea
1959 2400 1999 2456 de
2020 2420 2123 2474 grana.

451 2495 532 2557 ravit
551 2502 582 2557 et
601 2491 730 2571 effudit,
747 2515 763 2551 «
780 2492 1022 2554 lumennovum
1039 2512 1069 2569 a,
1086 2489 1199 2552 videli-
1255 2491 1400 2566 Virgine,
1421 2510 1496 2550 cam
1519 2494 1623 2554 Patre
1646 2502 1676 2553 et
1700 2496 1820 2555 Sancte
1849 2496 1998 2570 Spiritu,

449 2602 500 2657 cet
519 2593 625 2675 ipsum
649 2590 821 2669 Christum,
841 2607 936 2671 quem
961 2588 994 2651 iu
1014 2587 1084 2671 ipsa
1105 2596 1197 2651 nocte
1253 2587 1285 2649 id
1307 2595 1366 2665 est,
1382 2585 1440 2650 tibi
1463 2607 1500 2651 ac
1521 2589 1604 2651 Patri
1627 2598 1721 2672 atque
1734 2590 1868 2673 Spiritui
1883 2591 1999 2655 Sancto

449 2691 575 2775 peperit
585 2688 762 2772 Virg03qui
777 2687 923 2771 quamvis
934 2686 976 2749 sit
987 2687 1095 2749 lumen
1108 2693 1198 2749 ater-
1253 2684 1295 2747 sit
1321 2684 1433 2767 gloria.
1460 2685 1581 2769 Nempe
1608 2688 1663 2769 qui
1692 2708 1788 2751 uuam
1817 2689 1851 2751 iu
1879 2689 1998 2753 divinis

449 2808 527 2851 num
543 2788 717 2851 secuudum
733 2786 817 2869 quod
833 2786 925 2865 fleus,
942 2793 1047 2847 tamen
1067 2792 1143 2847 tuuc
1158 2784 1198 2847 de
1252 2785 1387 2847 honorat
1405 2782 1585 2865 Personam,
1606 2786 1740 2850 honorat
1762 2795 1795 2849 et
1814 2787 1905 2852 alias.
1926 2788 1999 2852 Pro-

450 2905 533 2951 novo
552 2894 601 2948 θεῖ
621 2893 714 2948 uatus
733 2904 770 2947 ex
785 2882 927 2965 Virgine,
943 2890 975 2945 et
989 2882 1086 2964 coepit
1107 2882 1198 2946 inno
1252 2890 1323 2964 pter
1343 2881 1428 2969 quod
1442 2881 1540 2944 Filius
1555 2883 1599 2945 ait
1615 2907 1623 2945 ι
1639 2884 1697 2959 Qui
1719 2903 1784 2948 non
1805 2886 1999 2950 honorificat
2026 2914 2123 2957 aaa...

451 2995 574 3049 tescere
589 2992 620 3047 θῖ
634 2983 792 3065 refulgere
812 2981 1008 3059 hominibus,
1024 2982 1151 3062 quaudo
1166 2989 1198 3044 et
1217 2985 1238 3048 C
1252 2979 1380 3057 Filium,
1397 2998 1461 3042 non
1482 2979 1675 3045 honorificat
1688 2982 1812 3047 Patrem
1833 2984 1888 3065 qui
1910 2984 1998 3047 misit
2010 2977 2048 3022 ²³·

306 3104 434 3155 tarrac,
451 3084 584 3166 angelus
599 3082 679 3145 dixit
692 3079 873 3163 pastoribus
885 3103 892 3143 :
902 3078 1091 3161 Evangelizo
1105 3078 1196 3143 vobis
1252 3078 1355 3141 illum.

301 3170 335 3211 ¹¹·
450 3180 603 3264 gaudium
627 3197 789 3261 magnum,
816 3177 890 3259 quia
914 3185 1006 3239 natus
1035 3185 1083 3239 est
1105 3176 1197 3241 vobis

451 3280 605 3357 Salvator,
614 3276 668 3359 qui
685 3284 733 3339 est
747 3276 888 3339 Christus
903 3274 1198 3339 Dominusldcirco
1292 3275 1400 3356 ltaque
1435 3274 1588 3356 hymnum
1624 3276 1718 3340 istum
1755 3280 1996 3359 sententiosum,

450 3386 526 3440 tunc
542 3382 649 3439 cantat
662 3373 804 3437 Ecclesia
821 3396 827 3434 :
845 3372 938 3450 Deus,
954 3373 1008 3453 qui
1029 3373 1112 3434 hauc
1127 3392 1199 3435 san-
1253 3373 1447 3455 profundum
1466 3392 1504 3436 ac
1519 3373 1687 3455 pulchrum
1706 3376 1911 3442 devotissime
1926 3398 2001 3443 cou-

449 3473 624 3538 ctissimam
641 3479 767 3536 noctem
783 3490 865 3534 verae
879 3470 961 3533 lucis
976 3469 1081 3533 fecisti
1093 3470 1199 3552 splen·
1255 3471 1410 3549 cinamus,
1436 3479 1543 3534 mente
1565 3473 1605 3534 ad
1629 3474 1799 3536 [lominum
1824 3476 1946 3540 elevata
1969 3486 2001 3541 et

451 3574 527 3637 dore
549 3572 735 3635 clarescere.
1254 3577 1455 3651 compuncta,
1482 3588 1555 3631 cum
1584 3570 1706 3652 ingenti
1734 3571 1871 3653 fervore,
1898 3594 2002 3639 recor·

490 3674 582 3741 Quod
599 3674 693 3730 natta
712 3689 778 3729 noa
794 3670 978 3745 interpolet,
994 3666 1054 3730 hoc
1075 3674 1135 3745 θεῖ,
1151 3666 1200 3728 in·
1254 3667 1359 3730 dando
1373 3674 1501 3744 attente,
1518 3669 1602 3748 quod
1624 3668 1834 3733 ineffabiliter
1852 3672 2002 3756 Unigeni-

450 3774 626 3850 terrumpat
649 3774 704 3829 aut
724 3765 857 3844 dividat,
879 3764 961 3828 sicut
984 3765 1037 3827 lux
1061 3765 1127 3827 diei
1152 3764 1199 3826 in·
1254 3772 1306 3826 tus
1320 3764 1373 3827 Dei
1390 3784 1459 3828 sese
1474 3773 1603 3847 propter
1621 3785 1680 3830 nos
1693 3767 1887 3850 humiliavit,
1903 3791 2001 3852 quan-

451 3864 660 3947 terrumpitur
674 3870 776 3927 nocte.
790 3862 915 3925 Certum
931 3870 979 3924 θεῖ
993 3870 1099 3924 autem
1114 3862 1198 3944 quod
1255 3871 1319 3926 nm
1343 3864 1382 3925 ed
1407 3881 1464 3927 nos
1492 3863 1697 3928 dilectionem
1720 3866 1861 3930 ostendit
1884 3868 1918 3930 in
1944 3889 2000 3932 sua

450 3962 593 4027 Christus
613 3961 647 4023 iu
667 3980 700 4023 se
723 3960 793 4041 ipso
814 3960 855 4027 sit
875 3959 1137 4023 incommutabile
1151 3960 1200 4022 lu·
1255 3958 1484 4037 incarnatione,
1501 3968 1533 4024 et
1546 3961 1682 4041 qualiter
1700 3963 1797 4026 totius
1810 3964 2000 4029 humilitatis

451 4079 537 4141 men,
554 4059 729 4122 secundum
749 4058 833 4139 quod
853 4058 955 4135 lleus3
971 4066 1065 4139 atque
1087 4064 1123 4119 ut
1143 4057 1199 4121 ho-
1254 4066 1286 4120 et
1319 4058 1513 4140 paupertatis
1542 4060 1677 4141 praebuit
1705 4060 1797 4124 nobis
1832 4065 1998 4147 exempla3

451 4176 516 4235 mo,
543 4156 606 4219 fuit
627 4156 661 4219 in
685 4155 772 4219 omni
797 4154 868 4218 lnce
891 4155 999 4236 gratiae
1027 4174 1064 4217 ao
1089 4154 1199 4236 gloriae
1214 4156 1239 4218 l)
1254 4163 1349 4237 atque
1371 4175 1428 4238 pro
1449 4156 1597 4220 omnibus
1623 4157 1673 4220 his
1694 4159 1724 4221 ei
1750 4159 1824 4223 totis
1852 4163 2002 4244 regratia-

452 4254 671 4320 confirmatus.
687 4254 761 4317 ldeo
780 4273 844 4318 non
864 4271 991 4316 oramus
1011 4272 1051 4316 ne
1070 4254 1131 4317 hoc
1153 4253 1200 4314 lu·
1254 4273 1327 4316 mur
1350 4254 1545 4336 precordiis,
1566 4254 1702 4337 totisque
1724 4256 1845 4321 viribus
1869 4278 1943 4322 eum
1967 4261 2001 4324 in

450 4372 525 4417 men
552 4353 585 4415 iu
611 4372 645 4416 se
672 4352 742 4435 ipso
768 4352 992 4417 obtenebretur
1020 4358 1074 4414 aut
1102 4351 1199 4413 inter-
1255 4351 1414 4434 praetactis
1436 4361 1593 4415 sectemur
1613 4353 1794 4418 virtutibus.
1810 4356 1845 4418 lu
1861 4358 2001 4440 praefatis

452 4452 645 4535 palationem
675 4450 826 4529 incurrat,
851 4449 936 4531 quod
964 4449 1199 4512 incessabiliter
1255 4468 1381 4532 quoque
1396 4449 1595 4514 mirabilibus
1617 4450 1835 4517 incarnatione
1849 4457 1998 4538 peractis,

450 4568 539 4632 eque
554 4558 602 4613 est
621 4548 835 4632 splendidum,
852 4548 907 4611 sed
928 4566 968 4610 ne
987 4553 1091 4610 cesset
1110 4566 1199 4609 meu·
1255 4548 1325 4628 ejus
1350 4548 1625 4631 omnipotentiam,
1649 4551 1851 4633 sapientiam,
1877 4554 2002 4618 miseri-

449 4648 535 4713 tibus
559 4648 676 4711 nostris
695 4646 829 4729 fulgere,
850 4665 908 4709 nec
934 4646 1036 4728 caligo
1060 4644 1195 4729 peccati,
1256 4646 1397 4712 cordiam
1413 4647 1676 4729 contemplemur.
