4309 6259
658 502 816 552 aurosum
836 506 945 551 uisse.
967 524 1008 535 -
1028 506 1098 553 aar.
1122 506 1231 553 xxxvii
1660 486 1719 553 att

172 676 302 738 Sanctis
314 675 395 745 tuis,
410 682 469 737 etc.
486 674 615 739 Ponitur
632 682 737 739 antem
757 674 811 739 hic
825 675 956 739 loen-h
972 679 1039 747 rio,
1064 677 1096 739 id
1125 686 1173 740 est
1201 677 1286 741 clara
1311 696 1383 741 cum
1413 678 1505 740 laude
1533 676 1645 741 notitia
1670 676 1722 739 vel

173 793 241 851 nes,
256 792 313 854 per
332 791 429 854 quem
450 772 583 855 intelligi
605 780 720 855 potest,
741 775 915 837 secundum
972 775 1091 854 latitia,
1117 787 1163 837 est
1194 779 1256 837 tihi
1277 781 1342 839 Deo
1369 779 1471 840 Patri
1496 778 1722 853 omnipotenti,

173 871 306 952 aliquos,
328 870 464 935 loannes
494 870 644 952 Baptista,
675 872 729 953 qui
759 879 832 934 ente
863 890 917 953 po
972 875 1010 933 im
1031 877 1158 935 unitate
1183 877 1334 951 Spiritus
1356 877 1484 945 Sancti,
1504 874 1604 937 idest
1627 873 1722 937 simul

174 969 249 1031 situs
277 986 342 1033 non
370 976 429 1048 est,
458 977 552 1050 atque
580 970 738 1051 Apostolis
767 989 824 1051 per
855 978 914 1048 est,
973 990 1047 1035 cum
1071 972 1191 1054 Spiritu
1220 972 1334 1037 Sancto
1358 972 1415 1035 tibi
1446 971 1719 1041 consubstantiali,

172 1067 222 1131 rel
236 1067 591 1149 loannesevangelista,
608 1068 663 1149 qui
678 1068 731 1131 hic
751 1069 914 1149 repetitur,
968 1088 1032 1146 per
1055 1072 1176 1146 ipsum,
1202 1070 1234 1133 id
1263 1078 1312 1133 est
1338 1090 1395 1151 per
1422 1069 1579 1133 Christum
1608 1068 1721 1131 filium

172 1166 245 1247 qnia
264 1173 398 1228 estnon
420 1165 523 1228 solum
544 1166 718 1248 apostolus,
741 1168 797 1228 sed
821 1166 917 1228 etiam
972 1176 1062 1231 tuum
1095 1192 1101 1229 :
1133 1168 1201 1250 ipse
1231 1168 1317 1230 enim
1353 1166 1569 1231 manifestavit
1603 1185 1720 1229 nomen
1733 1183 1867 1237 timaus.

171 1263 365 1345 evangeliste
390 1282 426 1326 ac
452 1264 550 1345 virgo.
576 1265 716 1346 lienique
740 1263 918 1344 Stephanus
973 1274 1061 1327 tuum
1094 1266 1287 1345 bominibus,
1319 1275 1350 1328 et
1385 1265 1487 1347 legem
1516 1264 1721 1347 perfectionis
1735 1250 1755 1291 ⁰·

172 1362 365 1444 praeponitur
382 1361 516 1425 Matthiae
534 1371 566 1425 et
583 1362 735 1425 Bernaba
753 1362 917 1444 apostolis,
973 1364 1070 1427 verbo
1089 1384 1126 1426 ac
1146 1382 1241 1444 opere
1262 1364 1381 1441 doeuit,
1398 1382 1493 1445 quam
1514 1364 1663 1426 sectando
1684 1362 1722 1425 fi·
1735 1382 1833 1435 tens.

172 1461 221 1523 rel
245 1460 320 1542 qnia
343 1460 433 1541 virgo
458 1459 530 1539 fuit,
552 1461 728 1523 secundum
750 1462 917 1542 quosdam,
972 1462 1059 1525 deles
1075 1470 1105 1525 te
1120 1462 1219 1525 Qum
1234 1463 1409 1541 honorant;
1425 1473 1455 1523 et
1465 1483 1539 1523 cum
1555 1464 1635 1538 ipso,
1646 1462 1722 1543 quia

171 1559 220 1621 rel
235 1557 311 1640 quia
326 1558 525 1639 primicerius
539 1562 830 1641 martyrumlotro
845 1580 920 1639 quo·
973 1560 1071 1622 filius
1099 1581 1118 1622 a
1146 1560 1234 1623 Patre
1263 1560 1401 1642 separari
1436 1578 1500 1624 uon
1530 1559 1635 1639 debet,
1666 1560 1721 1623 sed

172 1678 258 1727 rum,
294 1656 417 1719 scilicet
456 1656 678 1739 pmdictorum
718 1658 918 1736 Sanctorum,
974 1658 1068 1721 simul
1104 1677 1176 1721 cum
1212 1675 1250 1721 eo
1285 1659 1441 1721 venerari.
1473 1658 1603 1739 Propter
1636 1657 1721 1738 quod

170 1758 381 1825 consortium,
397 1775 594 1835 quaesumus,
608 1758 829 1826 aemilianos,
844 1756 921 1818 dan·
973 1755 1108 1837 ipsemet
1133 1755 1228 1819 filius
1256 1756 1301 1818 ait
1327 1778 1334 1818 :
1360 1756 1417 1831 Qui
1441 1774 1505 1819 non
1529 1755 1723 1819 honorificat
1735 1775 1876 1827 tamisae.

170 1856 210 1918 do
227 1853 362 1935 gratiam
383 1853 416 1915 in
441 1854 589 1935 prasenti
613 1862 645 1917 et
659 1853 792 1935 gloriam
816 1854 849 1915 in
872 1854 920 1917 fu·
934 1852 958 1915 B
974 1854 1100 1931 filium,
1117 1873 1180 1919 non
1203 1854 1396 1918 honorificat
1415 1855 1538 1917 Patrem
1558 1854 1612 1935 qui
1635 1854 1724 1916 misit

169 1961 250 2031 turo,
275 1970 343 2013 non
367 1955 547 2013 centimeter
571 1954 695 2023 meriti,
720 1952 752 2015 id
780 1960 828 2015 est
855 1971 920 2015 non
975 1952 1076 2015 illum.
1093 1953 1200 2017 Honor
1214 1952 1299 2015 enim
1315 1952 1371 2015 uni
1386 1952 1530 2016 Personae
1545 1952 1721 2033 impensus,

171 2050 318 2114 faciendo
340 2049 433 2114 nohis
454 2051 630 2113 secundum
652 2059 783 2132 peccata
802 2052 853 2113 vel
872 2070 920 2113 se-
974 2052 1031 2115 toti
1060 2050 1205 2114 Trinitati
1230 2052 1398 2115 adorande
1426 2050 1538 2113 saltem
1568 2050 1723 2131 implicite

171 2149 311 2211 cundum
347 2147 621 2230 imperfectionem
657 2150 813 2213 bonorum
849 2166 920 2230 qua
974 2150 1150 2213 exhibetur.
1167 2153 1211 2213 Et
1227 2152 1264 2210 in
1279 2152 1360 2227 ipso,
1375 2149 1406 2213 id
1422 2158 1481 2227 est,
1498 2148 1602 2213 omnis
1624 2149 1725 2211 honor

170 2246 305 2328 egimus,
332 2248 389 2307 sed
416 2248 520 2308 venire
548 2249 698 2324 largitor.
725 2247 808 2310 Deus
835 2246 921 2309 enirn
974 2256 1006 2310 et
1039 2248 1141 2329 gloria
1174 2256 1222 2310 est
1256 2247 1313 2311 tibi
1344 2247 1437 2327 Patri,
1467 2254 1562 2328 atque
1596 2245 1725 2328 Spiritui

172 2352 354 2407 remunerat
367 2345 451 2407 bona
465 2345 549 2408 ultra
563 2344 770 2426 condignum,
787 2354 820 2407 et
838 2346 922 2408 mela
975 2347 1090 2410 Sancto
1113 2366 1168 2411 seu
1192 2348 1224 2408 ln
1247 2346 1366 2409 unitate
1389 2345 1525 2428 Spiritus
1549 2344 1667 2421 Sancti,
1692 2344 1725 2405 in

172 2442 261 2523 punit
289 2442 371 2504 citra
397 2442 603 2524 condignum,
629 2450 787 2524 quatenus
814 2443 921 2505 verifr-
974 2444 1056 2507 Filio
1074 2452 1140 2525 tuo,
1157 2444 1230 2526 quia
1249 2444 1354 2507 omnis
1374 2444 1428 2524 qui
1448 2442 1562 2505 filium
1577 2442 1632 2505 Dei
1652 2461 1726 2505 vere

45 2559 158 2611 eremo.
172 2549 259 2603 cetur
277 2540 365 2622 quod
382 2540 504 2602 dictum
524 2548 573 2603 est
589 2564 596 2601 :
613 2540 830 2604 ldiserationes
850 2542 921 2623 ejus
975 2543 1195 2624 cognoscit,ex
1210 2543 1281 2623 ejus
1297 2542 1478 2623 cognitione
1489 2542 1588 2604 lleum
1603 2540 1724 2603 Patrem

172 2658 265 2720 super
293 2638 404 2702 omnia
430 2656 526 2720 opera
553 2638 636 2719 ejus.
661 2642 731 2701 Per
754 2642 922 2701 Christum
975 2640 1134 2721 glorificat
1162 2648 1256 2723 atquo
1286 2641 1431 2716 honorat,
1456 2639 1724 2721 quomadmodum

81 2792 84 2797 .
171 2740 350 2799 Dominm
365 2744 541 2825 nostrum
975 2739 1192 2819 scriptumest
1210 2737 1339 2802 :Gloria
1359 2736 1457 2819 petris
1477 2735 1563 2799 filius
1584 2735 1723 2817 sapiens.
1739 2760 1836 2811 arom.
1850 2762 1870 2804 r.

209 2839 278 2899 Per
303 2855 399 2915 quem
423 2836 491 2896 brec
513 2837 638 2906 omnio,
661 2836 784 2899 scilicet
806 2854 921 2917 panem
975 2837 1108 2911 Quidem
1123 2855 1198 2901 vcro
1214 2836 1388 2899 referunt«
1406 2854 1463 2917 per
1477 2835 1583 2917 ipsum
1605 2841 1724 2897 etcum

47 2950 158 3002 tutati.
172 2944 202 2996 et
225 2934 338 2997 vinum
362 2941 395 2996 et
417 2951 544 3015 aquam,
569 2954 670 2996 creos.
696 2934 810 2997 Omnia
836 2934 921 2997 enim
977 2934 1046 3016 ipso
1070 2934 1158 2997 etin
1182 2936 1252 3017 ipso
1274 2956 1291 2993 i>
1315 2935 1355 2998 ad
1380 2935 1477 2998 verba
1501 2932 1723 3015 precedentis,

170 3051 227 3113 per
244 3031 361 3093 Filium
383 3030 511 3093 condita
529 3038 613 3093 sunt.
632 3032 687 3094 Vel
707 3054 723 3091 u
739 3050 828 3094 creas
844 3054 873 3111 a,
889 3033 922 3094 id
940 3032 962 3095 C
977 3034 1112 3111 scilicet,
1134 3054 1150 3092 u
1171 3032 1336 3095 benedicis
1362 3040 1393 3095 et
1416 3040 1546 3115 prestes
1572 3030 1663 3095 nobis
1684 3052 1723 3109 »3

172 3138 218 3192 est
240 3130 370 3208 creasti,
390 3130 495 3193 dando
518 3148 588 3191 esse
613 3130 785 3192 naturale:
807 3138 839 3191 et
861 3131 922 3193 hoc
977 3131 1031 3191 sed
1054 3130 1114 3192 hoc
1135 3129 1241 3191 minus
1266 3128 1393 3211 proprie
1413 3128 1460 3192 fit.

170 3230 263 3292 modo
292 3229 378 3291 Deus
405 3227 502 3291 etiam
531 3246 646 3310 corpus
674 3236 706 3291 et
734 3229 922 3310 sanguinem
1016 3228 1177 3305 Praeteree,
1204 3228 1342 3291 rationes
1368 3227 1500 3290 diversa
1525 3225 1726 3307 assignantur

170 3327 284 3389 Christi
315 3326 446 3389 creavit.
468 3328 709 3407 Sancti†ficos,
729 3329 921 3408 vivi†fices,
976 3345 1034 3389 cur
1047 3344 1102 3388 sex
1117 3346 1228 3389 cruces
1251 3326 1302 3388 hic
1323 3326 1413 3389 flant.
1431 3325 1526 3387 Fiunt
1540 3332 1645 3386 autem
1660 3332 1724 3387 tres

172 3426 378 3505 dometicis.
399 3423 471 3487 Hac
494 3424 592 3485 verba
615 3423 784 3506 dupliciter
808 3426 921 3506 exponi
976 3443 1087 3486 cruces
1101 3425 1177 3487 dum
1193 3424 1346 3502 dicitur‚«
1359 3421 1721 3501 sanctificaS,vivificas,

171 3532 314 3605 possunt.
336 3521 453 3599 Primo,
475 3520 642 3584 referendo
661 3544 678 3581 ι(
695 3521 761 3585 baec
780 3524 920 3585 omnia»
976 3521 1139 3585 benedicis
1152 3522 1226 3600 med
1242 3521 1472 3603 designandum
1487 3522 1572 3602 quod
1583 3519 1722 3583 Christus

170 3624 209 3684 ad
227 3622 469 3685 Sacramentum
489 3618 610 3698 altaris,
632 3619 664 3679 in
684 3620 769 3701 quod
789 3638 922 3683 convcr—
976 3622 1053 3684 bora
1081 3620 1172 3683 tertie
1200 3620 1374 3683 crucifixus
1403 3628 1450 3681 est
1479 3618 1596 3699 linguis
1620 3636 1722 3680 sacer-

172 3727 280 3782 tuntur
294 3716 389 3799 panis
403 3726 436 3779 et
450 3716 571 3780 vinum.
588 3717 741 3791 Quoniam
758 3737 833 3799 ergo
853 3737 922 3781 cor·
975 3719 1096 3796 dotum,
1113 3717 1340 3781 Pharisaeorum
1356 3735 1482 3800 quoque
1497 3736 1533 3779 ac
1549 3715 1668 3797 populi.
1685 3717 1723 3779 Et

169 3837 228 3899 pus
250 3815 369 3880 Christi
393 3823 443 3879 est
470 3824 616 3878 sanctum
643 3824 677 3878 et
704 3816 918 3897 benedictum,
974 3818 1049 3899 quia
1064 3825 1136 3898 post
1154 3817 1249 3880 trium
1269 3816 1418 3881 horarum
1438 3815 1539 3897 spatie
1559 3814 1722 3878 crucifixio

169 3915 287 3978 idcirco
302 3933 361 3996 per
374 3913 435 3977 hoc
454 3914 538 3994 quod
552 3914 635 3976 Deus
654 3914 744 3976 Peter
763 3916 920 3977 convertit
974 3916 1033 3977 ists
1048 3916 1087 3977 ad
1103 3914 1255 3978 effectum
1275 3915 1426 3996 perducta
1440 3922 1498 3990 est,
1516 3920 1626 3994 utpute
1644 3913 1722 3976 hora

169 4013 234 4075 hac
255 4011 366 4075 omnia
386 4011 419 4072 in
440 4029 556 4092 corpus
574 4020 607 4073 et
625 4011 812 4093 sanguinem
832 4012 920 4075 Chri·
974 4022 1071 4090 sexta,
1108 4021 1275 4097 propterea
1303 4012 1387 4075 fiunt
1414 4020 1476 4073 tres
1505 4030 1616 4074 cruces
1645 4012 1720 4073 dum

169 4111 219 4191 sti,
244 4110 364 4174 dicitnr
386 4128 424 4172 ea
453 4109 665 4187 sanctificare,
693 4110 858 4175 vivificare
886 4119 919 4175 et
974 4113 1101 4191 dicitur,
1130 4136 1146 4173 o
1172 4112 1359 4194 peripsum
1387 4119 1515 4173 etcum
1540 4110 1610 4191 ipso
1635 4110 1720 4173 etin

169 4209 371 4273 benedicere.
397 4208 554 4289 Secundo,
580 4208 690 4271 referri
720 4218 853 4291 possunt
877 4211 916 4272 ad
934 4208 959 4271 D
974 4210 1043 4293 ipso
1059 4234 1088 4273 ».

169 4306 307 4385 diversa,
323 4316 359 4370 ut
377 4306 420 4369 sit
438 4326 551 4369 sensus
568 4330 575 4368 :
592 4329 609 4366 a
624 4307 696 4371 Hac
716 4308 824 4370 omnia
845 4328 918 4369 san-

169 4404 293 4468 ctificas
319 4427 337 4464 a
397 4404 449 4467 uia
473 4406 506 4466 in
534 4422 589 4468 cor
612 4424 649 4467 us
673 4413 704 4468 et
730 4424 785 4468 san
809 4406 916 4469 niuem

169 4502 282 4565 Christi
305 4423 536 4582 ea'chnvertis,
554 4524 571 4561 u
587 4424 735 4565 iiivificas
757 4424 834 4584 »fid
855 4514 914 4584 est,
1124 4464 1367 4527 ARTICULUS
1390 4463 1564 4526 XXXVII·

169 4601 369 4683 spiritualem
384 4602 482 4663 vitam
498 4601 532 4662 in
547 4600 640 4663 nobis
655 4620 712 4682 per
725 4622 763 4664 ea
776 4602 916 4684 operaris
999 4618 1047 4675 De
1063 4616 1216 4675 oratione
1234 4612 1398 4671 dominica
1417 4620 1447 4670 et
1459 4613 1593 4687 prologo
1606 4610 1686 4687 ejus.

168 4708 200 4761 et
226 4700 368 4779 confers,
398 4722 415 4759 a
443 4699 606 4762 benedicis
634 4722 664 4778 »,
690 4699 722 4762 id
749 4708 808 4779 est,
834 4702 917 4763 dona

168 4799 276 4861 divina
301 4798 429 4880 copiose
453 4798 486 4859 in
511 4797 604 4860 nobis
629 4817 687 4880 per
707 4818 744 4861 ea
768 4799 918 4881 multipli·
1033 4802 1169 4863 Clitus
1183 4801 1263 4879 quio
1277 4800 1441 4878 quidquid
1451 4800 1719 4875 petierimesPo-
1733 4813 1864 4865 tremas,

169 4916 232 4959 cas
249 4900 295 4959 Et
311 4906 453 4973 proestas
471 4898 575 4966 meis,
594 4904 629 4958 ul
647 4898 919 4960 sacramentaliter
1046 4908 1129 4958 trem
1159 4900 1195 4957 in
1224 4898 1354 4957 momine
1382 4896 1461 4975 Filii,
1491 4898 1583 4957 dabit
1613 4894 1715 4959 uobis.
1732 4878 1864 4993 {{,{‘,⁰,‘f'¹'¹'

169 5003 200 5057 et
220 4994 429 5077 spiritualiter
449 5014 487 5056 ea
507 5013 681 5057 sumamus.
971 4996 1150 5059 Orationem
1179 4994 1371 5058 dominicam
1396 4994 1530 5056 instituit
1552 4992 1718 5075 Gregorius

206 5097 276 5157 Per
290 5094 431 5173 rp†som
448 5102 479 5152 et
493 5113 566 5153 cum
581 5093 683 5172 ip†so
697 5101 728 5153 et
748 5096 785 5153 in
804 5096 917 5175 ip†s0,
972 5094 1077 5157 statim
1102 5101 1173 5175 post
1197 5111 1351 5155 canonem
1375 5092 1436 5154 dici
1456 5092 1519 5154 alte
1538 5111 1627 5171 voce,
1649 5109 1720 5173 pro-

169 5200 228 5254 etc.
241 5192 362 5253 Sensus
376 5192 565 5253 estzomnis
579 5192 693 5260 bonor,
706 5190 737 5253 id
753 5199 801 5253 est
814 5193 918 5256 omnis
974 5200 1045 5274 pter
1072 5190 1264 5269 efficaciam,
1294 5198 1326 5252 et
1354 5189 1561 5252 reverentiam
1590 5189 1637 5251 sui
1666 5208 1720 5251 au-

169 5288 406 5354 reraordinata
423 5286 576 5352 exhibitio
595 5289 791 5369 reverentie,
808 5300 838 5351 et
851 5294 918 5369 plo
975 5291 1082 5371 ctoris,
1109 5288 1232 5353 scilicet
1259 5287 1385 5368 Christi,
1411 5288 1466 5369 qui
1495 5306 1565 5352 eam
1593 5286 1721 5371 proprio
