4309 6259
457 469 517 534 ott
741 490 782 537 na
801 488 959 537 rancoruo
981 489 1018 537 aa
1039 487 1203 537 niernum
1223 489 1340 548 aaran,
1363 488 1450 537 aram
1471 490 1511 536 rr.
1535 508 1575 521 -
1595 490 1663 537 aar.
1687 491 1720 537 xr

458 656 741 742 incircumscriptae
761 658 913 723 bonitatis
927 667 960 722 et
974 659 1206 723 munificentias
1221 660 1247 722 Α
1261 659 1421 723 accendis.
1437 659 1476 722 llt
1488 659 1565 740 quid
1581 659 1718 741 amplius
1733 659 1863 741 loquarl
1877 659 1992 722 Summa

458 756 696 822 indefectibilis,
713 759 752 821 m
765 776 842 821 vero
857 758 889 820 id
905 758 1046 822 seeundo
1067 757 1204 835 intueor,
1261 765 1320 837 est,
1336 776 1355 821 o
1370 757 1514 838 Domina,
1530 766 1603 840 pest
1616 758 1728 819 lilium
1750 767 1839 820 tuum
1858 757 1990 833 felicitas,

458 873 554 935 quam
568 854 666 917 fuerit
679 855 743 918 Deo
758 873 832 919 caro
847 855 903 917 illa
918 855 1063 937 virginea
1085 856 1118 917 in
1140 855 1206 918 vite
1262 854 1320 917 tibi
1336 855 1508 933 adherere,
1525 854 1581 917 tibi
1598 854 1695 935 uniri,
1712 856 1744 917 in
1759 862 1790 919 tc
1810 873 1990 935 permanere,

457 952 517 1016 bac
533 953 698 1017 familiaris
712 962 744 1017 et
759 973 832 1017 eam
846 953 987 1034 itemque
1001 952 1203 1034 obsequiosa.
1261 960 1294 1015 et
1310 953 1366 1015 Dei
1386 952 1559 1017 bonitatem
1580 952 1613 1015 in
1633 962 1664 1015 te
1684 952 1853 1035 speculari.
1869 953 1993 1034 Denique

458 1051 575 1113 Venter
589 1050 660 1132 ejus
673 1052 773 1115 Deum
792 1051 943 1134 suscepit,
961 1059 993 1113 et
1013 1052 1053 1113 de
1074 1050 1207 1133 purissi-
1262 1068 1326 1114 non
1351 1050 1459 1132 utique
1488 1049 1688 1114 aureolamm
1717 1052 1833 1115 decore
1860 1051 1991 1133 privaris,

457 1148 519 1211 mis
534 1147 601 1211 suis
616 1149 825 1230 sanguinibus
846 1168 954 1212 venem
977 1148 1037 1231 ipsi
1060 1157 1206 1211 naturam
1262 1149 1380 1230 quippe
1402 1168 1500 1230 quum
1526 1149 1569 1211 sis
1595 1149 1789 1231 virginitatis
1814 1148 1991 1231 primiceria,

457 1246 611 1325 exbibuft,
641 1246 932 1328 habitaculumque,
960 1254 1055 1327 atque
1084 1249 1133 1327 (ut
1160 1247 1206 1309 sic
1263 1254 1436 1328 martyrum
1451 1246 1614 1330 princeps,
1631 1248 1702 1330 plus
1716 1266 1813 1329 quam
1833 1257 1955 1328 martyr,
1969 1256 1993 1309 et

456 1342 570 1422 fatear)
590 1345 756 1427 templum,
773 1352 805 1407 et
825 1344 901 1407 item
921 1343 1090 1407 latibulum
1113 1344 1208 1407 mini·
1262 1343 1337 1407 item
1358 1362 1555 1408 summomm
1575 1354 1668 1428 atque
1689 1344 1867 1427 primorum
1888 1353 1994 1408 nostro
2100 1368 2101 1375 ¹

457 1442 589 1521 stravit;
619 1441 833 1506 sacratissimo
862 1460 919 1506 suo
948 1442 1092 1523 virgineo
1125 1442 1206 1507 lacte
1262 1461 1332 1504 rum
1354 1441 1476 1505 doctrix
1497 1443 1676 1506 doctorum.

456 1540 556 1603 Deum
580 1539 671 1619 aluit,
697 1548 729 1601 et
751 1548 856 1603 cetera
878 1558 949 1620 quae
978 1548 1041 1601 tam
1069 1540 1206 1603 ubertim

457 1637 556 1701 effata
570 1647 656 1717 sunt,
673 1647 816 1702 materno
830 1637 951 1701 ellectu
966 1637 1134 1720 impendit.
1301 1636 1391 1701 Nunc
1406 1636 1513 1719 igitur,
1529 1655 1548 1702 ο
1569 1638 1832 1720 prestantissima
1854 1648 1993 1703 creatura·

496 1737 542 1799 Ex
555 1736 604 1798 bis
618 1736 666 1817 (ni
687 1736 793 1815 fallor)
808 1736 912 1818 palam
933 1744 992 1816 est,
1009 1736 1206 1820 incompara-
1262 1754 1333 1797 rum
1347 1734 1414 1815 Dei,
1430 1754 1450 1799 o
1465 1734 1541 1799 felix
1556 1735 1662 1817 floria,
1680 1756 1776 1819 parce
1791 1755 1885 1800 servo
1899 1746 1957 1813 tuo,
1968 1746 1994 1800 ct

457 1834 555 1897 bilem
570 1853 607 1897 ac
621 1834 753 1897 omnino
768 1834 964 1896 indicibilem
979 1834 1129 1915 virgineae
1144 1830 1243 1897 ma·B
1262 1831 1449 1914 imperfecte
1477 1852 1548 1897 meo
1574 1834 1713 1915 ignosce.
1739 1834 1821 1913 Noli,
1847 1854 1866 1899 o
1889 1844 1992 1916 sancta,

457 1949 616 2022 ternasque
631 1941 719 2004 carni
739 1941 869 2004 altonte
893 1940 1049 2003 luminum
1071 1940 1204 2003 inditam
1262 1930 1439 2012 peccatoris
1461 1932 1586 1995 laudem
1605 1932 1691 2014 juste
1716 1941 1930 2012 contemnere,
1945 1954 1993 1997 nec

456 2059 526 2102 esse
547 2040 734 2103 claritatem.
752 2039 789 2102 Et
808 2039 984 2102 certissime
1009 2040 1081 2101 tatis
1106 2046 1206 2101 tanm—
1261 2028 1519 2110 presumptionis
1535 2048 1585 2092 ms
1599 2030 1735 2110 judices,
1753 2031 1808 2093 sed
1822 2032 1912 2113 iuxta
1930 2032 1995 2093 insi·
2102 2098 2103 2109 ,

456 2156 518 2218 que
533 2138 660 2200 claritas
675 2139 742 2201 baec
757 2137 917 2201 censenda
934 2144 993 2216 est,
1010 2146 1046 2199 ut
1065 2156 1136 2200 eam
1158 2138 1205 2201 sol
1261 2134 1325 2189 iam
1354 2126 1411 2189 fibi
1446 2126 1667 2191 incredibilem
1700 2129 1853 2210 pictatem
1882 2130 1994 2211 suscipe

457 2235 632 2299 admiretur
645 2244 677 2298 et
691 2236 787 2315 luna3
805 2254 864 2299 nec
885 2243 970 2314 sunt,
986 2235 1020 2297 in
1042 2254 1206 2316 compara·
1259 2225 1320 2288 1¹0⁰
1345 2244 1437 2307 opus·
1463 2224 1532 2289 Non
1557 2226 1643 2289 enim
1669 2226 1715 2289 sic
1738 2246 1830 2291 orsus
1857 2247 1926 2291 sum
1951 2236 1995 2291 aut

456 2334 544 2397 tione
565 2334 647 2415 ejus,
665 2334 763 2397 stellas
778 2333 850 2397 coeli
865 2333 1079 2414 splendentes.
1098 2332 1206 2395 Enim·
1259 2332 1456 2406 prosecutus,
1474 2333 1624 2406 tanquam
1649 2344 1712 2405 me,
1735 2326 1819 2389 sicut
1842 2325 1995 2389 laudabilis

456 2450 544 2511 vero,
581 2432 849 2513 quemadmodum
885 2432 1005 2494 lunaris
1042 2432 1203 2513 splendor,
1259 2430 1291 2484 θῑ
1307 2440 1421 2504 maguti
1435 2431 1524 2503 este
1539 2423 1667 2487 laudare
1681 2425 1863 2505 putaverim
1877 2426 1994 2507 dignun

457 2537 529 2611 post
543 2529 619 2593 solis
634 2528 804 2610 fulgorem,
822 2528 984 2592 stellamm
1000 2530 1206 2592 vehementer
1259 2521 1311 2583 vei
1335 2521 1498 2601 idoneum,
1521 2522 1576 2585 sed
1599 2530 1636 2584 ut
1658 2540 1717 2604 ego
1742 2541 1871 2605 quoque
1896 2532 1925 2585 te
1947 2541 1994 2604 pro

456 2626 566 2689 lumen
581 2626 755 2710 prmcellit3
772 2627 818 2690 sic
839 2646 979 2709 pmrsus,
997 2635 1068 2709 post
1089 2627 1206 2690 deifor—
1259 2620 1383 2682 viribus
1397 2620 1570 2701 laudarem,
1587 2639 1657 2702 quae
1679 2620 1734 2683 Dei
1753 2622 1817 2684 mei
1835 2630 1870 2685 et
1887 2620 1995 2685 Creato-

457 2725 518 2787 mis
540 2724 827 2807 superexaltatique
845 2725 988 2807 corporis
1013 2725 1202 2804 claritatem,
1259 2718 1303 2781 ris
1328 2718 1391 2782 mei
1415 2720 1511 2782 Mater
1533 2738 1579 2798 es,
1596 2726 1628 2782 et
1651 2738 1747 2801 quam
1771 2720 1883 2783 laudat
1904 2720 1995 2784 omnis

457 2832 634 2887 ceteromm
653 2822 876 2887 claritudinem
895 2823 1117 2887 universorum
1142 2824 1205 2887 cla·
1260 2825 1360 2880 coetus
1380 2817 1578 2881 Sanctorum.
1595 2818 1705 2881 Fateor
1719 2827 1844 2897 autom,
1862 2837 1883 2883 o
1901 2818 1993 2894 unica,

455 2922 533 2984 ritas
553 2930 669 2984 sanctae
692 2922 797 2984 carnis
820 2920 938 2983 divine
961 2921 1131 2985 Genitricis
1153 2940 1204 2985 su·
1259 2916 1335 2997 quia
1350 2916 1469 2996 siquid
1483 2916 1616 2998 dignum
1630 2926 1803 2999 aptumque
1818 2916 1994 2999 conscripsi,
2104 2996 2105 3017 Χ

455 3018 546 3083 blimi
568 3019 736 3083 altitudine
757 3019 868 3082 vincit.
886 3020 1034 3101 ldeoque,
1051 3020 1239 3101 quemad-C
1261 3014 1321 3078 hoc
1336 3014 1381 3076 tui
1397 3015 1539 3077 muneris
1554 3025 1623 3093 est,
1641 3034 1736 3098 porro
1750 3016 1908 3099 quidquid
1928 3013 1996 3077 inef-

454 3118 585 3182 modum
600 3117 755 3180 mundum
770 3118 856 3180 bunc
870 3125 1049 3199 terramque
1063 3126 1202 3181 nostram
1260 3112 1384 3175 ficaciae
1418 3120 1450 3175 et
1485 3112 1723 3177 insufficientis
1758 3114 1896 3193 exsistit,
1928 3112 1996 3176 mibi

454 3216 531 3279 luna
545 3217 687 3280 emicans
701 3217 867 3295 exhilarat,
880 3217 1012 3280 adornat
1025 3226 1119 3298 atque
1134 3217 1203 3280 illu·
1259 3211 1408 3275 attribuo.
1460 3218 1462 3223 '

454 3314 576 3392 minat,
593 3315 638 3378 sic
653 3322 699 3395 tu,
715 3332 735 3377 o
749 3314 894 3393 Domina,
913 3315 945 3376 in
961 3316 1093 3396 regione
1114 3316 1203 3379 vivo-
1298 3309 1439 3393 Denique
1454 3318 1485 3373 te
1499 3329 1626 3393 quoque
1647 3330 1771 3395 precer,
1788 3330 1808 3374 e
1826 3312 1903 3375 lesu
1921 3310 1996 3373 boni·

454 3432 538 3492 rum,
560 3413 593 3475 in
617 3421 701 3476 terra
725 3413 903 3477 viventium
928 3414 1112 3495 splendens,
1132 3414 1203 3476 uni·
1258 3428 1332 3492 gne,
1348 3428 1367 3473 o
1383 3430 1437 3473 rex
1456 3410 1614 3488 lfessia,o
1636 3410 1794 3473 adorande
1815 3409 1949 3489 Christe,
1963 3427 1996 3470 na

455 3529 620 3574 versorum
635 3512 757 3574 animas
772 3511 928 3590 laetificas,
944 3519 976 3575 ot
997 3531 1054 3594 per
1074 3530 1202 3576 omnem
1258 3508 1350 3586 mibi,
1365 3507 1450 3589 quod
1472 3515 1537 3570 tam
1557 3507 1722 3570 immunda
1741 3516 1851 3571 mente
1876 3507 1997 3591 polluto

455 3609 597 3690 empyrei
616 3609 690 3673 coefi
705 3609 906 3672 latitudinem
929 3609 1203 3692 splendidissimos
1258 3627 1321 3689 que
1354 3626 1409 3671 ore
1444 3607 1681 3671 serenissimam
1709 3608 1996 3687 sanctissimamque

457 3707 562 3770 radios
576 3706 698 3787 fundis,
712 3709 1005 3791 supermundanum
1022 3708 1203 3790 paradisum
1258 3713 1345 3769 tuam
1360 3706 1487 3769 llatrem
1502 3705 1631 3770 laudare
1645 3707 1848 3789 presumpsi,
1866 3705 1997 3787 indigno

455 3813 617 3887 venustas,
634 3824 671 3869 ac
685 3805 884 3887 singulorum
898 3805 1078 3869 intellectus
1094 3806 1127 3867 in
1142 3813 1204 3868 tum
1259 3803 1318 3879 ris3
1331 3803 1386 3867 sed
1402 3822 1459 3886 per
1473 3822 1544 3867 eam
1560 3804 1701 3886 ignosce,
1711 3824 1769 3887 per
1782 3823 1856 3867 eam
1871 3822 1922 3867 me
1940 3822 1997 3865 sus

455 3903 665 3967 admiratione
679 3903 928 3986 pulchritudinis
943 3922 1115 3985 suspensos
1135 3905 1205 3966 red·
1259 3902 1342 3985 cipe,
1359 3920 1513 3965 conserva
1526 3910 1559 3965 et
1571 3902 1710 3984 posside,
1733 3902 1788 3984 qui
1813 3910 1942 3985 propter
1954 3918 1997 3963 mc

455 4001 515 4079 dis,
538 4000 708 4064 dulcedine
732 4009 786 4063 tue
810 4008 842 4063 et
867 4001 1031 4063 suavitatis
1056 4009 1117 4065 tum
1142 4002 1205 4065 fra·
1259 4001 1330 4083 ejus
1345 4020 1415 4064 esse
1429 3999 1517 4063 filius
1532 4001 1670 4083 elegisti,
1685 4002 1741 4083 qui
1756 4002 1904 4065 omnium
1924 4000 1998 4084 prin·

454 4099 579 4182 gmntia
594 4098 880 4180 inexcogitabiliter
894 4108 1204 4181 recreas,atquetue
1259 4120 1335 4183 ceps
1363 4099 1490 4164 exsistis
1518 4108 1551 4163 et
1578 4108 1695 4163 cuncta
1721 4099 1899 4182 gubernas,
1926 4100 1999 4163 ben

455 4198 586 4261 domum
609 4196 804 4261 amabilitate
824 4197 975 4260 bonitatis
999 4199 1205 4262 vehementer
1220 4200 1246 4263 ll
1260 4198 1406 4261 sublimis
1428 4206 1460 4262 et
1481 4198 1678 4261 benedictus.
1695 4199 1808 4263 Amen.

578 4701 673 4756 nmis
707 4700 875 4764 cosmon
908 4700 1094 4757 LIBRORUM
1130 4702 1176 4756 bs
1210 4702 1396 4758 PRAECONIO
1432 4703 1475 4757 ΕΤ
1509 4704 1701 4758 DlGNl'fA'l'll
1736 4706 1880 4761 uantAE.
