4309 6259
663 524 821 572 uxrosrno
842 523 950 571 masa.
972 540 1013 553 -
1033 522 1103 569 tna.
1126 520 1191 569 xau
1649 504 1706 569 351

171 705 229 774 Qui
247 720 314 762 cum
334 698 505 776 aniperito
523 697 611 759 Filio
632 706 687 757 tuo
711 704 742 756 et
766 695 900 772 Spiritu
915 694 939 755 Α
957 692 1030 754 nius
1045 710 1121 755 vero
1136 689 1335 757 divinitatem
1350 698 1382 754 et
1396 690 1705 757 consubstantialita-

170 806 277 864 Sancto
299 818 384 858 unus
403 816 435 856 es
453 800 552 864 Deus,
573 814 660 855 uuus
678 814 711 853 es
730 795 901 861 Dominus,
956 798 1020 853 tem
1045 790 1145 851 Patris
1169 808 1206 851 ac
1235 788 1306 850 Filii
1333 789 1477 867 credens,
1503 789 1704 855 divinitatem

170 897 379 962 difficultatem
396 913 460 958 nou
474 892 580 955 habet.
598 892 648 955 Nil
671 893 756 954 enim
773 892 805 953 in
820 890 901 953 divi·
956 888 1094 969 Spiritus
1119 887 1225 951 Sancti
1253 887 1392 968 negavit,
1413 885 1581 950 affirmans
1606 889 1705 969 Spiri-

169 998 214 1058 nis
227 995 298 1057 iacit
316 992 555 1056 distinctionem
577 991 694 1053 realem
717 1010 773 1052 seu
796 1007 902 1070 perso-
956 993 1023 1047 tum
1039 984 1189 1048 Sanctum
1205 1002 1274 1045 esse
1290 991 1467 1046 creaturam
1483 984 1705 1064 puram‚llilio

168 1095 263 1156 nalem
281 1091 341 1153 nisi
362 1090 456 1153 realis
470 1096 565 1170 atque
584 1088 761 1150 subsistens
777 1086 900 1163 relatio,
956 1100 1017 1164 que
1033 1082 1190 1144 minorem
1205 1090 1236 1143 et
1250 1081 1321 1161 ojus
1344 1081 1536 1159 ministrum,
1554 1083 1705 1163 quemad-

168 1193 242 1253 sicnt
255 1188 436 1272 patemitas‚
452 1186 580 1263 filiatio,
597 1186 771 1268 processio,
788 1202 901 1246 secun·
956 1181 1086 1245 modum
1107 1180 1199 1243 Arius
1225 1180 1327 1242 dixit:
1345 1187 1475 1261 propter
1497 1180 1582 1261 quod
1606 1179 1705 1243 llace-

166 1291 234 1351 dum
247 1286 386 1351 Boetium
407 1284 490 1347 libro
511 1284 550 1345 de
572 1283 734 1344 Trinitate.
751 1281 900 1355 Quamvis
956 1278 1086 1340 doniani
1109 1278 1212 1341 vocati
1238 1286 1312 1339 sunt
1336 1276 1536 1355 Semiaricni,
1553 1276 1703 1358 quoniam

167 1394 262 1448 autem
287 1384 435 1447 domiuus
465 1382 590 1443 dicatur
619 1380 750 1442 relative
772 1380 812 1441 ad
836 1398 902 1439 ser·
956 1376 1102 1439 haeresim
1117 1376 1183 1438 Arii
1201 1376 1305 1439 media
1320 1384 1409 1457 parte
1424 1376 1524 1437 secuti
1540 1384 1624 1437 sunt.
1637 1374 1706 1438 Om-

167 1502 244 1561 nem,
259 1501 319 1545 non
345 1489 451 1543 tamen
471 1479 543 1541 talis
564 1478 675 1540 relatio
700 1485 749 1539 est
771 1476 900 1539 realiter
955 1494 1013 1537 nes
1036 1482 1142 1537 autem
1168 1475 1201 1536 hi
1228 1474 1494 1556 perniciosissimi
1523 1473 1704 1537 falsissimi·

166 1582 277 1658 inlice,
292 1580 347 1642 sed
363 1579 466 1642 solum
481 1578 514 1639 in
530 1584 674 1640 creature
692 1601 698 1637 :
715 1576 798 1638 Deus
812 1574 899 1638 enim
955 1593 1016 1655 que
1035 1593 1158 1637 errores
1180 1582 1376 1636 evacuantur
1397 1590 1454 1653 per
1475 1573 1572 1637 verbe
1595 1580 1706 1654 prasta-

165 1679 271 1741 realem
291 1676 510 1741 habitudinem
527 1674 577 1738 vel
599 1674 845 1756 dependentium
859 1673 899 1734 ad
955 1680 1016 1749 cta,
1034 1680 1068 1734 ut
1083 1672 1123 1733 sit
1138 1691 1250 1734 sensus
1269 1694 1275 1732 :
1293 1671 1351 1748 Tu,
1367 1670 1449 1733 Deus
1465 1670 1564 1747 Pater,
1581 1690 1615 1733 es
1631 1690 1704 1735 cum

164 1788 311 1840 creaturas
343 1794 408 1839 non
436 1776 543 1852 habet,
574 1774 629 1835 sed
659 1780 780 1836 contra.
813 1772 899 1835 Unde
955 1768 1034 1832 Filio
1054 1778 1086 1831 et
1105 1770 1224 1851 Spiritu
1245 1770 1360 1833 Sancto
1382 1788 1465 1831 unus
1484 1769 1566 1831 Deus
1589 1788 1625 1831 ac
1648 1770 1706 1833 Do-

163 1876 259 1939 omnis
274 1874 385 1937 relatio
398 1893 469 1955 quae
483 1881 531 1935 est
545 1873 629 1935 inter
641 1871 740 1933 Deum
760 1880 791 1933 et
813 1866 936 1933 crea-B
956 1868 1073 1946 minus,
1091 1892 1107 1927 u
1124 1887 1188 1931 non
1203 1869 1236 1929 in
1252 1867 1471 1950 singularitate
1486 1867 1580 1929 unius
1602 1888 1705 1950 perso

162 1984 250 2050 turas,
266 1980 407 2056 exparte
427 1979 642 2034 creaturarum
657 1978 706 2033 est
721 1969 826 2048 realis,
843 1969 898 2031 sed
954 1984 1003 2027 nae
1019 1989 1048 2044 a,
1066 1966 1098 2028 id
1114 1975 1171 2045 est,
1189 1985 1252 2029 non
1268 1966 1326 2046 sic,
1343 1974 1378 2026 ut
1393 1965 1476 2027 sicut
1490 1984 1563 2027 cum
1578 1965 1658 2030 Filio
1673 1976 1705 2030 et

161 2080 290 2154 exparte
305 2071 360 2133 Dei
377 2078 426 2133 est
441 2070 544 2133 solum
567 2067 710 2131 rationis.
728 2068 804 2129 'lres
823 2084 899 2147 ergo
954 2063 1075 2145 Spiritu
1091 2066 1206 2128 Sancto
1222 2083 1304 2127 unus
1319 2083 1353 2127 es
1375 2063 1457 2125 Deus
1479 2084 1515 2127 ac
1537 2064 1702 2145 Dominus,

162 2188 293 2250 personae
316 2177 392 2232 sunt
413 2190 430 2227 u
455 2188 539 2229 unus
562 2167 644 2229 Dens
671 2190 701 2244 r,
717 2165 769 2228 cui
793 2166 898 2227 omnis
954 2163 1001 2225 sic
1020 2164 1118 2227 etiam
1138 2164 1182 2225 sis
1202 2182 1276 2226 oum
1295 2162 1342 2225 eis
1361 2182 1424 2225 una
1447 2182 1595 2245 persona,
1613 2165 1703 2245 quasi

161 2276 293 2330 creatura
306 2268 347 2330 ad
363 2275 475 2329 nutum
490 2265 608 2329 obedit.
625 2265 704 2327 Sunt
719 2264 795 2327 item
815 2283 898 2326 unus
953 2261 1054 2339 Pater,
1081 2262 1179 2325 Filius
1209 2270 1240 2323 et
1268 2260 1405 2344 Spiritus
1435 2262 1569 2325 Sanctus
1597 2270 1704 2325 essent

160 2366 246 2445 Deus,
261 2367 413 2448 quoniam
430 2366 464 2427 in
479 2364 596 2426 talibus
611 2362 756 2445 personis
771 2370 820 2425 est
835 2382 898 2425 una
953 2379 1018 2421 una
1036 2360 1208 2442 singularis
1229 2377 1375 2440 persona,
1393 2380 1410 2418 a
1426 2360 1482 2422 scd
1505 2358 1539 2421 in
1563 2360 1704 2423 trinitate

159 2464 287 2527 indivisa
310 2464 475 2541 divinitas,
502 2472 533 2525 et
561 2471 624 2524 tres
653 2480 797 2543 persone
824 2469 899 2523 sunt
954 2458 1049 2520 unius
1074 2457 1258 2520 substantiae
1274 2481 1303 2535 r,
1321 2458 1352 2521 id
1377 2465 1436 2535 est,
1454 2457 1500 2519 sic
1525 2475 1598 2519 cum
1624 2458 1703 2523 Filio

160 2582 216 2624 una
230 2564 332 2645 prima
347 2582 442 2625 cansa
456 2569 488 2624 et
502 2580 585 2622 unus
606 2560 733 2623 Creator
753 2558 898 2623 omnium
953 2563 985 2617 et
1004 2555 1125 2637 Spiritu
1144 2556 1259 2619 Sancto
1283 2574 1366 2617 unus
1392 2574 1426 2617 es
1451 2555 1533 2618 Deus
1557 2575 1703 2637 unusque

159 2680 266 2723 rerum.
282 2661 392 2741 ltaque
413 2659 534 2721 Pater«
550 2676 624 2723 cum
643 2658 724 2720 Filio
744 2665 776 2719 ct
793 2678 809 2716 a
824 2676 897 2719 cum
953 2654 1117 2731 Dominae,
1138 2662 1172 2716 ut
1197 2653 1299 2717 nihilo
1324 2654 1430 2717 minus
1455 2654 1496 2716 sit
1520 2653 1645 2716 trinitas
1669 2654 1702 2715 in

159 2780 174 2815 r
200 2757 314 2841 Spiritu
345 2758 460 2821 Sancto
487 2776 571 2819 nnus
597 2780 614 2816 a
643 2764 691 2819 est
718 2756 895 2834 «licus»,
954 2753 1110 2834 personis,
1132 2772 1267 2834 quarum
1291 2760 1340 2815 est
1357 2771 1422 2815 nna
1445 2752 1622 2815 substantia
1646 2771 1702 2815 seu

159 2876 255 2938 aquo
277 2864 395 2920 cuncta
418 2855 580 2919 fluxerunt
603 2862 635 2917 et
658 2854 849 2937 dependent,
866 2862 898 2916 et
952 2859 1076 2913 natura.
1093 2850 1200 2931 ltaque
1215 2850 1275 2913 hoc
1297 2850 1380 2931 quod
1403 2850 1530 2927 dicitur,
1548 2872 1565 2910 u
1582 2869 1645 2914 non
1668 2852 1701 2912 in

158 2955 302 3036 quidquid
316 2954 470 3018 bonitatis
484 2954 602 3016 habent
617 2953 727 3015 sortita
742 2960 826 3015 sunt.
843 2952 897 3014 Est
952 2949 1048 3011 unius
1063 2948 1282 3031 singularitate
1297 2966 1439 3030 personae
1456 2970 1484 3025 »‚
1495 2957 1701 3026 etc.,tantum

48 3064 146 3123 tritanu,
157 3062 184 3113 et
210 3077 226 3113 r
248 3073 329 3117 unus
360 3053 513 3116 Dominus
538 3075 567 3132 r,
592 3052 626 3113 in
654 3052 747 3132 cujus
775 3047 933 3113 ditioneC
952 3054 1000 3109 est
1013 3046 1121 3109 dicere
1140 3071 1146 3109 :
1164 3065 1228 3110 non
1245 3047 1277 3108 in
1294 3046 1459 3109 identitate
1474 3065 1628 3127 personae,
1646 3049 1701 3111 sed

48 3131 143 3247 imm.
157 3160 352 3213 cunctasunt
366 3150 551 3233 posita;qui
566 3150 674 3213 omnia
688 3167 895 3231 quecumque
952 3146 986 3207 iu
1015 3145 1180 3209 identitate
1206 3146 1361 3208 essentia.
1389 3146 1427 3208 Et
1450 3145 1511 3209 hoc
1540 3147 1702 3211 declarant

48 3257 57 3295 l·
155 3250 248 3312 voluit
268 3250 350 3313 fecit
369 3251 404 3311 in
426 3249 508 3313 coelo
530 3257 561 3312 et
582 3249 616 3311 in
638 3256 732 3311 terra.
954 3244 1051 3306 verba
1066 3244 1242 3325 sequentia.
1260 3244 1409 3325 Sequitur
1423 3263 1585 3326 namque:

189 3346 291 3425 Porro,
321 3346 409 3427 quod
438 3346 592 3427 sequitur,
623 3347 699 3407 Non
728 3347 766 3404 in
794 3346 896 3406 unius
993 3346 1085 3411 Quod
1099 3343 1324 3413 erim,oDeus
1338 3342 1440 3420 Pater,
1452 3346 1492 3403 dc
1508 3354 1567 3404 tua
1579 3346 1701 3422 picria,

153 3446 381 3521 rirputaritate
391 3463 551 3521 personia,
561 3446 618 3503 sed
631 3445 668 3503 ia
682 3444 784 3503 unius
799 3446 896 3503 trini·
952 3440 983 3502 id
999 3449 1047 3503 est
1061 3442 1100 3503 de
1116 3448 1169 3502 tua
1184 3440 1344 3503 essentiali
1362 3440 1560 3523 perfectione
1575 3460 1632 3504 seu
1651 3462 1702 3504 ex-

154 3551 213 3601 tate
230 3545 434 3612 mtbstontioe,
450 3550 561 3604 contra
583 3540 749 3604 haereticos
773 3540 894 3604 dictum
951 3538 1111 3617 cellentia,
1133 3543 1297 3599 reuelante
1317 3549 1358 3609 te,
1378 3542 1554 3611 credimus,
1580 3542 1638 3600 doc
1662 3545 1702 3601 de

153 3648 206 3702 est.
221 3642 312 3703 Arius
326 3658 468 3722 namque
482 3639 641 3703 concessit
660 3658 732 3701 cum
753 3639 895 3703 trinitate
950 3639 1038 3699 Filio
1064 3646 1131 3707 tuo,
1156 3638 1214 3696 ltoc
1243 3639 1283 3696 de
1309 3638 1444 3712 Spiritu
1472 3641 1606 3707 Scorto,
1631 3640 1702 3699 sine

151 3755 354 3818 personarum
373 3738 547 3800 trinitatem
568 3737 816 3800 substantiarum
838 3757 894 3799 seu
950 3737 1140 3812 differentia
1154 3736 1389 3804 distinctionis,
1407 3733 1438 3795 id
1453 3742 1502 3796 esi
1521 3734 1589 3797 sine
1612 3754 1701 3817 sepa-

152 3845 339 3899 naturarum.
363 3836 431 3899 Non
455 3835 543 3897 enim
568 3836 697 3897 credere
721 3835 823 3898 voluit
846 3835 894 3896 lli-
951 3832 1072 3895 ratione
1088 3852 1143 3895 seu
1158 3832 1341 3895 diversitate
1356 3831 1513 3911 essentie,
1530 3836 1697 3897 sentimus.

150 3932 223 3997 lium
250 3936 301 3998 vel
329 3934 484 4016 Spiritum
513 3934 663 3995 Sanctum
688 3952 757 3995 esse
782 3952 893 3996 verum
950 3928 1028 3992 Nam
1043 3932 1261 3993 sicutPatrem
1278 3930 1438 3993 credimus
1457 3938 1623 4009 arternum,
1640 3932 1699 3993 im·

150 4032 254 4113 ileum,
270 4034 327 4097 sed
351 4052 446 4115 puras
471 4040 641 4095 creaturas.
663 4031 819 4095 Sabellius
839 4052 894 4095 au·
949 4048 1107 4109 mensum,
1133 4029 1398 4111 omnipotentem,
1424 4028 1698 4111 incomprehensi-

150 4138 207 4194 tem
222 4131 384 4196 concessit
397 4150 470 4195 cum
485 4131 605 4193 unitate
620 4130 737 4193 divinae
747 4131 893 4193 essentia
948 4125 1058 4207 bilem,
1075 4128 1281 4207 adorandum,
1304 4127 1612 4209 superessentialem,
1630 4147 1697 4192 om·

149 4231 295 4293 unitatem
310 4229 430 4293 divinar
445 4246 599 4311 persono,
610 4247 755 4291 asserens
770 4228 892 4292 Patrem
907 4223 932 4285 D
950 4225 1026 4288 nino
1041 4224 1229 4309 perlectum,
1247 4235 1278 4288 et
1298 4226 1427 4289 infinita
1448 4226 1601 4289 felicitate
1623 4228 1697 4291 bea-

148 4337 177 4389 et
190 4329 301 4391 Filium
323 4337 357 4392 et
376 4328 530 4410 Spiritum
549 4328 699 4389 Sanctum
719 4347 789 4390 esse
808 4348 893 4391 eam·
949 4332 1032 4402 tum3
1049 4325 1092 4387 ita
1106 4325 1145 4387 de
1160 4324 1239 4387 Filio
1254 4333 1286 4387 et
1301 4325 1375 4387 item
1390 4325 1429 4387 de
1445 4324 1564 4406 Spiritu
1579 4325 1695 4389 Sancto

148 4427 214 4489 dem
229 4448 411 4510 porsonam.
432 4427 501 4491 Non
523 4427 610 4489 enim
629 4426 758 4489 admisit
776 4427 808 4488 iu
828 4428 892 4490 Deo
947 4423 1113 4485 sentimus.
1130 4422 1286 4505 Quidquid
1306 4422 1392 4485 enim
1415 4422 1559 4485 absolute
1580 4441 1695 4487 conve-

147 4528 381 4607 geuerationem
395 4527 445 4589 vel
461 4526 698 4608 processionem
715 4526 831 4588 realem
846 4535 892 4588 at·
948 4521 996 4583 nit
1017 4520 1111 4598 Patri,
1127 4522 1188 4583 hoc
1209 4520 1344 4601 singulis
1364 4520 1508 4602 personis
1528 4522 1691 4603 competit,

147 4642 203 4703 que
229 4634 395 4702 eternam,
422 4624 477 4687 sed
506 4624 592 4703 quod
621 4623 703 4685 llcus
732 4622 892 4685 diceretur
948 4628 979 4681 ct
998 4618 1054 4682 toti
1075 4619 1218 4681 Trinitati
1245 4637 1414 4682 commune
1437 4627 1495 4681 est.
1513 4619 1600 4682 Unde
1621 4622 1694 4684 sub-

146 4720 230 4784 Pater
244 4723 371 4786 ratione
385 4719 569 4799 creationis,
585 4720 684 4782 Filius
700 4720 821 4783 ratione
843 4721 891 4783 iu·
947 4716 1093 4799 jungitur
1110 4740 1117 4779 ι

146 4820 348 4899 carnationis,
366 4819 502 4902 Spiritus
517 4820 650 4881 Sanctus
666 4818 787 4881 ratione
801 4818 892 4898 justi·
991 4820 1032 4878 Ut
1051 4818 1088 4874 io
1106 4816 1316 4890 confessione,
1336 4816 1369 4877 id
1392 4823 1439 4878 est
1463 4816 1576 4879 notitia
1600 4824 1693 4899 atque

144 4914 314 4997 ficationis,
340 4920 418 4981 dum
446 4917 579 4999 gratiam
612 4915 809 4979 infundendo
839 4917 891 4999 ju·
948 4912 1050 4991 laude,
1067 4932 1153 4973 oeroe
1167 4914 1433 4993 sempiternaeque
1447 4918 1600 4985 Deitatis,
1612 4926 1642 4976 et
1657 4920 1693 4978 irc

145 5015 260 5078 stilicat
292 5018 453 5080 homiues.
483 5016 590 5079 Posuit
619 5016 705 5077 enim
734 5015 889 5078 Sabellius
943 5016 1092 5090 personis
1102 5014 1302 5088 proprietas,
1317 5023 1346 5071 et
1361 5014 1397 5071 in
1416 5015 1555 5073 essentia
1570 5016 1693 5086 unitas,

145 5112 259 5177 Patrem
282 5134 356 5177 esse
378 5114 576 5177 incarnatum
594 5137 601 5174 :
619 5114 703 5176 unde
718 5113 889 5177 Sabelliani
946 5122 976 5172 et
1001 5113 1038 5170 in
1061 5111 1231 5187 majestate
1255 5112 1412 5171 adoretur
1435 5114 1607 5189 (equalitas
1628 5132 1639 5171 :
1660 5111 1692 5175 id

144 5210 216 5273 dicti
238 5221 313 5275 sunt
335 5212 571 5293 Patripassiani,
594 5212 746 5293 quoniam
767 5212 890 5282 Patrem
946 5219 1004 5289 est,
1022 5209 1068 5273 sic
1084 5210 1185 5290 ipsam
1201 5226 1309 5270 veram
1328 5226 1364 5269 ac
1385 5208 1609 5288 sempiternam
1624 5210 1694 5272 Dei·

145 5308 342 5374 incarnatum
366 5318 398 5374 et
421 5330 550 5393 passum
574 5309 733 5373 dicebant.
750 5310 892 5374 llacedo·
946 5318 1042 5373 tatem
1057 5306 1206 5373 confiteri
1221 5305 1409 5385 debemus«
1423 5314 1456 5396 ut
1471 5305 1503 5367 iu
1519 5306 1663 5388 personis
1675 5330 1698 5370 a.
