4309 6259
469 522 510 569 ns
528 521 620 569 nonis
641 520 776 567 srrmrus
797 515 916 574 sancrt,
937 515 1113 565 macrinus
1134 517 1167 565 ιι.
1189 536 1230 547 -
1250 519 1322 566 nur.
1345 521 1420 567 xxxi
1658 502 1715 568 201

176 692 251 757 fidei
265 692 445 757 christiana
460 692 592 756 subtiles
605 699 637 755 et
651 690 796 774 proprias
809 688 919 753 distin·
931 688 958 751 A
971 687 1192 753 obmutescere
1207 689 1332 755 faciatis
1346 692 1596 775 imprudentium
1617 692 1719 755 bomi-

176 800 224 855 cte
250 800 281 855 et
313 792 469 874 exquisite
501 792 661 874 explicare
688 808 753 853 non
781 786 915 872 possint.
972 804 1050 848 num
1076 786 1309 868 ignorantiam
1326 797 1357 852 et
1380 809 1489 853 rursus
1513 814 1520 853 ι
1543 789 1717 868 tter-issimi,
1745 814 1821 861 rem,
1841 829 1865 869 ,,,

175 890 315 971 Insuper,
340 891 534 972 quicumque
556 889 689 972 gratiam
714 888 821 967 habet,
847 886 918 967 ejus
971 884 1105 949 obsecro
1123 904 1180 947 vos
1202 894 1351 969 tanquam
1373 889 1511 951 advenas
1530 895 1562 951 et
1580 888 1720 970 peregri·
1733 880 1810 930 ¹¹³²·

175 989 318 1051 voluntas
339 990 379 1051 ad
399 989 499 1051 Mum
514 996 599 1051 recte
617 987 738 1049 directa
759 983 915 1049 consistit.
972 1000 1030 1045 nos
1044 981 1203 1045 abstinere
1218 1002 1274 1047 vos
1295 1004 1314 1047 a
1336 985 1517 1049 carnalibus
1538 984 1717 1065 desideriis,

174 1086 232 1149 Sed
264 1086 420 1149 rectitudo
453 1086 624 1150 voluntatis
657 1104 696 1147 ex
727 1082 918 1147 rectitudine
971 1098 1042 1161 que
1067 1080 1205 1143 militant
1230 1082 1381 1145 adversus
1409 1083 1561 1161 animam,
1588 1102 1720 1147 conver-

173 1185 303 1247 rationis
325 1186 485 1267 dependet
510 1209 518 1247 ι
543 1202 609 1247 nou
636 1184 725 1247 enim
753 1180 917 1264 quidpiam
972 1179 1128 1241 sationem
1156 1188 1295 1244 vestram
1324 1182 1407 1245 iuter
1430 1189 1541 1264 gentes
1565 1182 1718 1245 babentes

173 1282 259 1364 cupit
277 1282 327 1345 vol
353 1289 438 1345 amat
460 1282 619 1359 voluntas,
644 1280 706 1343 nisi
731 1281 816 1363 quod
837 1278 918 1341 ratio
971 1276 1099 1357 bonam,
1117 1278 1198 1341 utin
1213 1280 1349 1360 eoquod
1368 1280 1545 1343 detrectent
1564 1280 1605 1343 de
1627 1279 1718 1343 vobis

173 1380 447 1463 praeapprebendit
470 1389 503 1444 et
526 1378 681 1443 voluntati
710 1379 915 1442 demonstrat.
972 1383 1122 1459 tanquam
1136 1377 1175 1439 de
1192 1376 1458 1455 malefactoribus,
1475 1398 1512 1441 ex
1535 1378 1626 1443 bonis
1645 1396 1720 1460 ope·

171 1478 441 1553 Quemadmodum
462 1486 569 1541 autem
588 1477 735 1541 voluntas
753 1475 919 1539 ordinatur
972 1473 1060 1536 ribus
1075 1494 1131 1537 vos
1153 1475 1401 1553 considerantes,
1418 1476 1601 1559 glorificent
1619 1476 1718 1540 Deum

172 1578 211 1639 ed
229 1576 329 1639 Deum
348 1594 406 1658 per
423 1576 598 1653 caritatem,
616 1575 662 1637 sic
687 1574 767 1637 ratio
787 1592 844 1655 per
862 1573 918 1635 do
972 1570 1005 1633 in
1019 1572 1072 1634 die
1088 1572 1289 1637 visitationis.
1306 1572 1447 1655 lienique
1462 1574 1648 1655 Unigenitus
1663 1574 1718 1637 Dei

173 1694 247 1736 num
261 1673 454 1751 intellectus,
471 1674 526 1755 qui
540 1674 636 1737 etiarn
652 1672 824 1736 introducit
838 1671 918 1735 cari·
970 1670 1011 1731 ad
1036 1670 1118 1733 banc
1143 1670 1371 1753 perfectionem
1396 1690 1454 1735 nos
1478 1672 1608 1735 hortans
1635 1694 1642 1733 :
1667 1672 1718 1734 Sic
1741 1694 1827 1739 narra
1843 1708 1866 1747 ι,

172 1780 264 1834 tatem
290 1773 330 1835 ad
354 1772 464 1835 Deum.
490 1771 709 1853 Sicutitaque
730 1770 916 1851 omnesqui
971 1766 1075 1829 luceat
1096 1769 1166 1847 (ait)
1189 1768 1240 1832 lux
1263 1778 1366 1832 restra
1391 1788 1497 1833 coram
1521 1768 1717 1849 bominibus,
1735 1762 1766 1803 ¹⁸·

170 1868 304 1950 gratiam
329 1868 515 1945 sortiuntur,
535 1867 699 1931 caritatem
724 1866 852 1943 babent,
874 1865 954 1930 itali
972 1875 1007 1928 ut
1026 1866 1210 1947 glorificent
1224 1868 1345 1931 Patrem
1360 1876 1502 1931 vestrum
1524 1868 1577 1949 qui
1601 1868 1634 1930 in
1656 1885 1719 1931 coe·

170 1974 201 2029 et
221 1966 405 2029 intellectus
426 1966 557 2029 donum.
972 1963 1012 2025 lis
1033 1973 1092 2026 est.

208 2063 240 2125 Si
260 2064 350 2127 enim
370 2064 430 2126 ista
449 2064 590 2146 cognitio
607 2082 703 2145 quam
722 2082 780 2145 per
797 2064 916 2125 donum

171 2162 352 2225 intellectus
371 2181 390 2225 a
408 2162 429 2225 S
453 2162 528 2224 iritu
547 2163 663 2225 Sancto
683 2162 833 2225 sortimur
863 2180 919 2223 ne-

172 2260 310 2324 cessaria
323 2260 416 2323 nobis
429 2182 495 2325 flou
508 2269 603 2341 esset,
616 2260 752 2323 loannes
766 2260 800 2321 in
815 2208 919 2342 p'rima
1145 2224 1390 2291 ARTICULUS
1420 2225 1547 2291 XXXI·

48 2436 57 2462 ἢ
132 2377 226 2425 esna
247 2358 410 2422 &nonies
433 2376 498 2421 non
521 2358 676 2421 dixisset:
692 2357 817 2420 Scimus
841 2376 919 2439 quo-
973 2374 1065 2441 Quod
1079 2372 1279 2431 motator
1298 2373 1420 2431 donum
1442 2374 1722 2444 internecante

47 2464 74 2477 ”
170 2457 255 2519 niam
269 2457 372 2519 Filius
393 2456 448 2519 bei
465 2457 564 2537 venit,
579 2465 612 2520 ot
629 2456 717 2520 dedit
735 2456 828 2519 uobis
847 2475 919 2519 sen·
1012 2462 1072 2541 qui
1091 2462 1237 2538 pretium
1260 2468 1396 2538 pratum
1414 2462 1588 2538 facientem
1612 2484 1633 2523 a
1654 2467 1720 2526 Deo

171 2572 251 2633 sum,
276 2561 316 2616 ut
338 2572 568 2635 cognoscamus
589 2554 688 2617 Deum
712 2572 836 2617 verum.
857 2556 918 2619 Sed
1011 2552 1150 2624 adeptus
1164 2556 1221 2609 0⁸2·

131 2690 137 2701 ·
170 2651 283 2734 etipse
301 2652 443 2715 Salvator
456 2652 543 2734 :Ego
556 2652 687 2733 (inquit)
701 2652 734 2714 in
749 2652 810 2716 boc
826 2662 918 2716 natus

45 2732 93 2766 ‘'¹¹''
128 2753 134 2764 ‘
171 2766 250 2825 sum,
266 2748 355 2811 etad
370 2748 431 2811 boc
450 2748 523 2810 veui
543 2746 577 2809 in
596 2748 762 2825 mundum,
779 2757 814 2811 ut
832 2749 919 2811 testi-
1048 2745 1146 2808 ΑΒΕΤ
1168 2752 1320 2827 praeterea
1343 2744 1580 2824 difficultatem,
1597 2765 1637 2808 an
1659 2746 1719 2810 soli

170 2845 315 2909 monium
331 2845 515 2927 perhibeam
530 2846 655 2909 veritati
673 2869 681 2908 ε
697 2864 793 2927 quam
807 2846 918 2929 utique
1060 2843 1194 2925 gratiam
1219 2842 1453 2925 gratificantem
1478 2844 1642 2923 babentes,
1665 2844 1721 2907 do

170 2943 237 3005 sine
251 2944 340 3007 dono
355 2943 535 3007 intellectus
549 2944 664 3007 intueri
680 2945 850 3026 nequimus
864 2964 918 3008 ne
973 2962 1049 3003 num
1064 2942 1202 3005 babeant
1216 2940 1406 3005 intellectus.
1423 2941 1458 3003 ln
1479 2959 1543 3022 quo
1564 2941 1650 3005 enim
1674 2940 1721 3003 in-

169 3060 229 3122 que
250 3040 431 3123 percipere.
935 3040 1145 3106 Cveninntur
1168 3047 1257 3102 actus
1281 3038 1418 3120 alicujus
1442 3038 1580 3120 babitus,
1607 3038 1640 3101 in
1665 3040 1721 3103 illo

207 3139 384 3216 Postremo,
400 3139 439 3201 de
453 3138 546 3201 donis
560 3139 725 3222 sapientiae
745 3148 777 3203 et
795 3140 919 3204 intelle-
973 3138 1183 3201 videturesse
1199 3138 1382 3201 ethabitus.
1399 3138 1495 3201 Actus
1517 3146 1622 3201 autem
1644 3138 1720 3202 doni

168 3245 236 3298 ctus
259 3236 380 3298 dantur
400 3236 434 3297 in
453 3255 543 3299 sacra
562 3236 724 3320 Scriptura
748 3246 916 3321 praecepta.
973 3234 1167 3313 intellectus,
1190 3243 1239 3298 est
1262 3235 1338 3298 fidei
1366 3235 1514 3297 veritates
1544 3236 1719 3318 percipere,

43 3334 290 3398 letetliicitur
317 3334 460 3397 enimin
483 3334 726 3399 Deuteronomio
747 3360 754 3399 :
775 3336 846 3399 llaec
871 3346 919 3400 est
973 3334 1173 3417 rationesque
1207 3334 1412 3397 articulorum
1450 3332 1528 3397 fidei
1564 3334 1723 3397 subtiliter

166 3442 272 3495 vestra
300 3432 457 3514 sapientia
476 3440 508 3494 et
530 3432 710 3497 intellectus
733 3452 839 3498 coram
863 3434 919 3497 bo-
972 3433 1022 3495 vel
1048 3432 1313 3495 certitudinaliter
1337 3451 1478 3510 cernere,
1506 3432 1607 3495 itaut
1632 3434 1721 3497 nulle

167 3530 324 3608 minibus,
346 3538 383 3593 ut
405 3530 572 3593 audientes
595 3531 736 3593 universi
762 3542 918 3614 precepta
973 3530 1105 3594 rationis
1124 3530 1275 3593 instantia
1296 3539 1350 3593 aut
1370 3549 1520 3593 sensuum
1536 3532 1722 3613 apparentia

166 3629 244 3709 lraec,
260 3630 376 3692 dicant
391 3652 398 3689 ι
415 3628 461 3691 En
476 3630 614 3711 populus
628 3630 756 3712 sapiens
774 3639 805 3693 et
827 3631 919 3693 intel·
973 3638 1068 3710 queat
1082 3629 1195 3691 animae
1211 3628 1405 3691 contrarium
1420 3627 1496 3690 fidei
1518 3630 1718 3711 persuadere.

168 3724 282 3808 ligens.
305 3727 415 3807 ltaque
439 3726 595 3808 sapientia
618 3734 713 3809 atque
738 3727 918 3791 intellectus
973 3727 1058 3790 lstud
1079 3734 1185 3789 autem
1208 3725 1334 3789 videtur
1354 3725 1463 3788 multis
1477 3725 1556 3789 viris
1575 3726 1719 3807 eruditis,

167 3823 315 3887 fidelium
336 3824 370 3885 in
395 3824 561 3906 praeceptis
579 3824 697 3887 divinae
715 3826 796 3907 legis
814 3826 919 3890 consi·
972 3824 1119 3907 quamvis
1143 3823 1289 3906 superbis
1317 3842 1353 3887 ec
1384 3824 1503 3906 impiis,
1529 3824 1721 3888 eminentius

167 3920 384 4004 stit:quorum
400 3921 543 4002 quedam
558 3921 673 3983 dantur
687 3923 726 3985 de
741 3923 918 4005 fide,cujus
972 3922 1146 3985 convenire
1161 3940 1255 4005 quam
1271 3921 1380 3984 multis
1395 3921 1644 4004 simplicioribus
1660 3924 1722 3986 vel·

167 4021 318 4083 veritates
332 4018 460 4082 divinus
473 4018 541 4081 hece
556 4019 640 4083 dona
653 4022 829 4103 presertim
844 4042 919 4085 con·
971 4020 1011 4083 de
1030 4021 1165 4083 devotis.
1183 4021 1248 4083 luto
1268 4019 1414 4083 nonnulli
1434 4020 1559 4099 eruditi,
1576 4022 1722 4101 quamvis

167 4118 365 4199 templantur
398 4123 492 4198 atque
526 4127 744 4195 concernunt3
774 4121 917 4201 quedam
972 4119 1117 4201 maligni,
1138 4118 1236 4181 fidem
1262 4118 1367 4182 sciunt
1390 4116 1572 4199 defendere,
1595 4137 1722 4202 persua-

166 4216 205 4277 de
225 4214 354 4296 justitia
372 4234 468 4297 qnam
487 4215 585 4279 dictat
604 4216 684 4279 ratio
703 4218 867 4297 naturalis,
884 4218 917 4280 in
933 4220 958 4281 n
972 4218 1058 4294 dere,
1074 4217 1235 4280 elucidare
1249 4240 1255 4277 :
1269 4217 1352 4300 quod
1369 4217 1476 4279 multis
1491 4218 1621 4301 optimis
1635 4218 1722 4281 Chri-

167 4314 260 4395 cujus
277 4312 413 4394 justitiae
434 4314 635 4377 exsecutione
660 4314 842 4395 regulamur
861 4336 919 4399 per
972 4316 1085 4377 stianis
1107 4314 1304 4397 impossibile
1326 4322 1436 4377 exstat.

166 4411 250 4473 dona
275 4410 429 4493 predicta
453 4412 628 4474 secundum
654 4412 740 4493 leges
765 4413 915 4477 divinas:
1011 4414 1049 4475 Et
1063 4413 1331 4495 respondendum,
1349 4413 1432 4492 quod
1454 4413 1573 4475 donum
1596 4414 1721 4478 intelle-

165 4508 285 4571 debent
299 4508 388 4571 enim
404 4508 544 4571 universi
566 4528 640 4571 vere
661 4528 698 4573 ae
720 4511 814 4591 plane
836 4512 918 4575 chri·
972 4519 1042 4573 ctus
1056 4511 1185 4593 perficit
1200 4510 1352 4573 rationem
1368 4510 1539 4572 humanam
1559 4530 1624 4573 uon
1644 4530 1719 4592 qua-

164 4606 274 4685 stiani,
293 4614 359 4668 tam
372 4604 457 4687 juste
477 4625 515 4668 ac
536 4614 645 4669 sancte
667 4610 860 4690 conversari,
883 4620 917 4673 ut
971 4607 1261 4690 litercumque,sed
1278 4606 1478 4688 inquantum
1493 4605 1575 4671 bene
1590 4607 1718 4671 mobilis

164 4704 304 4782 cunctis,
335 4702 432 4765 etiam
459 4704 618 4785 perversis
645 4712 677 4767 et
704 4705 853 4786 ethnicis,
878 4728 917 4771 err
972 4724 1007 4769 ac
1023 4705 1194 4786 dirigibilis
1215 4724 1234 4767 a
1255 4703 1373 4785 Spiritu
1395 4704 1509 4768 Sancto
1531 4704 1616 4768 circa
1637 4706 1719 4770 noti-

163 4821 275 4865 eorum
292 4802 534 4865 conversatione
548 4803 720 4884 purissima
741 4805 917 4869 innotescat
971 4803 1046 4867 tiam
1061 4804 1167 4866 ultimi
1182 4802 1195 4865 f
1197 4803 1269 4882 laic,
1287 4810 1340 4864 aut
1355 4810 1439 4865 certe
1454 4802 1621 4866 veritatum
1643 4805 1719 4868 alia-

162 4899 268 4981 legem
283 4899 375 4962 illam
389 4900 614 4963 essedivinam
629 4920 667 4964 ac
681 4903 916 4987 mundamque
970 4922 1040 4964 rum
1070 4902 1103 4965 in
1131 4900 1241 4964 ordine
1270 4900 1308 4964 ad
1338 4900 1485 4963 ultimum
1514 4900 1625 4965 finem.
1647 4903 1718 4966 llaec

162 4998 263 5059 vitam
292 4996 515 5078 hujuscemodi
540 4998 644 5061 docet.
669 5000 734 5063 lloc
758 5009 807 5064 est
829 5004 915 5082 quod
969 5008 1075 5063 autem
1091 4998 1223 5062 directio
1239 4998 1355 5061 mentis
1371 4998 1402 5060 in
1422 5001 1643 5081 cognoscendo
1665 5002 1718 5063 da-

161 5095 455 5160 excellentisaimus
493 5096 548 5159 ille
582 5098 842 5181 Archiapostolus
881 5102 914 5163 in
968 5098 1168 5179 taaSpiritu
1182 5098 1308 5177 Sancto,
1326 5096 1471 5160 consistit
1490 5096 1523 5159 in
1542 5116 1617 5161 vera
1636 5100 1718 5161 aesti-

41 5206 148 5265 trane,
162 5195 268 5276 prima
297 5212 355 5255 sua
383 5192 542 5257 Canonica
567 5196 703 5258 adstruit
732 5220 740 5259 ε
767 5198 838 5261 llaec
866 5208 915 5262 est
968 5196 1108 5259 matione
1129 5196 1169 5258 de
1190 5196 1302 5258 ultimo
1324 5194 1400 5258 fine.
1418 5196 1513 5259 Porro
1537 5216 1613 5258 vera
1636 5198 1717 5260 msti-

33 5274 61 5316 ¹⁵·
161 5290 342 5375 (inquiens)
364 5290 510 5355 voluntas
530 5292 599 5373 Dei,
619 5301 654 5356 ut
675 5293 913 5360 benefacientes
968 5295 1065 5359 matio
1090 5312 1229 5357 errorem
1256 5294 1402 5357 excludit.
1426 5292 1482 5368 Qui
1507 5312 1582 5358 vero
1604 5295 1716 5361 ultimo
