4309 6259
849 502 938 549 noan
959 501 999 549 os
1019 500 1167 549 masters
1188 501 1296 549 norrun
1782 488 1841 552 323

376 667 572 732 Permutavit
585 688 678 733 suum
694 670 819 748 florem,
1057 671 1169 735 deum
1193 673 1233 736 ad
1255 672 1494 737 immolandum.
1519 676 1539 756 †
1562 674 1737 737 Consilium
1758 673 1842 737 iece-

376 765 472 829 Totus
486 787 597 830 versus
612 768 646 831 in
660 768 825 851 pallorem.
1098 778 1171 833 runt
1186 770 1309 833 inimici
1326 771 1387 833 mei
1403 773 1571 835 adversum
1593 791 1655 851 me,
1671 772 1813 835 dicentes
1831 796 1838 834 :

395 863 503 927 Omnis
519 866 620 947 vigor,
637 867 742 930 omnis
757 867 844 930 viror
1097 868 1219 948 Venite,
1236 869 1399 931 mittamus
1419 870 1541 951 iignum
1565 871 1597 933 iu
1621 888 1737 952 panem
1758 870 1839 952 ejus,

376 962 455 1026 Hinc
470 964 611 1044 recessit,
627 984 687 1029 nec
701 965 859 1043 admiror,
1096 974 1127 1027 et
1141 967 1307 1030 eradamus
1322 986 1395 1030 eum
1410 969 1450 1031 de
1465 976 1546 1031 terra
1561 968 1750 1031 viventium.

374 1061 455 1124 Mors
469 1071 602 1145 apparet
615 1063 649 1125 in
663 1064 827 1145 adspectu,
1135 1074 1167 1126 t.
1185 1064 1297 1127 Factus
1318 1084 1388 1127 sum
1403 1066 1437 1126 iu
1452 1065 1592 1129 derisum
1608 1067 1695 1130 omui
1711 1066 1839 1147 populo,
1858 1086 1940 1131 rum.
1956 1100 1986 1138 m.

376 1157 470 1221 Totus
485 1159 628 1241 pendens
643 1159 677 1221 in
691 1158 831 1223 deiectu.
1096 1160 1256 1225 canticum
1271 1180 1380 1225 eorum
1396 1170 1460 1225 tota
1474 1162 1536 1225 die.
1553 1163 1739 1227 Consilium.
1857 1153 1889 1194 ¹⁴·

395 1256 528 1338 Oquam
542 1276 663 1341 pauper
677 1266 709 1322 et
722 1276 818 1340 quam
832 1258 948 1337 nudus,
1136 1271 1168 1323 r.
1185 1258 1289 1323 Gloria
1302 1260 1396 1325 Patri.
1414 1261 1456 1324 De
1472 1269 1566 1325 terra.

373 1354 480 1429 Qualis
495 1374 565 1418 eras
580 1354 624 1420 ibi
641 1355 734 1419 ludus
1137 1368 1168 1423 t.
1185 1358 1246 1422 Ero
1261 1377 1346 1423 mors
1362 1368 1426 1438 tua,
1442 1378 1462 1423 o
1476 1379 1573 1424 mors.
1870 1382 1925 1427 0200
1946 1394 1989 1435 ¹¹11,

373 1453 555 1517 Derisorum
571 1454 755 1537 impiorum,
1136 1476 1168 1531 rr.
1184 1458 1305 1519 Morsus
1320 1465 1392 1520 tuus
1407 1476 1473 1537 ero,
1490 1458 1626 1522 inferne.
1857 1449 1891 1489 ¹⁴·

375 1551 437 1614 Rex
452 1570 554 1629 meus,
571 1552 654 1615 Deus
669 1554 878 1617 Sanctorum!
1136 1565 1168 1617 r.
1184 1554 1328 1635 Domine,
1345 1556 1470 1636 exaudi,
1487 1567 1546 1618 etc.

394 1650 566 1727 DeoPatri‚
583 1651 654 1731 ejus
668 1650 758 1730 Nato,
1137 1672 1168 1727 ra.
1184 1652 1223 1715 Et
1238 1653 1472 1730 clamormeus,
1489 1664 1547 1717 ete.

373 1748 411 1811 Et
424 1767 519 1829 quem
535 1749 658 1831 spirant
672 1748 826 1829 increato,
1401 1752 1541 1815 Oremus.

374 1846 466 1926 iaus,
483 1846 596 1927 honor,
614 1848 726 1927 virtus,
741 1848 853 1930 gioria,
1058 1844 1082 1907 B
1137 1849 1201 1912 Rex
1220 1850 1340 1931 gloriae,
1356 1850 1465 1933 Agnus
1485 1850 1541 1913 Dei
1566 1860 1686 1931 sancte,
1704 1850 1845 1934 Virginis

374 1945 508 2007 Perenni
522 1964 597 2008 cum
611 1946 775 2011 memoria.
793 1948 904 2010 Amen.
1098 1966 1196 2010 roseae
1211 1946 1282 2026 Fili,
1299 1948 1353 2029 qui
1369 1966 1426 2029 pro
1442 1948 1504 2011 tuis
1519 1948 1763 2013 crucifixoribus
1778 1970 1846 2014 cor-

330 2046 414 2107 Ant.
431 2042 590 2108 Centurio.
1097 2045 1223 2109 dialiter
1247 2046 1395 2124 exorasti,
1422 2054 1454 2109 et
1482 2066 1539 2129 pro
1568 2067 1618 2111 me
1646 2047 1845 2111 amarissime

541 2147 695 2207 Psalmus
711 2147 794 2207 129.
1097 2164 1210 2227 passus
1235 2164 1281 2224 es,
1297 2143 1348 2207 iac
1374 2164 1425 2207 me
1449 2154 1579 2228 propter
1603 2154 1633 2209 te
1658 2146 1846 2210 mortificari

63 2264 263 2315 rmmm-
333 2240 380 2301 De
403 2238 572 2322 profundis
596 2240 731 2304 clamavi
757 2242 795 2304 ad
819 2250 862 2321 te,
887 2240 1018 2306 Domine
1032 2263 1041 2319 3
1098 2250 1163 2305 tota
1187 2242 1251 2321 die,
1278 2261 1405 2305 caruem
1432 2261 1505 2305 cum
1530 2242 1617 2305 vitiis
1642 2253 1673 2306 et
1697 2244 1848 2326 concupi-

65 2333 91 2371 ὅ·
284 2338 439 2417 Domine,
455 2338 569 2401 exaudi
585 2358 697 2403 vocem
713 2359 829 2403 meam.
1100 2340 1231 2403 scentiis
1256 2340 1458 2422 crucifigere,
1484 2341 1595 2423 tuique
1620 2342 1764 2424 exemplo
1790 2343 1849 2405 mi-

333 2437 428 2499 Fiant
447 2455 541 2500 aures
559 2446 620 2500 tuae
646 2438 847 2501 intendentes
872 2437 905 2499 in
930 2456 1042 2501 vocem
1098 2446 1162 2501 tem
1182 2445 1213 2501 et
1234 2435 1400 2518 humilem,
1416 2438 1625 2519 tranquillum
1648 2449 1679 2503 et
1701 2440 1847 2503 stabilem

284 2536 531 2617 deprecationis
545 2555 635 2599 mee.
1099 2556 1179 2600 esse.
1197 2536 1255 2612 Qui
1271 2536 1366 2599 vivis.

333 2633 369 2695 Si
385 2633 570 2715 iniquitates
584 2634 816 2714 observaveris,
829 2634 972 2710 Domine,
984 2631 1044 2697 Do·
1141 2646 1174 2698 t.
1191 2634 1336 2715 Domine,
1352 2636 1477 2713 exaudi,
1494 2646 1552 2698 etc.

283 2729 396 2810 mine,
413 2732 486 2814 quis
500 2729 693 2794 sustinebitt
1140 2752 1173 2807 p.
1189 2732 1227 2796 Et
1242 2732 1362 2797 clamor
1376 2753 1477 2815 meus,
1493 2744 1552 2795 etc.

331 2830 415 2904 Quia
427 2831 511 2912 apud
531 2839 562 2893 te
580 2830 764 2912 propitiatio
785 2837 845 2909 est,
861 2839 895 2893 et
914 2838 1045 2912 propter
1140 2841 1172 2893 r.
1189 2830 1419 2895 Benedicamus
1434 2833 1578 2896 Domino.

284 2928 400 3009 legem
415 2936 513 3008 tuam,
529 2928 667 2991 sustinui
682 2937 725 3009 te,
741 2928 886 2992 Domine.
1141 2948 1173 3005 a.
1189 2928 1254 2993 Deo
1268 2930 1397 3011 gratiae.

333 3025 494 3088 Sustinuit
506 3025 613 3089 anima
627 3044 698 3089 mea
713 3026 746 3087 in
762 3026 860 3089 verbo
874 3026 956 3108 ejus,
974 3031 1081 3108 spe-C
1140 3037 1171 3089 t.
1189 3026 1310 3089 Animae
1324 3028 1467 3090 omnium
1483 3028 1642 3105 fidelium,
1658 3038 1715 3089 etc.

281 3122 380 3185 ravit
391 3122 499 3185 anima
512 3141 584 3185 mea
598 3123 632 3184 in
647 3123 792 3187 Domino.

331 3221 362 3283 Α
380 3220 524 3284 custodia
549 3220 706 3284 matutina
728 3240 829 3303 usque
853 3222 893 3283 ad
918 3229 1045 3285 noctem

283 3327 404 3402 speret
416 3319 511 3382 israel
526 3318 560 3381 iu
574 3318 720 3383 Domino.
1140 3322 1216 3399 Ave,
1233 3321 1476 3404 benignissime,
1493 3334 1551 3385 eto.

332 3417 414 3492 Quia
428 3417 512 3499 apud
525 3416 696 3480 Dominum
710 3416 940 3494 misericordia,
949 3425 981 3479 et
995 3435 1043 3480 co
1141 3431 1173 3483 t.
1189 3419 1314 3500 ddjuva
1325 3439 1387 3498 me,
1404 3431 1460 3482 etc.

279 3516 387 3601 piosa
399 3515 483 3596 apud
498 3532 571 3577 eum
585 3514 773 3597 redemptio.
1140 3537 1173 3592 ra.
1191 3517 1319 3579 Salvum
1334 3518 1463 3595 mefac,
1481 3528 1539 3579 etc.

331 3613 374 3676 Et
394 3614 463 3695 ipse
482 3612 617 3676 redimet
634 3611 729 3675 lsrael
748 3632 787 3675 ex
809 3612 958 3677 omnibus
982 3612 1043 3675 ini·
1140 3627 1173 3679 r.
1190 3615 1283 3692 Deus,
1301 3615 1335 3677 in
1349 3615 1554 3697 adjutorium,
1572 3626 1631 3675 etc.

280 3710 469 3795 quitatibus
483 3710 565 3791 ejus.
1140 3733 1172 3789 a.
1189 3714 1332 3791 Domine,
1349 3713 1388 3775 ad
1403 3712 1633 3794 adjuvandum,
1649 3723 1706 3775 etc.

333 3808 442 3873 Gioria
454 3808 549 3871 Patri.
1139 3823 1171 3875 t.
1187 3810 1292 3875 Gloria
1306 3810 1399 3873 Patri.

1310 3172 1373 3244 An
1400 3172 1636 3247 Vusraaas.

59 3947 179 3992 um,
205 3952 259 3988 ῃ,
332 3911 415 3971 Ant.
432 3906 580 3970 Centurio
595 3907 708 3970 videns
723 3906 799 3989 quia
812 3907 902 3971 Jesus
917 3907 964 3969 sic
979 3906 1044 3971 cia·
1138 3912 1218 3971 Ant.
1234 3906 1281 3969 Ad
1295 3907 1413 3969 lesum.

61 4014 136 4060 2⁹³
174 4005 259 4106 ¹1¹¹}-
282 4025 388 4072 mans
414 4006 617 4088 exspirasset,
647 4005 845 4086 glorificavit
871 4006 983 4084 Deum,
1011 4014 1043 4069 et
1343 4009 1597 4068 Psatmus102.

58 4088 156 4185 21¹⁸
248 4095 341 4171 ’ait
367 4126 376 4165 ι
399 4103 479 4167 Vere
503 4103 555 4167 bic
579 4103 676 4166 bomo
698 4102 798 4165 Fidius
821 4103 876 4166 Dei
902 4111 978 4167 erat.
1006 4103 1044 4168 Et
1138 4104 1286 4183 Benedic,
1302 4102 1409 4166 anima
1424 4122 1505 4183 mea,
1522 4104 1655 4167 Domino
1669 4126 1677 4182 ;
1693 4110 1724 4167 et
1738 4105 1846 4170 omnia
1857 4128 1992 4179 matr-ra.

280 4202 401 4271 omnis
415 4203 508 4266 turba
521 4219 631 4266 eorum
646 4202 701 4283 qui
716 4202 858 4281 aderant,
867 4203 937 4267 viso
951 4211 1042 4267 terrae
1059 4209 1084 4271 D
1099 4223 1169 4286 quae
1185 4202 1268 4266 intra
1282 4220 1333 4265 me
1347 4210 1432 4281 sunt,
1449 4202 1573 4267 nomini
1588 4210 1697 4266 sancto
1712 4202 1741 4285 ej
1747 4224 1793 4268 us.

280 4308 430 4368 metuet
443 4300 495 4363 bis
514 4319 584 4382 que
604 4299 738 4380 fiebant,
753 4300 967 4383 percutientes
989 4320 1043 4383 pe-
1138 4300 1287 4381 Bcuedic,
1313 4300 1420 4363 anima
1444 4320 1527 4379 mea,
1552 4300 1697 4381 Domino,
1723 4310 1755 4365 et
1779 4302 1845 4366 noli

281 4409 385 4467 ctera
399 4419 455 4462 sua
468 4399 719 4463 revertebantur.
1099 4399 1248 4465 oblivisci
1262 4417 1373 4462 omues
1389 4399 1614 4462 retributiones
1629 4399 1711 4481 ejus.

570 4499 770 4573 Capitulum.
1139 4498 1197 4574 Qui
1230 4497 1419 4579 pmpitiatur
1450 4496 1599 4559 omuibus
1626 4496 1845 4578 iniquitatibus

39 4640 112 4685 Μ
123 4629 261 4683 mn,
335 4594 596 4673 Tenuemntme,
612 4594 771 4659 cervicem
793 4614 897 4659 meam
919 4596 1044 4660 conire-
1101 4598 1175 4676 tuis,
1191 4596 1246 4678 qui
1261 4602 1350 4657 sanat
1364 4612 1475 4659 omnes
1490 4593 1694 4657 infirmitates
1709 4602 1788 4659 tuas.

43 4708 101 4755 ¹³.
123 4700 182 4743 ¹⁷·
279 4702 422 4783 gerunt,
450 4702 483 4758 et
516 4701 691 4777 posuerunt
718 4713 770 4757 me
798 4695 860 4757 sibi
889 4695 980 4777 quasi
1008 4695 1042 4757 in
1139 4695 1197 4769 Qui
1213 4692 1339 4757 redimit
1353 4693 1392 4755 de
1409 4692 1538 4755 interitu
1555 4692 1653 4757 vitam
1668 4700 1767 4772 tuam,
1790 4693 1844 4775 qui

281 4797 446 4877 signum3
471 4792 681 4857 conciderunt
707 4812 759 4855 me
787 4792 918 4858 vulnere
947 4813 1044 4875 super
1100 4800 1231 4857 coronet
1255 4800 1286 4854 te
1313 4791 1346 4853 iu
1373 4790 1591 4854 misericordia
1613 4799 1645 4854 et
1670 4791 1847 4855 miseratio-

279 4894 426 4972 vulnus,
451 4891 611 4955 irruerunt
634 4891 668 4953 in
692 4910 744 4954 me
767 4892 858 4973 quasi
885 4893 1041 4973 gigantes.
1100 4892 1204 4955 nibus.

279 4990 407 5059 Facies
421 5008 493 5053 mea
506 4989 659 5052 intumuit
678 5009 698 5053 a
716 4989 808 5067 fietu,
824 4998 857 5052 et
874 4990 959 5054 oculi
979 4991 1043 5053 mei
1138 4989 1196 5065 Qui
1222 4989 1321 5070 replet
1345 4988 1379 5049 in
1403 4987 1496 5051 bouis
1515 4986 1710 5051 desiderium
1733 4994 1843 5067 tuum3

281 5089 526 5171 caligaverunt.
1100 5087 1303 5152 renovabitur
1318 5095 1352 5149 ut
1366 5087 1481 5168 aquilae
1494 5086 1646 5168 juventus
1661 5095 1725 5149 tua.

332 5208 369 5263 a.
387 5187 451 5250 Deo
465 5185 592 5268 gratias.
1140 5186 1272 5249 Faeiens
1287 5184 1523 5248 misericordias
1536 5184 1699 5261 Dominus,
1717 5192 1749 5247 et
1762 5182 1846 5264 judi·

38 5338 125 5386 Μ,
144 5322 260 5376 :aw-
332 5306 369 5363 ῃ.
400 5283 467 5364 Ego
493 5283 583 5365 quasi
612 5302 712 5365 agnus
741 5282 896 5348 innocens
928 5285 1043 5347 ductus
1102 5284 1351 5350 eiumomnibus
1366 5282 1517 5364 iujuriam
1532 5282 1735 5365 patientibus.
