4309 6259
681 522 840 571 mrosrrro
854 524 967 570 uisse.
990 541 1030 553 -
1046 524 1123 571 aar.
1145 522 1221 573 xxm
1668 514 1728 577 365

178 711 241 752 nus
268 710 357 762 sues,
388 694 465 753 item
491 693 553 753 tibi
580 696 711 771 pretias
740 714 850 771 aqeus,
880 695 967 756 tae-A
983 694 1074 775 quasi
1088 694 1250 777 obiectum
1265 696 1376 780 ipsius,
1393 697 1545 780 quoniam
1561 698 1642 762 fides
1662 718 1731 763 ver-

58 820 77 861 p.
95 805 164 851 sun
178 790 342 869 ne†di.eit
358 811 370 851 .·
383 808 455 871 qua
476 791 571 853 verba
586 799 658 855 aute
673 792 816 873 exposita
831 801 926 871 sunt3
982 803 1070 857 satur
1084 794 1168 857 circa
1184 796 1266 858 istud
1283 798 1467 879 mysterium
1484 807 1633 881 tanquam
1645 799 1731 862 circa

176 890 331 966 deditque
344 890 517 964 discipulis
531 892 611 960 suis,
626 892 738 950 diceus
752 912 764 950 .·
982 891 1169 972 objectum:
1193 912 1266 956 nam
1289 895 1356 957 sola
1378 894 1443 959 fide
1464 904 1590 959 tenetur
1611 905 1642 959 et
1664 915 1730 960 cre·

215 987 365 1061 Accipite
378 995 409 1046 et
426 988 525 1046 bibite
536 1007 578 1046 eu
591 1007 638 1057 eo,
655 986 687 1049 id
706 996 755 1050 est
773 1007 811 1049 ex
828 988 928 1050 calice
982 990 1067 1052 ditur
1082 989 1141 1052 suh
1156 990 1205 1052 his
1220 992 1426 1055 sensibilibus
1441 993 1551 1057 formis
1571 993 1728 1059 contineri

176 1082 237 1146 isto
260 1083 449 1165 sanguinem
474 1085 668 1161 continente,
695 1106 813 1148 omues.
837 1088 927 1149 Hunc
983 1106 1099 1169 corpus
1122 1096 1154 1151 et
1178 1090 1366 1171 sanguinem
1391 1091 1517 1155 Christi.
1545 1092 1693 1175 Sequitur
1720 1116 1728 1155 ε

175 1199 250 1263 ergo
275 1182 371 1245 ludas
394 1181 514 1245 bibisse
538 1182 672 1245 videtur.
690 1186 754 1246 Hic
772 1195 818 1245 est
839 1188 927 1245 enim
982 1188 1042 1265 qui
1059 1205 1124 1263 pro
1149 1189 1248 1259 vobis,
1274 1188 1397 1251 scilicet
1424 1190 1594 1272 Apostolis‚
1619 1200 1650 1251 et
1667 1210 1730 1269 pro

174 1282 266 1339 eatic
288 1283 463 1357 saupuiuis
490 1282 565 1342 mei.
591 1280 719 1345 Ponitur
746 1281 800 1345 hic
828 1282 928 1345 conti·
981 1286 1108 1355 multis,
1124 1283 1156 1346 id
1171 1293 1219 1347 est
1234 1305 1292 1367 pro
1306 1287 1464 1351 universis
1486 1288 1609 1367 electis,
1626 1296 1731 1368 effun-

175 1396 257 1440 nens
278 1396 336 1460 pro
357 1386 519 1457 conwnto,
535 1387 570 1441 ut
584 1380 627 1442 sit
646 1399 758 1443 sensus
776 1403 783 1441 ε
800 1380 858 1443 liic
879 1389 928 1442 est
980 1384 1081 1442 detur
1106 1384 1144 1443 iu
1173 1386 1394 1446 remissionem
1416 1397 1637 1462 peccatorum,
1666 1395 1730 1451 tam

176 1476 308 1557 sanguis
322 1496 413 1539 mens
434 1496 492 1559 per
511 1478 641 1541 modum
663 1486 756 1561 potus
772 1477 805 1539 in
827 1478 927 1541 calice
981 1478 1184 1561 originalium
1196 1500 1291 1563 quam
1304 1484 1484 1546 actualium.
1494 1483 1628 1568 Sanguis
1639 1486 1731 1569 quip

175 1574 396 1637 exhibituslit
410 1575 515 1656 potius
530 1576 647 1654 dicitu
664 1576 746 1639 calix
761 1576 927 1658 sanguinis
982 1596 1022 1658 pe
1036 1578 1150 1641 Christi
1166 1598 1223 1661 pro
1238 1580 1387 1643 omnibus
1408 1590 1458 1644 est
1478 1581 1615 1662 effusus,
1632 1602 1731 1665 quan-

176 1672 241 1734 mei
258 1696 288 1752 n,
304 1691 399 1754 qnam
414 1674 544 1755 sanguis
564 1692 654 1737 meus
671 1698 678 1737 :
695 1674 846 1755 quoniam
866 1675 927 1738 hoc
982 1682 1048 1736 turn
1076 1676 1116 1737 ad
1146 1675 1397 1757 sufficientiam3
1424 1680 1478 1743 scd
1508 1688 1660 1762 quantum
1690 1682 1729 1744 ad

176 1779 411 1833 sacramentum
436 1772 633 1835 ministratur
657 1781 692 1839 ut
716 1780 810 1855 potus
834 1773 928 1854 spiri·
981 1771 1189 1837 efficientiam
1205 1794 1260 1838 seu
1276 1776 1469 1857 efficaciam,
1487 1796 1545 1860 pro
1560 1779 1637 1844 solis
1651 1798 1730 1861 prae

176 1869 273 1931 tualis
302 1868 437 1947 animm
464 1871 595 1953 sanguis
623 1878 729 1933 antem
759 1889 823 1934 non
848 1871 927 1934 dicit
944 1867 1146 1935 Bdestinatis
1169 1872 1293 1937 effusus
1316 1883 1374 1938 est.

174 1967 296 2048 aliquid
321 1985 378 2048 per
405 1967 533 2030 modum
564 1968 725 2049 potabilis,
751 1969 805 2031 sed
832 1969 924 2031 calix.
1020 1972 1099 2031 ttaee
1126 1974 1386 2053 quotiescumque
1412 1976 1571 2051 feceritis,
1601 1978 1637 2037 in
1667 1980 1731 2039 mei

175 2065 356 2146 Sequitur:
377 2067 645 2127 novieteterni
666 2070 875 2138 Testamenti,
895 2068 927 2130 id
981 2070 1169 2130 messoriam
1194 2072 1334 2146 facietis.
1357 2071 1428 2135 llaeo
1451 2073 1548 2137 verba
1572 2092 1636 2137 non
1660 2094 1731 2157 por-

174 2172 236 2241 est,
252 2164 308 2226 hie
324 2171 373 2226 est
386 2162 467 2226 calix
481 2164 647 2246 sanguinis
662 2165 738 2244 mei,
754 2185 812 2247 per
832 2184 928 2247 quem
983 2164 1085 2227 tinent
1104 2167 1143 2229 ad
1166 2165 1301 2231 formam
1324 2172 1583 2251 consecrationis,
1601 2175 1656 2236 sed
1679 2174 1729 2237 his

177 2261 366 2343 sanguinem
390 2280 509 2324 novum
534 2270 628 2344 atque
651 2272 804 2326 aternum
824 2265 930 2327 Testa·
983 2264 1089 2326 verbis
1104 2273 1158 2326 aut
1173 2266 1331 2330 similibus
1347 2270 1480 2333 contulit
1493 2270 1633 2333 Christus
1648 2272 1730 2355 Apo-

176 2370 324 2424 mentum
353 2360 580 2423 confirmatum
608 2370 657 2425 est
691 2369 723 2425 et
757 2362 927 2425 initiatum.
984 2361 1072 2424 stolis
1101 2372 1334 2427 sacramentum
1364 2366 1501 2446 Ordinis,
1525 2368 1649 2432 faciens
1674 2390 1729 2434 cos

177 2461 415 2523 Testamentum
434 2478 571 2541 namque
589 2468 637 2523 est
656 2460 801 2522 ultimate
824 2461 929 2523 distri-
983 2461 1174 2541 sacerdotes,
1201 2471 1232 2525 et
1259 2464 1460 2527 committens
1485 2467 1531 2530 eis
1555 2453 1748 2532 exsecutioss

32 2559 269 2625 iteremberto
288 2577 345 2619 seu
367 2557 560 2639 dispensatio
579 2558 746 2636 bonomm‚
762 2568 864 2623 morte
885 2568 931 2622 te-
983 2577 1058 2619 nem
1077 2559 1174 2640 hujus
1196 2562 1346 2643 mysterii.

177 2655 307 2719 statoris
330 2654 466 2717 firmata.
488 2654 590 2727 Ouum
615 2674 691 2737 ergo
711 2656 852 2719 Christus
874 2677 931 2739 per

177 2763 316 2818 mortem
334 2761 367 2815 ct
385 2752 573 2834 sanguinem
593 2754 737 2835 corporis
757 2754 819 2833 sui,
837 2755 931 2837 spiri-

176 2853 277 2916 tualia
304 2860 398 2935 atque
426 2851 567 2915 coelestia
595 2852 679 2915 bona
712 2853 805 2916 nobis
834 2853 932 2916 dona·
1158 2823 1403 2890 ARTICULUS
1427 2826 1553 2891 XXIX·

178 2953 274 3030 l'ffl'its
307 2951 420 3015 fflffl'lw
451 2950 534 3013 fides
567 2959 599 3013 et
625 2951 675 3013 ¹0¹
708 2952 778 3033 01⁰¹ss
811 2970 930 3015 ¹¹⁰V¹¹¹¹¹
1001 2974 1049 3033 De
1072 2972 1232 3032 solutione
1252 2978 1473 3051 quarumdam
1497 2979 1711 3055 quaestionum

178 3054 416 3114 Testamentum
430 3050 620 3132 appellatur,
631 3051 716 3132 quod
732 3051 841 3131 utique
855 3068 930 3114 con·
945 3048 968 3111 C
1215 3064 1304 3123 circa
1319 3066 1493 3139 predicta,

177 3150 343 3212 firmatum
357 3154 408 3210 est
421 3157 522 3211 morte
543 3148 730 3211 mediatoris
744 3148 799 3211 Dei
821 3156 854 3211 et
874 3150 930 3212 bo-

171 3248 316 3325 minum,
338 3246 412 3309 lesu
432 3246 559 3309 Christi.
583 3246 704 3309 Dicitur
725 3264 850 3328 quoquo
872 3248 929 3310 Te·
1046 3249 1167 3309 Arne
1181 3248 1298 3323 pterim
1322 3250 1484 3311 detectis
1506 3254 1661 3327 spiritum
1680 3274 1730 3315 sa·
1743 3278 1883 3335 eptem,

175 3354 371 3409 stamentum
386 3346 446 3409 hoc
461 3364 593 3424 nevum,
609 3352 676 3407 tum
691 3346 766 3427 quia
786 3346 819 3408 in
834 3346 928 3409 Coena
1057 3346 1193 3421 ptenu'oe
1214 3346 1250 3405 iu
1274 3348 1442 3423 equitique
1460 3350 1543 3426 ejus,
1562 3361 1599 3411 ut
1619 3355 1730 3416 scietis
1744 3344 1778 3386 ¹⁸·

174 3445 311 3527 incepit,
331 3452 399 3507 tum
420 3445 570 3526 quoniam
595 3452 783 3507 vetustatem
807 3444 929 3527 peccati
983 3443 1113 3522 quaesit
1134 3460 1203 3517 spes
1222 3444 1398 3503 vocationis
1417 3455 1540 3507 vestre.
1557 3447 1646 3512 Circa
1667 3450 1731 3514 for·

174 3544 265 3607 delet
279 3551 312 3605 et
325 3542 359 3604 in
373 3543 546 3607 novitatem
566 3542 766 3624 spiritualem
786 3544 927 3623 adducit,
983 3558 1068 3602 mam
1089 3538 1336 3601 consecrationis
1356 3542 1519 3622 sanguinis
1534 3543 1659 3625 Christi,
1676 3548 1731 3612 do

49 3656 159 3707 rems.
175 3649 336 3723 quatenus
365 3648 534 3703 renovetur
561 3647 595 3701 ut
630 3640 744 3721 aquilas
776 3640 928 3721 juventus
984 3646 1088 3700 oteres
1102 3636 1228 3699 diversa
1240 3636 1361 3718 opinati
1377 3648 1461 3701 sunt.
1477 3640 1624 3706 hibertus
1643 3646 1729 3709 enim

30 3754 161 3807 rmum
175 3747 301 3817 nostra,
327 3744 359 3801 et
387 3736 563 3800 secundum
589 3736 788 3819 Apostolum,
814 3738 847 3800 in
873 3756 930 3801 ne·
983 3743 1016 3798 et
1037 3735 1193 3797 ilenricus
1216 3735 1254 3797 de
1279 3733 1428 3799 Candavo
1449 3737 1625 3819 affirmant,
1645 3744 1730 3823 quod

174 3839 278 3901 vitate
301 3837 375 3899 vitae
397 3834 607 3898 ambulemus.
630 3835 749 3897 [licitur
770 3836 845 3899 item
868 3838 928 3901 hoc
984 3833 1066 3895 sicut
1091 3833 1129 3895 ad
1155 3832 1427 3897 consecrationem
1452 3838 1594 3918 corporis
1615 3840 1729 3903 Christi

174 3944 404 3999 testamentum
432 3932 548 3997 Christi
577 3940 742 4014 aeternum,
766 3953 830 3998 non
855 3936 929 4015 quia
984 3931 1153 3994 sufiiciunt
1167 3930 1264 3994 verba
1279 3930 1350 4011 ista,
1366 3932 1431 3996 lloc
1446 3943 1494 3996 est
1514 3936 1600 3999 enim
1616 3956 1732 4021 corpus

171 4036 221 4098 ab
235 4041 354 4096 aeterno
368 4030 439 4111 fuit,
457 4032 508 4093 vel
523 4050 541 4093 a
555 4030 714 4113 principio
728 4033 851 4111 mundi,
867 4034 929 4095 nisi
984 4050 1112 4106 meum;
1133 4029 1179 4091 sic
1202 4030 1242 4091 ad
1267 4032 1540 4096 consecrationem
1566 4037 1732 4118 sanguinis

172 4134 212 4195 in
232 4129 507 4213 predestinatione
529 4129 638 4191 divina
657 4128 929 4210 prefiguratione
984 4127 1108 4191 sufficit
1131 4128 1235 4190 dicere
1263 4150 1270 4188 ι
1293 4127 1351 4191 llic
1376 4138 1424 4192 est
1447 4130 1533 4193 enim
1555 4133 1637 4196 calix
1662 4154 1733 4197 san-

171 4250 242 4314 que
260 4228 405 4311 mystica,
426 4228 482 4291 sed
507 4228 584 4308 quia
603 4246 766 4308 nunquam
786 4228 926 4307 deficiet,
943 4230 969 4292 D
984 4226 1090 4307 guinis
1126 4224 1200 4287 mei.
1231 4224 1303 4299 Qum
1331 4235 1436 4289 autem
1472 4240 1657 4313 sequuntur,
1687 4234 1733 4296 vi-

172 4347 242 4392 nee
256 4326 341 4389 aliud
355 4326 385 4388 ei
399 4333 624 4389 testamentum
644 4328 804 4406 succedet,
821 4346 930 4408 quem·
984 4323 1110 4400 delicet,
1131 4321 1210 4385 Novi
1232 4331 1263 4385 et
1282 4325 1392 4386 salerni
1412 4325 1615 4408 Testamenti,
1632 4349 1733 4411 usque

172 4425 352 4490 admodum
380 4422 480 4487 reteri
509 4424 710 4488 Testamenta
740 4424 789 4487 lex
814 4425 928 4489 Christi
985 4420 1041 4497 ibi,
1063 4421 1135 4483 llaec
1159 4420 1421 4501 quotiescumque
1444 4420 1595 4503 feceritis,
1621 4427 1733 4491 dicunt

172 4522 336 4588 successit
369 4531 401 4585 et
426 4521 505 4584 illud
535 4522 711 4585 evacuavit.
743 4521 890 4603 Sequitur
920 4546 927 4586 ε
984 4537 1054 4581 esse
1082 4518 1273 4600 expositoria
1301 4518 1524 4599 praedictorum
1549 4524 1730 4591 verborum.

170 4623 376 4701 mysterium
388 4622 481 4698 fidei,
497 4619 529 4681 id
545 4626 593 4681 est
607 4628 764 4682 secretum
778 4627 810 4683 et
824 4620 930 4683 occul·
983 4617 1055 4679 Haec
1070 4623 1119 4678 est
1133 4613 1254 4677 Alberti
1270 4616 1379 4698 opinio
1399 4616 1433 4679 in
1447 4619 1588 4700 Summa,
1605 4622 1645 4685 de
1665 4643 1734 4689 cor-

171 4719 342 4785 tissimum
373 4718 406 4779 in
431 4716 497 4779 fide
521 4716 703 4781 christiane.
730 4717 817 4791 Quod
842 4718 929 4781 enim
984 4733 1060 4795 pore
1079 4712 1211 4791 Christi;
1231 4722 1450 4777 verumtamen
1471 4736 1566 4801 super
1585 4732 1731 4801 quartum

173 4818 239 4883 sub
255 4816 360 4879 forma
380 4814 448 4878 vini
470 4814 512 4877 sit
534 4814 662 4896 sanguis
682 4816 810 4894 Christi,
827 4836 930 4879 secre-
984 4811 1218 4876 Sententiarum
1247 4812 1364 4875 librum
1399 4813 1510 4877 scribit
1537 4819 1729 4900 oppositum.
1745 4848 1797 4893 ma,
1821 4862 1866 4894 a...

173 4927 250 4982 tum
278 4922 325 4976 est
343 4913 446 4993 valde,
466 4922 498 4976 et
519 4913 607 4975 omni
629 4912 802 4976 intellectui
823 4924 930 4978 creato
985 4912 1119 4974 Thomas
1136 4929 1212 4973 vero
1228 4910 1328 4973 etalii
1348 4921 1504 4993 asserunt,
1522 4918 1604 4996 quod
1624 4920 1731 4983 omnia

175 5011 507 5094 incomprehensibile
529 5034 537 5071 z
558 5010 635 5088 ime,
652 5013 826 5075 secundum
848 5014 930 5095 AEgi-
984 5012 1051 5073 hee
1079 5018 1154 5072 sunt
1187 5010 1227 5072 de
1255 5009 1358 5073 forma
1386 5014 1632 5078 consecrationis
1661 5036 1732 5079 san-

175 5116 275 5179 dium
293 5111 333 5173 de
351 5110 460 5187 Roma,
481 5108 586 5190 angeli
606 5110 707 5172 saneti
730 5110 791 5172 hoc
816 5130 930 5193 capere
985 5109 1103 5191 guinis,
1119 5128 1220 5189 usquc
1237 5108 1293 5187 ibi,
1310 5109 1381 5173 ttaee
1403 5111 1664 5195 quotiescumque
1686 5116 1732 5179 fc-

175 5218 358 5295 nequeunt.
378 5208 443 5271 lloc
469 5225 543 5289 ergo
566 5208 732 5288 sanguinis
752 5227 931 5273 sacramen·
985 5208 1093 5271 ceritis
1115 5230 1121 5269 :
1143 5206 1219 5288 quia
1242 5206 1310 5270 hsac
1334 5208 1441 5288 verba,
1465 5208 1543 5273 Novi
1567 5219 1599 5273 et
1621 5214 1730 5276 aeterni

175 5322 252 5376 tum
273 5316 322 5371 est
342 5305 502 5389 quoddam
516 5326 534 5364 c
549 5304 733 5387 mysterium
755 5304 833 5369 fidei
853 5328 883 5386 a,
900 5316 931 5370 et
985 5305 1191 5386 Testamenti,
1228 5313 1303 5385 etc,
1339 5312 1414 5368 sunt
1452 5306 1730 5375 determinationes
