4309 6259
101 2378 147 2406 aa
174 2376 242 2414 vm.
307 2339 524 2421 Antl’roprio
534 2339 612 2403 Filio
626 2358 684 2403 suo
698 2358 763 2403 non
776 2340 918 2422 pepercit
932 2342 1015 2404 Deus

816 500 908 547 nona
927 500 967 547 oa
987 500 1135 549 rasarone
1157 501 1263 549 nourru
1753 484 1813 553 325

1328 677 1555 737 Psalmus12.

1108 771 1286 852 Usquequo,
1298 770 1441 851 Domine,
1452 770 1647 835 oblivisceris
1662 792 1713 836 me
1728 774 1761 835 in
1775 774 1814 836 li·
1827 796 1957 851 roxane.

308 868 386 943 Quia
404 867 482 931 lecit
502 868 581 930 milri
606 886 722 950 magna
746 868 801 949 qui
821 878 934 951 potens
953 874 1012 947 est,
1068 869 1335 951 nemlUsquequo
1350 869 1465 933 avertis
1480 869 1595 933 laciem
1609 878 1696 933 tuam
1712 890 1730 933 a
1745 874 1813 935 met

264 975 301 1029 et
321 974 467 1029 sanctum
489 984 606 1029 nomen
628 967 710 1049 ejus.
1108 967 1261 1042 Quamdiu
1277 986 1393 1049 ponam
1409 966 1541 1030 consilia
1555 967 1588 1030 in
1603 969 1709 1032 annua
1729 988 1812 1047 mea,

307 1065 346 1128 llt
359 1065 579 1144 misericordia
598 1066 670 1147 ejus
683 1086 702 1129 a
716 1066 868 1148 progenie
887 1066 921 1129 in
942 1086 1014 1150 pro-
1068 1064 1210 1129 dolorem
1226 1065 1259 1127 in
1274 1065 1369 1128 corde
1384 1084 1456 1129 meo
1471 1085 1528 1148 per
1542 1066 1647 1128 diemt

263 1162 390 1244 genias,
413 1161 599 1225 timentibus
619 1182 704 1226 eum.
1108 1162 1276 1244 Usquequo
1291 1163 1478 1226 exaltabitur
1492 1163 1638 1227 inimicus
1653 1183 1743 1227 meus
1764 1184 1815 1227 su-

308 1261 395 1323 lecit
408 1260 583 1343 potentiam
596 1261 631 1323 in
645 1260 776 1325 brachio
795 1279 853 1325 suo
870 1284 877 1323 ε
893 1262 1014 1345 disper·
1068 1281 1127 1344 per
1150 1264 1222 1325 mel
1246 1261 1379 1343 Respice
1404 1270 1436 1325 et
1459 1262 1571 1325 exaudi
1595 1281 1658 1340 me,
1682 1261 1814 1327 Domine

263 1358 312 1420 sit
332 1359 485 1439 superbos
505 1368 613 1422 mente
634 1360 740 1423 cordis
760 1360 821 1421 sui.
1015 1396 1020 1403 -
1068 1360 1151 1423 Deus
1172 1378 1273 1423 meus.

308 1456 459 1539 Deposuit
479 1465 624 1539 potentes
648 1458 687 1521 de
712 1458 798 1536 sede,
813 1466 846 1521 et
866 1458 1015 1521 exaltavit
1108 1458 1255 1520 lllumina
1268 1457 1378 1521 oeulos
1393 1475 1481 1521 meos
1495 1476 1536 1521 ne
1551 1458 1815 1538 unquamobdor-

263 1554 417 1618 humiles.
1069 1556 1165 1619 miam
1180 1555 1213 1617 iu
1227 1564 1373 1633 mortem,
1385 1555 1551 1636 nequando
1567 1554 1652 1618 dicat
1666 1555 1814 1619 inimicus

306 1654 490 1717 Esurientes
509 1654 654 1735 implevit
672 1654 777 1735 bonis,
792 1663 825 1717 et
838 1655 953 1719 divites
967 1656 1015 1719 di·
1069 1674 1159 1717 meus
1176 1678 1183 1716 :
1199 1653 1351 1717 Praevalui
1370 1653 1523 1715 adversus
1542 1672 1627 1716 cum.

263 1752 357 1815 misit
378 1753 499 1816 inanes.
1107 1753 1162 1828 Orsi
1174 1753 1323 1815 tribulant
1338 1771 1389 1814 me
1400 1752 1608 1830 exsultabunt,
1617 1752 1642 1815 si
1658 1762 1760 1817 motus
1770 1752 1816 1816 lu

308 1851 455 1932 Suscepit
473 1850 569 1914 lsrael
592 1870 726 1933 puemm
748 1871 852 1932 suum,
870 1854 1015 1917 recorda·
1032 1854 1054 1916 Β
1069 1870 1138 1928 cro3
1148 1871 1206 1933 ego
1221 1860 1324 1913 autem
1339 1850 1371 1913 in
1386 1850 1598 1914 misericordia
1613 1859 1665 1913 tua
1680 1852 1814 1932 speravi.

262 1958 321 2011 tus
341 1948 567 2013 misericordiae
589 1968 665 2012 suaa.
1110 1950 1284 2013 Exsnl‘tabit
1312 1966 1499 2012 cormeum
1526 1948 1558 2011 in
1584 1949 1712 2012 salutari
1737 1958 1813 2028 tu0;

307 2047 398 2110 Sicut
411 2046 535 2110 locutus
548 2055 597 2110 est
610 2048 649 2110 ad
661 2054 767 2129 patres
778 2048 1015 2126 nostros,dbra-
1070 2049 1204 2113 cantabo
1222 2048 1355 2112 Domino
1374 2047 1428 2129 qui
1449 2048 1532 2109 bona
1552 2047 1660 2110 tribuit
1680 2047 1767 2125 mihi,
1784 2056 1816 2110 et

262 2145 344 2207 ham
365 2152 398 2206 et
418 2144 533 2207 semini
554 2145 625 2227 ejus
647 2144 680 2207 in
702 2146 828 2209 saecula.
1069 2147 1204 2229 psallam
1219 2146 1339 2210 nomini
1355 2144 1479 2209 Domini
1495 2144 1653 2209 altissimi.

308 2242 414 2306 Gloria
428 2243 521 2305 Patri.
1109 2243 1216 2308 Gloria
1229 2242 1323 2305 Patri.

1110 2346 1190 2405 Ant.
1221 2342 1303 2405 Hora
1330 2340 1433 2405 Coenae
1462 2339 1621 2403 discubuit
1653 2340 1754 2420 lesus,
1785 2347 1817 2403 et
1843 2364 1897 2409 aaa.
1912 2376 1963 2415 uo,

263 689 342 734 ecce
363 671 450 734 enim
472 691 510 734 eu
529 672 592 737 boc
612 672 736 735 beatam
757 691 809 735 me
829 671 938 737 dicent
950 673 1053 736 om-rl

264 789 326 833 nes
346 770 580 852 generationes.

263 2438 371 2515 Pater,
392 2438 447 2501 sed
471 2456 529 2519 pro
553 2438 700 2501 omnibus
723 2439 814 2502 nobis
834 2439 960 2501 tradidit
979 2438 1015 2502 il·
1069 2440 1239 2504 duodecim
1263 2438 1404 2521 Apostoli
1433 2457 1506 2501 cum
1536 2454 1594 2516 e03
1625 2446 1657 2501 et
1684 2438 1728 2500 ait
1755 2437 1816 2501 illis
1834 2430 1865 2480 Η·
1882 2430 1915 2471 ¹⁵·

263 2537 337 2599 lum
364 2560 371 2598 :
397 2536 555 2618 quomodo
583 2537 678 2599 etiam
706 2554 770 2600 non
794 2537 901 2600 omnia
924 2538 1015 2601 nobis
1069 2540 1160 2601 lesus
1187 2562 1194 2599 :
1222 2536 1381 2601 Desiderio
1407 2535 1583 2599 desideravi
1611 2535 1671 2599 hoe
1700 2536 1818 2616 pascha

265 2654 345 2698 cum
358 2633 414 2698 illo
427 2634 577 2698 donavitt

308 2744 344 2796 t.
360 2731 504 2812 Domine,
521 2734 644 2812 exaudi,
661 2742 718 2795 etc.

308 2850 343 2906 n.
360 2830 398 2893 Et
412 2831 533 2893 clamor
547 2850 649 2908 meus,
665 2839 722 2894 etc.

571 2928 714 2992 Oramus.

310 3029 394 3091 Deus
407 3028 646 3109 incamate,per
661 3036 718 3090 mat
733 3036 763 3089 te
777 3028 910 3090 obsecro
924 3028 1017 3090 bene
1034 3028 1057 3092 G

265 3127 363 3189 dictas
382 3132 477 3207 atque
501 3124 678 3209 purissimae
701 3124 926 3188 incarnationis
951 3145 1017 3208 my-

262 3224 413 3304 sterium,
439 3242 497 3303 per
520 3224 615 3287 totius
638 3224 709 3287 vitra
734 3231 794 3286 tuae
818 3223 1016 3286 sanctitatem

260 3343 305 3386 ac
333 3322 490 3400 meritum,
518 3340 576 3403 per
599 3330 685 3385 tuam
709 3339 835 3403 quoque
860 3321 1017 3384 amarissi-

262 3440 355 3485 mam
378 3428 525 3499 mortem,
550 3427 582 3483 et
604 3428 666 3483 tusa
694 3419 884 3482 dulcissima
911 3419 1016 3482 ldatris

259 3519 487 3583 fidelissimam
511 3518 776 3599 compassionem,
795 3518 828 3580 in
852 3536 915 3599 qua
939 3526 1015 3581 tune

261 3618 362 3681 dolor
385 3615 626 3698 parturientium
650 3615 880 3697 duplicabatur,
901 3623 936 3677 ut
958 3634 1016 3678 nos

259 3726 298 3779 te
319 3715 414 3796 digne
433 3712 549 3775 imitari
573 3714 740 3794 concedas,
757 3732 878 3794 nosque
896 3714 929 3774 in
949 3732 1017 3776 om-

260 3816 363 3879 nibus
382 3832 509 3895 semper
522 3829 711 3875 conservare
733 3830 770 3875 ac
791 3811 952 3893 possidere
970 3811 1017 3873 di·

259 3912 387 3998 gneris.
404 3910 461 3985 Qui
476 3911 568 3977 vivis,

306 4026 342 4075 t.
359 4012 503 4088 bomine,
520 4008 644 4089 exaudi,
659 4018 719 4069 etc.

307 4131 343 4185 rs.
359 4109 398 4171 Et
412 4110 533 4172 clamor
547 4126 649 4187 meus,
665 4116 723 4166 etc.

305 4221 343 4273 t.
359 4208 588 4271 benedicamus
603 4204 746 4268 Domino.

308 4328 345 4382 ra.
361 4307 425 4369 Deo
439 4306 566 4387 gratias.

308 4418 345 4467 t.
361 4405 481 4467 Animas
494 4403 638 4467 omnium
653 4400 807 4479 fidelium,
824 4412 881 4463 etc.

426 4548 489 4620 An
518 4547 859 4621 Cournnronruar.

309 4702 389 4777 Ave,
405 4697 641 4781 benignissime,
659 4707 716 4758 etc.

234 4862 244 4881 ,
313 4810 347 4861 t.
365 4798 518 4861 Converte
533 4814 604 4875 nos,
620 4796 703 4858 Deus
719 4794 864 4857 salutaris
879 4802 996 4858 noster.

311 4918 346 4972 ra.
363 4896 402 4959 Et
415 4903 522 4959 averte
537 4894 617 4957 iram
631 4901 718 4956 tuam
733 4912 752 4956 a
767 4893 868 4956 nobis.

312 5007 346 5058 t.
364 4996 458 5071 Deus,
475 4993 508 5055 in
523 4991 728 5075 adjutorium,
744 5002 802 5053 etc.

310 5114 345 5169 a.
362 5091 505 5170 Domina,
521 5092 561 5153 ad
576 5090 804 5173 adjuvandum,
820 5100 877 5152 etc.

312 5205 345 5257 r.
362 5190 470 5257 Gloria
483 5189 577 5252 Patri.

309 5296 393 5356 Ant.
410 5289 494 5353 flora
507 5288 621 5353 Coenae.

1069 2636 1262 2699 manducare
1283 2634 1459 2713 vobiscum,
1475 2641 1644 2715 antequam
1667 2633 1777 2716 patiar.

1362 2735 1525 2809 Hymnus.

1211 2832 1283 2894 lesu
1298 2837 1407 2893 nostra
1421 2827 1608 2911 redemptio,

1190 2930 1287 2991 Amor
1301 2935 1333 2990 et
1348 2926 1540 2990 desiderium
1553 2949 1561 3003 3

1191 3028 1274 3090 Deus
1289 3034 1411 3089 creator
1425 3025 1578 3105 omnium,

1191 3126 1291 3189 Homo
1305 3124 1337 3185 in
1352 3122 1418 3187 line
1434 3131 1625 3206 temporum.
1733 3116 1735 3119 ’

1211 3223 1284 3298 Quae
1299 3230 1329 3285 te
1345 3220 1421 3285 vicit
1436 3222 1616 3301 clementia,

1192 3320 1230 3383 Ut
1245 3320 1344 3383 ferres
1359 3327 1466 3383 nostra
1482 3318 1635 3381 eliminat

1192 3418 1358 3481 Crudelem
1373 3425 1506 3480 mortem
1521 3416 1690 3494 sustinens,

1191 3518 1230 3580 Ut
1244 3534 1302 3579 nos
1317 3534 1336 3577 a
1350 3522 1451 3577 morte
1466 3514 1604 3577 tolleres.

1211 3612 1330 3677 Inferni
1346 3613 1483 3675 claustra
1497 3619 1676 3693 penetrans,

1192 3714 1275 3776 Tuos
1290 3710 1431 3792 captivos
1447 3709 1616 3786 redimens,

1193 3810 1299 3873 Victor
1313 3807 1476 3890 triumpho
1491 3806 1603 3885 nobili,

1191 3910 1237 3972 Ad
1253 3907 1350 3971 Patris
1365 3907 1506 3969 dextram
1522 3905 1672 3969 residens.

1176 4045 1181 4059 ·
1212 4008 1283 4089 lpsa
1297 4014 1328 4069 te
1343 4013 1435 4087 cogat
1449 4004 1560 4085 pietas,

1191 4106 1230 4168 Ut
1245 4104 1327 4168 mala
1343 4112 1450 4167 nostra
1465 4122 1596 4185 superes

1191 4202 1364 4281 Parcendo,
1381 4210 1413 4266 et
1427 4202 1491 4265 voti
1507 4208 1669 4283 compotes

1193 4301 1255 4365 Nos
1271 4310 1324 4365 tuo
1339 4300 1429 4364 vultu
1444 4300 1550 4363 saties.

1214 4400 1305 4480 lane,
1322 4400 1433 4478 honor,
1451 4398 1564 4477 virtus,
1580 4396 1691 4480 gloria,

1193 4499 1256 4562 Deo
1271 4497 1352 4559 Patri
1367 4504 1399 4558 et
1414 4496 1503 4573 Filio,

1194 4596 1309 4659 Sancto
1324 4594 1417 4657 simul
1432 4592 1602 4672 Paracleto,

1193 4694 1228 4755 ln
1244 4692 1437 4773 sempiterna
1452 4691 1577 4753 saecula.
1594 4691 1706 4752 Amen.

1346 4792 1544 4866 Capitulum.

1114 4891 1229 4955 Fidelis
1259 4908 1364 4955 sermo
1392 4897 1424 4953 et
1449 4888 1537 4952 omni
1566 4887 1964 4971 acceptionedi-rrrm„1a,

1074 5010 1167 5073 gnus,
1188 4990 1262 5072 quia
1286 4989 1425 5051 Christus
1450 4988 1541 5055 lesus
1566 4987 1709 5050 venitin
1734 4987 1820 5051 hunc

1074 5090 1229 5152 mundum
1244 5094 1427 5170 peccatores
1442 5086 1546 5149 salvos
1561 5084 1820 5168 facere,quormn

1075 5188 1196 5272 primus
1216 5204 1275 5268 ego
1291 5205 1373 5249 sum.

1118 5306 1150 5362 n.
1166 5286 1231 5349 Deo
1245 5284 1370 5367 gratias.
