4309 6259
526 504 682 551 exrostrro
704 503 801 551 utlltl
825 510 833 548 :
855 502 993 562 GHMSTE,
1015 504 1066 560 Qut
1086 504 1145 551 tux
1165 504 1202 551 lis
1222 503 1260 550 n
1281 504 1348 551 bles
1651 487 1711 551 {29

167 678 227 733 tote
255 677 398 753 tempore
427 673 583 736 incolatus
618 674 793 755 praesentis,
823 674 907 755 quod
924 676 950 737 A
966 674 1062 754 sinas,
1088 683 1121 738 et
1147 675 1235 737 alibi.
1261 675 1349 738 Unde
1377 682 1409 737 et
1435 674 1556 756 Sponsa
1582 676 1708 755 latetur,

165 778 261 831 toturn
283 787 346 833 nox
370 778 419 833 est
442 772 675 853 comparatione
699 772 762 834 diei
787 772 910 835 eterni·
964 773 1074 837 dicens
1098 773 1131 834 in
1154 773 1291 836 Canticis
1317 796 1323 834 :
1349 773 1415 854 Ego
1442 772 1577 851 dormio,
1602 780 1633 835 et
1656 790 1711 835 cor
1725 796 1854 848 cretea

167 866 232 927 tatis
247 885 284 929 ac
299 866 431 930 luminis
445 868 564 950 gloriae,
581 869 756 950 presertim
779 869 909 931 luminis
964 889 1071 933 meum
1088 870 1209 953 vigilat.

165 964 290 1027 increati
312 985 349 1028 ac
371 986 436 1029 suaa
457 966 613 1031 beatificas
635 968 806 1031 fruitionis.
1003 973 1148 1030 Dextera
1169 978 1239 1037 tua,
1255 968 1287 1030 id
1306 975 1355 1030 est
1372 966 1511 1049 gratiosa
1529 965 1713 1029 adsistentia

201 1066 253 1123 Sit
274 1066 364 1123 nobis
385 1066 472 1125 irate
493 1069 633 1145 requies,
654 1066 686 1129 id
710 1074 759 1129 est
783 1066 908 1147 requies
964 1073 1028 1145 tua,
1050 1076 1214 1143 proteget,
1237 1065 1320 1127 sicut
1341 1065 1407 1145 jam
1433 1064 1466 1126 in
1490 1064 1593 1145 primo
1618 1082 1712 1127 versu

165 1160 313 1239 ordinata,
324 1161 382 1224 tibi
399 1171 540 1245 accepta,
552 1163 676 1244 requies
691 1182 818 1245 quoque
834 1182 910 1226 con·
965 1162 1074 1244 hymni
1102 1163 1200 1243 hujus
1228 1162 1290 1224 luit
1316 1162 1493 1244 expositum
1518 1162 1617 1241 (unde
1644 1170 1713 1225 orat

165 1257 376 1339 templationis
392 1261 436 1322 tui
458 1268 489 1323 et
511 1260 747 1343 tranquillitatis
763 1261 905 1339 internae,
965 1260 1129 1323 Psalmista
1155 1286 1162 1322 :
1189 1261 1214 1322 A
1242 1260 1463 1323 resistentibus
1489 1260 1625 1323 dexterae
1652 1268 1713 1323 tuat
1725 1287 1765 1330 aa,
1779 1299 1822 1335 m,
1836 1288 1856 1328 a.

166 1358 286 1436 requies
307 1358 403 1420 etiam
429 1360 601 1441 corporalis
623 1360 853 1441 repausationis
877 1368 909 1423 et
966 1359 1090 1423 custodi
1109 1379 1160 1422 me
1179 1368 1214 1421 ιιι
1233 1359 1386 1442 pupillam
1406 1358 1503 1437 oculi,
1519 1357 1578 1421 snb
1600 1357 1715 1421 umbra

165 1454 263 1517 somni
289 1456 521 1536 convenientis,
543 1476 594 1535 ne,
617 1466 652 1519 ut
675 1458 708 1519 in
729 1458 848 1540 hymno
868 1457 907 1520 ad
966 1458 1087 1520 alarum
1103 1466 1227 1521 tuarum
1249 1467 1379 1541 protege
1394 1459 1469 1536 me),
1484 1459 1627 1533 famulos
1642 1465 1713 1519 tuos

63 1588 79 1628 p.
93 1573 150 1615 nra
164 1552 314 1634 Vesperas
335 1562 383 1615 est
403 1563 558 1635 rogatum,
579 1556 679 1617 hostis
701 1556 801 1618 invidi
823 1556 907 1633 dolo,
967 1558 1027 1634 qui
1048 1565 1077 1615 te
1091 1558 1250 1631 diligunt,
1266 1556 1325 1619 hoc
1347 1564 1395 1618 est
1415 1573 1526 1617 omnes
1548 1555 1713 1635 utriusque

164 1670 260 1733 pavor
278 1652 404 1733 quietos
429 1652 570 1733 suscitet,
592 1654 701 1735 sicque
723 1653 802 1717 illud
823 1655 910 1717 lsaiae
967 1672 1058 1715 sexus
1073 1652 1198 1732 lideles,
1211 1662 1248 1715 ut
1261 1655 1389 1717 nomine
1405 1652 1516 1716 lamuli
1532 1653 1713 1734 designetur

45 1773 56 1814 ι
55 1785 117 1820 ιιιιιιιι
121 1749 330 1830 ιι.ιιιιριεειιιι
352 1751 385 1811 in
407 1750 549 1831 quolibet
570 1760 714 1815 nostrum
732 1776 738 1813 :
756 1752 909 1833 Requiem
966 1768 1030 1813 non
1052 1770 1156 1829 serus,
1178 1752 1233 1813 sed
1254 1751 1413 1813 servitus:
1430 1770 1552 1830 omnes,
1569 1752 1711 1833 inquam,

162 1846 249 1909 dabit
282 1847 339 1909 tibi
370 1848 532 1929 Dominus,
564 1857 596 1912 et
628 1849 775 1932 implebit
805 1850 910 1931 splen·
928 1846 951 1909 B
968 1872 985 1907 a
1000 1850 1054 1929 qui
1068 1858 1099 1911 te
1113 1849 1251 1930 diligunt
1265 1872 1282 1909 a
1296 1849 1426 1911 caritate
1441 1849 1606 1929 inlusa,ne
1621 1858 1714 1911 ruant

162 1944 290 2007 doribus
318 1946 458 2009 animam
487 1956 584 2009 tuam.
611 1951 760 2017 Quietem
787 1958 910 2008 noctem
968 1945 1000 2006 in
1016 1946 1143 2027 culpam
1164 1946 1341 2024 mortalem,
1357 1964 1422 2025 qua
1437 1946 1600 2008 caritatem
1622 1947 1714 2009 amit

163 2044 281 2113 tribue,
303 2050 338 2105 ut
358 2062 418 2107 nec
440 2044 576 2126 propriis
598 2044 772 2125 phantasiis
796 2043 910 2127 ineptis
967 2050 1044 2122 tant,
1061 2061 1164 2124 neque
1186 2043 1218 2104 in
1241 2042 1410 2121 venialem,
1433 2045 1544 2107 saltem
1567 2044 1714 2125 trequen-

163 2159 220 2202 nec
235 2141 377 2204 hostiurn
392 2140 558 2204 fraudibus
574 2142 798 2223 inquietamur.
968 2148 1043 2218 tem,
1068 2160 1132 2222 qua
1158 2139 1298 2203 caritatis
1326 2140 1569 2205 minorationem
1596 2160 1633 2203 ac
1661 2142 1715 2203 de·

92 2266 93 2269 ¹
200 2240 252 2302 Ne
272 2242 386 2316 pravis
411 2260 542 2300 somnae
563 2242 687 2311 irruat,
710 2239 741 2302 id
764 2248 823 2321 εει,
846 2259 910 2303 non
967 2238 1177 2302 bilitationem
1193 2239 1503 2319 sustineant,imo,te
1517 2246 1713 2321 protegente,

163 2337 254 2399 cadat
276 2337 309 2398 in
334 2355 393 2400 nos
418 2356 549 2401 somnus
574 2338 810 2419 immoderatus,
834 2347 912 2403 tota-
967 2336 1000 2397 in
1033 2356 1072 2400 ea
1104 2345 1249 2399 crescant
1281 2337 1443 2419 quotidie,
1474 2338 1525 2400 vel
1554 2360 1571 2397 ι
1601 2336 1656 2418 qui
1684 2345 1715 2399 tc

163 2434 231 2497 liter
253 2435 434 2517 deprimens
455 2444 594 2499 mentem
617 2436 656 2499 ab
676 2438 851 2501 elevatione
871 2438 910 2501 ad
967 2434 1143 2517 diligunt»
1167 2435 1303 2498 naturali
1326 2454 1445 2514 amore,
1471 2453 1551 2517 quos
1575 2434 1715 2517 digneris

162 2532 272 2611 Deum,
294 2534 471 2615 impediens
495 2553 565 2597 eam
591 2534 629 2597 ad
656 2542 791 2618 tompus,
814 2536 910 2597 etiam
967 2534 1060 2613 tueri,
1081 2554 1122 2597 ne
1142 2534 1175 2595 in
1199 2533 1326 2596 mortali
1351 2542 1501 2595 maneant
1522 2552 1560 2596 ac
1585 2542 1717 2615 pereant

162 2639 231 2711 post
261 2630 511 2712 evigilationem,
540 2632 585 2695 ita
613 2642 647 2695 ut
675 2652 734 2695 nec
762 2632 826 2696 cito
850 2653 910 2697 nec
968 2632 1072 2714 culpa,
1090 2631 1145 2694 sed
1160 2632 1305 2714 protinus
1321 2632 1516 2713 poenitendo,
1529 2640 1716 2713 supernatu-

161 2746 238 2809 pure
267 2748 372 2809 neque
400 2729 537 2793 faciliter
564 2732 665 2812 possit
689 2752 722 2793 se
747 2733 787 2794 ad
812 2732 911 2795 Deum
968 2730 1065 2791 ralem
1088 2730 1132 2792 tui
1153 2748 1304 2809 amorem,
1321 2730 1444 2792 scilicet
1465 2730 1639 2808 caritatem,
1662 2730 1716 2793 ob

162 2828 282 2908 erigere
308 2837 339 2890 et
360 2829 399 2891 de
419 2830 603 2910 gravamine
625 2831 728 2893 somni
750 2850 787 2895 ac
812 2832 913 2914 phan-
969 2828 1102 2890 tineent.

162 2925 248 2987 lasiis
270 2934 438 3005 excutere3
459 2948 516 2987 nec
536 2930 636 2989 bostis
657 2950 714 2990 reos
734 2932 910 3007 subripiat,
1007 2928 1167 3003 Defensor
1194 2937 1316 2997 noster,
1341 2926 1395 3008 qni
1425 2926 1528 2989 eisin
1556 2926 1714 2991 Psalmo:
1783 2949 1802 3004 5

160 3022 191 3085 id
217 3032 277 3103 est,
304 3025 341 3087 ad
366 3024 479 3087 illicita
503 3044 560 3089 nos
585 3045 649 3089 non
673 3028 785 3110 rapiat,
808 3028 907 3107 fallat,
926 3026 948 3089 C
969 3024 1003 3086 ln
1018 3023 1071 3087 via
1085 3026 1145 3087 hac
1159 3044 1222 3106 qua
1242 3024 1407 3106 gradieris,
1424 3024 1560 3088 lirmabo
1576 3034 1717 3107 superte
1730 3055 1862 3107 mmm,

161 3120 333 3201 subducat,
346 3144 403 3183 nec
417 3144 493 3183 caro
510 3126 564 3183 illi
577 3130 790 3195 consentiens,
803 3126 835 3187 id
850 3134 909 3206 est,
968 3124 1078 3186 oculos
1093 3142 1191 3187 meos.
1209 3124 1264 3185 Cui
1281 3123 1421 3204 loquitur
1434 3123 1586 3186 Ieremias
1599 3147 1606 3185 :
1617 3124 1717 3185 Τιιειε
1730 3152 1861 3203 emta,

159 3238 218 3281 nec
244 3220 405 3303 appetitus
430 3221 602 3283 sensitivns
626 3224 774 3286 tentatori
804 3224 912 3305 acqui·
968 3240 1019 3284 me
1038 3222 1078 3284 ab
1097 3222 1148 3284 his
1167 3221 1222 3301 qui
1241 3230 1475 3304 persequuntur
1493 3240 1555 3284 me.
1576 3226 1717 3298 Adspice

159 3336 284 3397 essens,
306 3338 365 3378 nos
387 3321 448 3379 tibi
469 3340 539 3379 reos
559 3330 695 3392 statuat,
716 3321 747 3383 id
770 3330 828 3399 est,
844 3322 911 3384 cul·
967 3337 1025 3381 nos
1047 3318 1140 3380 oculo
1164 3317 1291 3400 pietatis
1318 3326 1379 3381 tute
1405 3319 1579 3398 immensa,
1604 3337 1718 3401 appro-

158 3416 283 3497 pabiles
310 3416 419 3479 reddat
445 3440 451 3477 :
479 3435 541 3480 non
571 3418 656 3496 quod
682 3418 770 3481 carni
797 3438 910 3501 perse
967 3414 1103 3479 bationis
1120 3423 1181 3477 tuae
1197 3415 1633 3498 piissimae,quemadmodum
1648 3424 1717 3479 orat

159 3524 322 3597 competat
343 3514 532 3593 consentire,
555 3515 604 3577 vel
628 3517 786 3597 appetitus
811 3518 911 3579 sensi·
967 3513 1390 3595 PsalmographuszAdspice
1406 3515 1439 3577 in
1454 3534 1505 3577 me
1520 3522 1552 3576 et
1565 3514 1715 3577 miserere
1735 3542 1777 3585 ra.
1790 3554 1860 3591 axau.

158 3611 243 3675 tirus
268 3621 324 3675 aut
348 3612 396 3674 vis
420 3612 581 3694 cognitiva
604 3613 757 3677 sensitiva
781 3616 911 3679 interior
966 3612 1041 3674 mei.
1068 3612 1282 3683 Insidiantes,
1308 3612 1340 3673 id
1364 3620 1423 3691 est,
1450 3614 1652 3675 adversantes
1676 3631 1714 3675 ac
1730 3608 1776 3648 ¹³²·

159 3709 227 3772 sive
242 3710 391 3789 exterior,
408 3709 488 3772 citra
508 3710 639 3773 rationis
660 3730 852 3775 consensum
873 3733 910 3775 aa
967 3709 1074 3773 dolose
1100 3726 1216 3771 nocere
1245 3717 1421 3791 querentes
1446 3708 1547 3787 nobis,
1575 3718 1714 3773 nostram

158 3807 425 3871 deliberationem
453 3807 620 3871 lormalem
648 3818 702 3872 aut
727 3810 912 3892 interpreta-
967 3806 1171 3890 impediendo
1195 3807 1341 3885 salutem,
1366 3808 1519 3883 reprime,
1541 3805 1574 3868 id
1598 3814 1646 3869 est
1667 3828 1717 3871 re-

160 3906 260 3968 tivam
277 3906 409 3968 inducat
428 3914 595 3988 peccatum
617 3908 759 3970 mortale.
776 3908 862 3981 Quod
885 3908 911 3971 si
967 3905 1069 3986 frena,
1083 3914 1117 3969 ut
1138 3904 1219 3968 nihil
1241 3904 1275 3967 iu
1298 3903 1390 3967 nobis
1412 3902 1585 3985 proliciunt
1605 3905 1717 3967 adver-

159 4006 241 4067 ratio
267 4024 308 4067 ex
335 4004 530 4085 negligentia
557 4006 700 4068 omiserit
728 4006 912 4069 sensitivam
969 4004 1042 4067 sarii
1065 4005 1153 4067 tales.
1172 4006 1326 4067 eaoerna
1347 4013 1418 4063 tuor
1437 3999 1592 4079 famulos,
1607 4002 1639 4065 id
1655 4011 1713 4083 est,

161 4103 227 4165 vim
254 4101 417 4165 refrenare
441 4122 478 4165 ac
503 4102 608 4165 debite
637 4122 757 4184 regere,
784 4104 852 4185 ipsa
880 4105 912 4167 in
970 4102 1135 4165 universos
1149 4102 1314 4165 credentes
1328 4100 1430 4181 dirige
1445 4100 1479 4162 in
1495 4100 1578 4163 viam
1593 4101 1714 4182 salutis,

161 4202 259 4282 culpa
275 4209 335 4263 est.
931 4200 1065 4264 Deliam
1093 4219 1148 4263 eos
1175 4199 1229 4281 qui
1252 4200 1395 4262 nondum
1423 4199 1566 4261 serviunt
1594 4198 1651 4261 tibi
1678 4218 1716 4263 ex

201 4301 302 4363 ocuti
325 4319 471 4359 somnum
499 4300 644 4375 capiant,
669 4298 701 4362 id
730 4308 777 4363 est
804 4319 914 4383 corpo-
969 4298 1172 4378 caritate,sed
1187 4298 1397 4361 lideinlormi
1412 4298 1577 4360 actimore
1592 4298 1713 4377 servili,

160 4398 262 4460 ralem
292 4395 503 4477 moderatum,
533 4395 649 4459 virium
678 4398 911 4480 reparativum3
968 4407 1004 4461 ut
1026 4397 1065 4461 ad
1095 4396 1256 4461 caritatem
1282 4404 1312 4458 te
1337 4395 1491 4477 dirigente
1519 4396 1712 4478 pertingant,

157 4516 214 4557 cor
233 4498 282 4555 ad
302 4504 332 4555 te
350 4512 474 4571 semper
494 4496 607 4573 vigilet
629 4504 713 4576 actu,
730 4505 784 4560 aut
804 4497 915 4560 habitu
969 4518 1047 4577 quos
1071 4498 1231 4572 sanquine
1255 4504 1418 4555 mercatus
1441 4514 1485 4563 es,
1514 4493 1547 4555 id
1575 4501 1633 4572 est,
1660 4501 1715 4560 tuo

157 4612 215 4655 seu
246 4590 457 4674 dispositione
484 4592 663 4675 propinqua
690 4595 728 4658 ad
757 4597 913 4659 actualem
968 4594 1197 4678 pretiosissimo
1225 4592 1378 4674 sanguine
1407 4591 1579 4673 redemisti,
1606 4593 1639 4656 id
1666 4604 1715 4658 est

155 4690 366 4754 devotionem
388 4712 395 4750 ε
417 4688 482 4753 imo
503 4688 686 4772 frequenter
708 4693 802 4756 etiam
828 4702 913 4757 actu·
969 4694 1155 4777 exponendo
1169 4693 1265 4755 vitam
1280 4700 1367 4754 tuam
1382 4692 1590 4773 corporalem,
1603 4693 1668 4756 imo
1683 4702 1714 4757 te

156 4790 253 4852 aliter
276 4798 356 4869 oret,
381 4790 561 4870 meditetur,
578 4790 703 4872 psallat,
721 4810 757 4855 ac
778 4794 913 4875 desuper
968 4795 1073 4876 ipsum
1093 4810 1149 4874 pro
1168 4791 1231 4853 illis
1249 4790 1282 4851 in
1302 4798 1448 4870 mortem,
1466 4799 1500 4853 ut
1519 4810 1602 4873 saepe
1621 4804 1834 4876 expo-ponar.

156 4888 340 4951 illustretur
374 4896 406 4951 et
438 4890 664 4953 revelationem
697 4892 845 4954 sortiatur
879 4892 913 4954 in
970 4893 1064 4954 situm
1079 4898 1138 4953 εει.

158 5004 291 5067 εοιιιιιο,
320 4988 353 5048 in
388 5006 452 5069 quo
486 4988 696 5052 revelationes
728 4998 761 5053 et
785 4992 914 5054 oracula
1009 4994 1170 5053 Memento
1185 4992 1301 5061 nostri,
1310 4992 1458 5060 Domine,
1468 4990 1500 5052 id
1516 4999 1574 5068 est,
1584 4993 1714 5055 ostende
1780 4984 1799 5038 6

158 5085 233 5149 ιιειι
263 5086 380 5165 εοιειιι,
407 5094 442 5148 ut
468 5106 563 5169 supra
587 5088 763 5170 expositum
792 5098 849 5151 εει.
877 5090 914 5153 Ει
971 5098 1001 5153 ιε
1024 5088 1143 5170 jugiter
1162 5105 1335 5151 memorem
1356 5088 1468 5169 nostri,
1489 5088 1714 5169 indesinenter,

159 5204 260 5267 super
287 5183 348 5246 boc
372 5183 493 5248 dictum
517 5186 624 5248 estin
651 5186 768 5269 hymno
793 5189 833 5250 ad
858 5188 913 5251 l‘e
972 5190 1118 5270 gratiose,
1144 5186 1314 5267 magnilice
1339 5186 1432 5251 nobis
1456 5186 1637 5250 adsistendo
1660 5206 1719 5269 per

35 5301 144 5347 ‚ruscea
159 5300 275 5365 speras
303 5299 397 5363 super
422 5282 511 5362 illud,
537 5284 678 5347 Dormire
707 5294 847 5349 mentem
876 5306 916 5349 ne
974 5284 1264 5350 misericordiarum
1279 5293 1404 5347 tuarum
1418 5284 1609 5361 allectus,ire
1621 5288 1721 5361 praei

294 5413 328 5466 Τ.
346 5416 386 5465 35.
1575 5420 1591 5469 9
