4309 6259
512 522 551 569 os
572 522 662 570 bottis
682 522 816 570 srmrrus
838 520 956 580 assurt,
978 520 1154 570 ursmarus
1176 522 1220 569 m.
1243 541 1285 552 -
1305 522 1373 569 am.
1397 521 1428 567 tv
1685 502 1745 567 209

195 690 375 753 activorum
390 700 464 754 sunt
486 692 519 754 in
540 692 680 774 patiente
701 694 867 776 disposito,
883 696 982 757 est-A
1000 694 1096 757 habet
1119 694 1232 757 stabile
1254 713 1322 758 esse
1348 693 1381 755 in
1404 692 1531 769 anima3
1553 690 1636 753 istud
1658 708 1744 770 vero,

194 806 258 869 que
286 808 417 852 necesse
450 789 610 872 recipiens
637 792 868 873 proportionari
898 792 945 853 in·
998 810 1096 873 quum
1117 792 1158 855 sit
1176 791 1347 855 habitualis
1367 790 1521 874 perfectio
1544 788 1660 851 mentis
1682 806 1748 850 cre

195 886 333 963 fluenti3
350 886 422 950 ideo
435 888 475 951 ad
490 889 551 951 hoc
565 890 649 970 quod
668 888 775 951 anima
794 890 835 951 sit
854 889 945 953 reali-
998 898 1068 969 atae,
1092 890 1359 971 quemadmodum
1384 888 1506 969 reliqua
1530 886 1624 963 dona,
1648 884 1748 947 fixum

195 992 244 1046 ter
258 984 340 1047 bene
355 984 495 1064 mobilis,
511 986 646 1067 Spiritus
660 986 766 1049 Sancti
787 987 944 1050 influxum
998 996 1030 1049 et
1055 987 1185 1050 firmum
1211 1006 1279 1049 esse
1306 986 1435 1049 sortitur
1459 986 1491 1047 in
1517 984 1634 1047 anima.
1661 981 1749 1045 Unde

195 1089 228 1143 et
242 1082 485 1163 inspirationem
500 1081 638 1145 faciliter
651 1084 856 1162 advertendo,
869 1084 946 1147 reci·
999 1085 1170 1147 consilium
1195 1094 1287 1167 prout
1311 1085 1431 1148 donum
1456 1091 1598 1159 vocatur,
1624 1089 1672 1143 est
1697 1080 1761 1169 ¹¹⁸7

195 1178 314 1260 pianda
335 1188 368 1243 et
381 1179 596 1261 adimplendo,
614 1179 735 1262 indiget
749 1180 945 1263 perfectione
1000 1182 1086 1245 bitus
1102 1183 1352 1265 supernaturalis
1367 1202 1385 1245 a
1399 1182 1520 1263 Spiritu
1536 1181 1650 1242 Sancto
1665 1178 1750 1241 infu-

195 1278 384 1358 congruenti
399 1296 457 1359 per
477 1297 571 1359 quam
594 1278 637 1338 ita
658 1286 823 1341 moveatur
842 1278 945 1361 aSpi-
1001 1300 1066 1360 sus,
1083 1299 1146 1363 quo
1168 1282 1199 1343 in
1222 1280 1458 1363 operationibus
1474 1278 1622 1342 humanis
1643 1295 1750 1339 move

196 1375 259 1439 ritu
276 1376 391 1439 Sancto
408 1399 415 1437 :
432 1376 544 1439 ethaeo
563 1375 747 1439 nominatur
760 1378 941 1441 eonsilium.
1001 1398 1073 1440 mur
1091 1378 1266 1441 secundum
1287 1377 1457 1442 eonsilium
1477 1375 1613 1458 Spiritus
1629 1374 1748 1456 Sancti,

236 1474 379 1555 Denique
395 1473 641 1537 taleconsilium
663 1475 945 1537 necessariumex-
1002 1476 1033 1537 id
1061 1484 1109 1538 est
1137 1477 1312 1540 secuudum
1342 1475 1549 1539 directionem
1585 1473 1656 1553 ejus
1687 1490 1750 1553 qus

194 1579 257 1633 stat
272 1570 531 1651 homini.Primo,
544 1579 578 1633 ut
592 1590 690 1653 capas
705 1572 746 1633 sit
760 1571 944 1635 directionis
1000 1583 1108 1637 nostra
1130 1574 1264 1638 consilia
1286 1574 1406 1655 dirigit,
1429 1574 1478 1635 vel
1499 1580 1584 1635 certe
1607 1570 1749 1633 vicissim

194 1668 334 1749 Spiritus
353 1668 458 1732 Sancti
482 1670 515 1730 in
534 1669 694 1747 omnibus,
716 1669 848 1752 ejusque
870 1690 945 1734 con·
1001 1672 1225 1754 praeveniendo
1241 1672 1386 1755 inspirat.
1404 1672 1485 1735 [leus
1507 1689 1634 1752 nempe,
1650 1687 1749 1750 quum

194 1768 305 1829 silium
330 1768 469 1848 requirat
491 1777 525 1830 et
547 1768 689 1851 impleat.
712 1768 842 1847 Rursus,
867 1788 946 1851 quo-
1001 1771 1043 1833 sit
1056 1791 1180 1835 summe
1196 1772 1298 1835 bonus
1313 1790 1350 1833 ac
1366 1769 1660 1853 sapiens,omnibus
1675 1787 1751 1832 con·

194 1865 512 1948 uiamprudentiaet
531 1866 660 1929 eubulia
677 1876 771 1948 prout
790 1876 864 1930 sunt
881 1866 983 1930 vir-ll
1002 1869 1180 1933 solentibus
1215 1890 1288 1933 eum
1323 1870 1407 1931 clare
1442 1867 1623 1950 respondet,
1654 1886 1750 1949 seque

193 1971 281 2027 tutes
317 1965 464 2044 morales,
493 1964 655 2029 hominem
686 1974 812 2046 ornant,
841 1974 876 2027 ut
903 1966 945 2029 sit
1001 1968 1127 2031 cunctis
1155 1967 1319 2031 affabilem
1349 1976 1442 2047 atque
1471 1966 1610 2028 amicum
1639 1984 1750 2027 verum

195 2072 344 2144 prompte
359 2063 519 2126 mobilisa
540 2064 661 2127 ratione
682 2064 715 2125 in
734 2064 785 2125 his
803 2083 873 2146 quae
887 2065 945 2127 hu·
1001 2068 1150 2147 ostendit,
1177 2064 1444 2147 quemadmodum
1474 2064 1599 2127 decimo
1624 2062 1752 2127 Confes-

194 2180 292 2223 mana
314 2160 469 2224 industria
494 2162 579 2224 valet
601 2161 762 2225 attendere
787 2171 818 2225 et
840 2164 946 2246 provi·
1002 2164 1129 2227 sionum
1152 2164 1348 2245 Augustinus
1371 2170 1503 2225 testatur
1520 2185 1526 2223 :
1543 2161 1687 2241 Domine,
1705 2160 1753 2221 in-

194 2260 283 2321 dere.
314 2259 374 2321 Sed
409 2259 571 2341 quoniam,
601 2268 679 2323 teste
714 2260 876 2343 Scriptura
911 2262 945 2325 in
1002 2263 1082 2343 quit,
1100 2262 1249 2325 omnibus
1271 2270 1302 2323 te
1323 2260 1565 2323 consulentibus
1587 2258 1749 2341 praesides,

43 2378 179 2431 samia,
194 2357 280 2421 libro
305 2356 484 2439 sapientie,
509 2378 579 2439 quo
607 2358 640 2420 in
665 2368 834 2441 prospectu
859 2369 943 2438 sunt,
1003 2360 1162 2442 simulque
1182 2360 1354 2441 respondes
1369 2358 1519 2422 omnibus
1534 2357 1629 2419 etiam
1647 2356 1751 2419 diver·

45 2444 77 2483 ¹‘·
195 2455 382 2519 invenimus
416 2474 490 2518 cum
523 2456 641 2534 labore,
671 2466 703 2519 et
737 2458 945 2539 cogitationes
1002 2478 1036 2519 sa
1065 2457 1316 2521 consulentibus.
1339 2458 1384 2519 l'u
1411 2456 1530 2538 liquide
1555 2456 1748 2537 respondes,

194 2554 380 2616 mortalium
408 2562 483 2617 sunt
514 2554 644 2634 timidae,
673 2564 704 2617 et
738 2557 946 2637 providentias
1002 2558 1057 2619 sed
1079 2574 1142 2619 non
1158 2574 1269 2619 omnes
1285 2555 1450 2635 teliquide
1465 2554 1599 2616 audiunt
1616 2578 1622 2616 :
1639 2571 1750 2616 omnes

193 2661 314 2716 nostra
329 2652 469 2731 incertae,
476 2661 606 2736 propter
619 2652 864 2718 innumerabilia
874 2674 947 2719 con·
1001 2654 1088 2716 enim
1110 2654 1194 2715 unde
1217 2653 1338 2730 volunt,
1356 2660 1385 2715 te
1407 2652 1599 2730 consulunt3
1617 2652 1749 2713 sednon

193 2751 354 2833 tingentia
372 2760 404 2813 et
425 2751 603 2833 singulares
624 2760 757 2815 eventus
778 2772 849 2835 quaa
869 2773 946 2836 quo
1002 2771 1127 2833 semper
1145 2751 1228 2832 quod
1244 2750 1355 2813 volunt
1370 2750 1513 2812 audiunt.
1531 2748 1674 2830 Optimus
1693 2748 1752 2811 ml-

193 2849 275 2912 tidie
290 2858 424 2932 possunt
437 2851 700 2929 occurrere3ideo
715 2852 835 2933 indiget
849 2853 946 2916 bomo
1001 2850 1102 2912 nister
1129 2858 1202 2911 tuus
1231 2856 1290 2927 est,
1319 2848 1373 2929 qui
1409 2866 1472 2911 uon
1506 2846 1610 2929 potius
1639 2846 1752 2908 nititur

192 2948 268 3029 ejus
289 2947 426 3013 consilio
447 2958 597 3032 tanquam
618 2950 754 3013 consilio
775 2970 794 3013 a
814 2951 877 3013 Deo
899 2970 946 3014 re·
1003 2947 1034 3009 id
1054 2967 1073 3009 a
1096 2956 1125 3011 te
1147 2947 1257 3010 audire
1278 2947 1363 3028 quod
1386 2946 1453 3027 ipse
1476 2946 1554 3025 vult,
1572 2945 1626 3007 sed
1648 2944 1751 3025 magis

192 3054 304 3127 cepto,
333 3048 601 3127 quemadmodum
629 3048 736 3111 minus
766 3048 898 3131 perfecti
926 3052 982 3113 ac
1003 3046 1034 3108 id
1049 3046 1131 3109 velle
1146 3046 1230 3127 quod
1252 3053 1315 3107 ate
1335 3044 1480 3107 audierit.
1497 3044 1615 3123 ltaque,
1632 3052 1665 3105 ut
1680 3061 1752 3126 pos·

192 3144 300 3225 magis
321 3143 472 3226 perlectis
493 3153 639 3226 quaerunt
659 3146 840 3209 consilium.
858 3148 946 3211 llouo
1002 3144 1043 3205 sit
1058 3142 1222 3207 rationalis
1245 3151 1389 3206 creatura
1411 3142 1521 3204 talium
1543 3140 1750 3205 consiliorum

192 3260 274 3325 ergo
287 3242 414 3305 consilii
437 3242 471 3306 in
492 3244 617 3306 cunctis
631 3243 801 3325 dirigimur
814 3264 884 3327 qua
905 3246 945 3308 ad
1001 3242 1055 3305 llei
1072 3262 1141 3305 esse
1157 3242 1335 3305 efficaciter
1354 3240 1550 3322 inquisitiva,
1568 3239 1750 3323 perceptiva

192 3341 299 3403 finem
323 3340 471 3403 ultimum
497 3360 553 3404 seu
573 3342 670 3405 vitam
691 3352 841 3406 aeternam
862 3344 947 3407 ordi·
1001 3350 1033 3403 et
1053 3340 1246 3417 exsecutita,
1264 3340 1385 3421 indiget
1405 3339 1541 3419 quadam
1564 3346 1751 3419 supernatu-

192 3446 326 3515 nantur,
352 3439 420 3502 sive
448 3439 513 3501 sint
539 3441 579 3503 de
607 3441 795 3504 necessitate
820 3442 943 3520 salutis,
1001 3439 1059 3501 rali
1085 3458 1121 3501 ac
1144 3438 1297 3500 habituali
1320 3437 1539 3519 dispositione,
1563 3455 1624 3518 qua
1645 3435 1750 3499 taliter

191 3538 283 3599 sicut
303 3545 471 3619 praecepta,
493 3537 561 3601 sire
582 3557 659 3617 non,
679 3548 714 3601 ut
734 3539 849 3603 Christi
871 3560 947 3604 con·
1001 3537 1130 3600 mobilis
1155 3535 1213 3599 fiat
1237 3537 1275 3598 ad
1301 3534 1410 3612 Deum,
1432 3553 1450 3595 a
1474 3535 1549 3613 Deo,
1573 3534 1748 3596 secundum

192 3634 282 3697 sitia.
298 3634 411 3717 Liquet
431 3653 557 3717 quoque
577 3654 616 3699 ex
636 3637 700 3715 bis,
719 3639 803 3719 quod
825 3639 944 3702 donum
1001 3635 1112 3697 Deum.
1142 3634 1213 3696 llaec
1244 3642 1348 3697 autem
1377 3632 1544 3714 dispositio
1571 3631 1749 3713 appellatur

192 3732 326 3797 consilii
347 3732 550 3816 prudentiam
572 3735 713 3817 respicit,
737 3734 876 3817 perficit,
899 3736 946 3800 di·
1000 3734 1120 3796 donum
1135 3730 1273 3795 consilii.

192 3830 285 3912 rigit,
300 3830 478 3893 ordinando
499 3839 588 3895 actus
610 3832 712 3915 ipsius
733 3835 772 3896 ad
795 3853 946 3917 superna·
1041 3830 1141 3892 Habet
1173 3829 1278 3911 itaque
1310 3827 1468 3910 triplicem
1501 3834 1617 3891 actum.
1646 3826 1749 3891 Primo

191 3928 333 3991 turalem
355 3927 552 4009 felicitatem,
575 3938 669 4012 atque
693 3930 726 3991 in
751 3930 801 3994 his
822 3933 945 3996 homini
1001 3947 1139 4009 namque
1151 3926 1314 3989 erudimur
1328 3944 1385 4008 per
1399 3925 1503 4007 ipsum
1518 3926 1557 3987 ad
1569 3924 1750 3988 discemen-

191 4026 396 4111 providendo
418 4027 450 4088 in
473 4028 589 4110 quibus
610 4047 673 4092 non
696 4028 821 4093 sufficit
845 4032 946 4095 virtus
1001 4027 1077 4089 dum
1100 4024 1183 4107 quod
1207 4044 1316 4087 verum
1339 4032 1396 4086 est.
1421 4024 1565 4087 Secundo
1587 4022 1750 4086 elevamur

190 4124 387 4208 prudentia.
1001 4144 1059 4206 per
1078 4123 1183 4205 ipsum
1199 4122 1237 4185 ad
1253 4122 1436 4203 eligendum
1456 4122 1538 4203 quod
1559 4122 1673 4184 melius
1687 4130 1746 4185 est.

962 4226 987 4287 ll
1002 4223 1106 4286 Tertio
1121 4221 1306 4304 expedimur
1320 4240 1377 4303 per
1398 4220 1502 4302 ipsum
1517 4221 1556 4283 ad
1576 4239 1749 4301 exsequen-

1001 4322 1076 4383 dum
1101 4321 1185 4403 quod
1210 4319 1345 4401 expedit.
1371 4317 1475 4381 Primo
1503 4318 1589 4381 enim
1615 4318 1748 4401 inquiri-

407 4378 652 4445 ARTICULUS
675 4382 734 4446 IV·
1000 4438 1072 4481 mus
1098 4437 1155 4499 per
1176 4416 1329 4479 rationem
1349 4414 1424 4496 quid
1444 4415 1485 4477 sit
1503 4416 1673 4496 agendum,
1693 4416 1747 4479 de-

192 4526 287 4594 Qaid
295 4524 340 4583 sit
355 4525 946 4607 ipsumconsiliumquodestdonum;
1001 4516 1078 4579 inde
1098 4536 1155 4599 per
1174 4516 1367 4579 voluntatem
1389 4512 1547 4595 eligimus
1565 4520 1596 4575 et
1616 4515 1745 4577 demum

338 4622 369 4672 et
388 4615 429 4672 de
447 4616 576 4690 triplici
593 4625 668 4677 actu
691 4619 802 4693 ipsius.
1001 4616 1039 4677 ad
1075 4614 1291 4697 operationem
1326 4611 1537 4693 procedimus.
1571 4611 1746 4675 Consilium

1002 4732 1139 4794 namque
1168 4720 1261 4795 atque
1289 4708 1402 4773 electio
1428 4728 1491 4773 non
1516 4718 1590 4772 sunt
1613 4711 1652 4772 de
1677 4711 1747 4793 ipso

273 4808 321 4871 OC
349 4808 481 4892 insuper
511 4811 750 4891 advertendum,
779 4812 863 4894 quod
891 4813 947 4876 do·
1001 4812 1068 4875 fine
1090 4810 1245 4888 ultimate,
1263 4810 1317 4872 sed
1339 4809 1378 4871 de
1400 4808 1541 4889 hisquae
1563 4808 1749 4871 ordinantur

288 4926 364 4969 num
393 4908 530 4987 consilii,
559 4908 642 4970 siout
669 4910 868 4992 praestantius
898 4918 948 4973 est
1001 4910 1174 4973 adfinem.
1199 4906 1746 4986 Undesecundumllamascenum,

191 5005 254 5068 illo
268 5005 406 5068 consilio
419 5006 458 5067 de
480 5024 542 5088 quo
557 5006 731 5087 loquuntur
751 5007 943 5091 philosophi,
1001 5008 1171 5072 consilium
1197 5016 1244 5069 est
1268 5006 1427 5089 appetitus
1456 5004 1674 5086 inquisitivus,
1702 5026 1749 5068 ra-

189 5102 282 5185 quod
297 5111 347 5165 est
360 5111 450 5165 actus
465 5104 651 5185 prudentia,
665 5106 715 5168 vel
731 5106 833 5187 magis
847 5106 947 5169 eubu-
1001 5108 1098 5171 tionis
1116 5106 1301 5183 directivus,
1317 5105 1356 5166 de
1377 5103 1427 5165 his
1447 5122 1515 5184 quaa
1532 5111 1605 5164 sunt
1625 5104 1748 5185 agenda

188 5202 259 5280 liae,
285 5201 333 5263 sic
359 5200 505 5263 stabilius
529 5220 568 5265 eo
592 5203 726 5266 exsistit.
752 5205 833 5267 lllud
858 5205 945 5269 enirn
1001 5215 1057 5269 aut
1083 5204 1266 5268 omittenda.
1292 5203 1337 5265 Ex
1364 5220 1427 5283 quo
1456 5202 1635 5279 innotescit,
1662 5203 1746 5283 quod

187 5300 380 5376 consilium,
406 5318 507 5380 quum
535 5300 577 5361 sit
600 5311 690 5364 actus
714 5303 853 5382 virtutis,
881 5324 943 5369 non
1002 5303 1171 5368 eonsilium
1202 5300 1329 5384 proprie
1363 5300 1427 5363 lleo
1461 5318 1525 5362 non
1553 5299 1706 5381 competit
1736 5323 1743 5364 :

319 5433 355 5485 T.
373 5434 414 5484 35.
1594 5436 1620 5485 14
