4309 6259
371 510 411 557 na
432 508 580 556 mucuns
601 508 807 557 securissime
828 510 865 556 nr
887 508 1053 558 rnorvronn
1073 510 1257 570 murrina,
1279 512 1337 559 rra
1355 511 1463 559 rroorur
1483 512 1630 560 nomana
1718 496 1778 561 llll

319 680 358 745 itt
371 698 445 745 cum
459 680 530 763 ipso
544 687 737 744 coeternum
990 680 1015 743 Α
1071 681 1333 746 Aresistcntibus
1353 683 1469 746 dextrae
1489 691 1550 747 tue
1568 681 1691 747 custodi
1711 702 1775 765 me,

318 779 454 863 Compar·
466 778 525 841 tibi
539 778 669 843 Flaruen
684 779 808 862 spirans
825 801 832 841 ι
1032 788 1067 845 ut
1088 780 1242 863 pupillam
1263 780 1361 846 oculi.
1777 846 1782 851 .

338 878 398 941 Fac
413 894 471 941 uos
485 884 576 960 aptos
590 886 621 941 et
636 878 790 960 benignos
1072 878 1138 941 Sub
1151 878 1264 942 umbra
1278 880 1400 942 alarum
1417 888 1543 943 tuarum
1564 888 1694 962 protege
1713 900 1777 961 me,

320 978 366 1039 Ad
382 985 411 1041 te
427 976 621 1039 laudandum
634 976 774 1060 jugiter,
1031 995 1050 1040 a
1064 976 1148 1040 laeie
1162 978 1334 1060 impiorum
1349 977 1404 1059 qui
1418 998 1470 1041 me
1484 976 1680 1043 afflixerunt.

319 1074 450 1139 visione
465 1074 646 1156 tuadignos
1071 1075 1177 1140 Gloria
1189 1076 1281 1139 Patri.

319 1172 394 1253 Nos,
409 1172 503 1254 Deus,
519 1172 570 1235 lac
585 1172 779 1254 perenniter.
1070 1178 1151 1237 Ant.
1168 1176 1211 1237 'le
1225 1175 1331 1256 laudo,
1344 1184 1376 1238 te
1389 1176 1485 1239 adoro
1499 1184 1594 1257 atquc
1607 1175 1755 1258 glorifico
1768 1198 1776 1255 3

337 1272 429 1350 Laus,
445 1271 594 1353 hymnus,
611 1272 798 1349 reverentia,
1030 1292 1090 1336 nec
1106 1281 1211 1336 tamen
1225 1273 1358 1355 dignum
1373 1273 1493 1356 aliquid
1507 1293 1602 1356 agero
1616 1294 1668 1337 me
1682 1292 1776 1357 posse

316 1370 473 1451 Maiestas,
490 1368 647 1452 sapientia
1030 1390 1199 1454 cognosco,
1226 1391 1245 1435 o
1274 1372 1561 1455 superessentialis,
1588 1372 1777 1455 supervolu-

317 1468 365 1531 Sit
379 1466 524 1550 regnanti
539 1468 602 1531 Deo
617 1467 703 1547 vivo,
1029 1478 1143 1553 ptuosa
1157 1470 1444 1553 superinfinitaque
1458 1470 1605 1549 Trinitas,
1623 1471 1676 1534 cui
1689 1479 1775 1534 astra

317 1566 496 1647 Adorando‚
513 1567 580 1647 uni,
596 1566 691 1631 trino.
708 1566 819 1629 Amen.
1028 1569 1185 1631 matutina
1199 1588 1235 1631 ac
1251 1569 1400 1632 universa
1414 1569 1649 1651 supercoelestis
1664 1570 1775 1632 trium·

265 1668 348 1727 Ant.
363 1664 463 1728 Nemo
477 1663 704 1729 novitllilium.
1028 1667 1131 1749 pbans
1158 1666 1301 1729 Ecclesia
1324 1666 1541 1729 indesinenter
1568 1667 1739 1731 decantant
1763 1693 1771 1731 ι

488 1766 642 1826 Psalmos
656 1768 715 1827 88.
1029 1764 1173 1843 Sanctus,
1189 1764 1334 1841 Sanctus,
1351 1764 1496 1843 Sanetus,
1518 1764 1671 1827 Dominus
1691 1765 1774 1830 Deus
1788 1784 1886 1835 reita

15 1874 201 1927 ramum.
266 1860 498 1925 Misericordias
516 1862 641 1925 Domini
667 1862 700 1924 in
724 1869 877 1926 aeternum
901 1880 975 1925 oan-
990 1860 1013 1923 B
1029 1861 1253 1943 omnipotens;
1269 1861 1356 1944 pleni
1370 1869 1445 1924 sunt
1461 1860 1535 1924 coeli
1555 1868 1588 1925 et
1605 1870 1689 1925 terra
1708 1862 1776 1945 glo-

15 1938 37 1981 ²'
222 1960 314 2023 tabo.
1029 1959 1076 2023 ria
1096 1967 1161 2024 tua.

24 2076 96 2120 resec
117 2078 201 2119 e-rs.
268 2057 514 2123 Confitebuntur
538 2056 611 2123 coeli
640 2058 800 2122 mirabilia
827 2066 891 2138 tua,
917 2058 975 2121 Do·
1069 2062 1150 2121 Ant.
1165 2057 1253 2133 Quod
1268 2066 1385 2121 autem.

222 2158 317 2221 mine
334 2182 341 2219 :
359 2158 478 2221 etenim
492 2157 657 2222 veritatem
676 2166 763 2221 tuam
785 2157 817 2219 in
839 2156 975 2220 eeclesia
1290 2160 1445 2219 Psotmua
1460 2161 1518 2222 17.

221 2264 424 2320 sanctorum.
1071 2254 1206 2337 Diligam
1225 2263 1267 2334 te,
1283 2254 1415 2318 Domine
1435 2254 1587 2320 tortitudo
1606 2275 1701 2319 mea:
1718 2257 1778 2321 Do
1790 2278 1890 2331 rame.
1901 2281 1922 2330 a.

267 2354 422 2429 Quoniam
437 2352 509 2435 quis
523 2352 556 2415 in
571 2352 709 2416 nubibus
723 2352 899 2435 equabitur
917 2352 976 2417 Do
1031 2354 1139 2417 minus
1163 2352 1403 2415 firmamentum
1427 2372 1546 2431 meum,
1562 2360 1594 2417 et
1617 2353 1777 2436 refugium
1791 2344 1812 2385 ³·

113 2482 126 2501 ·
142 2478 202 2523 n„
221 2454 329 2534 mino,
346 2452 460 2515 similis
474 2452 535 2515 erit
548 2450 701 2515 Domino*
716 2450 750 2513 in
764 2451 842 2514 liliis
856 2452 935 2515 Deit
1031 2471 1150 2531 meum,
1166 2458 1198 2514 et
1219 2449 1370 2514 liberator
1389 2470 1491 2513 meus.

267 2552 352 2615 Deus
366 2550 421 2632 qui
435 2548 635 2632 glorificetur
649 2549 682 2612 in
698 2548 831 2613 oonsilio
853 2555 976 2613 saneto
1070 2550 1154 2613 Deus
1168 2568 1270 2629 meus,
1285 2547 1413 2631 adjutor
1426 2568 1527 2627 meus,
1544 2557 1577 2612 et
1594 2549 1729 2633 sperabo
1744 2549 1778 2611 in

221 2671 323 2729 rum,
349 2669 483 2732 maguus
511 2656 543 2711 et
566 2648 717 2711 terribilis
742 2667 837 2730 super
865 2666 975 2712 omnes
1030 2666 1116 2713 eum.

220 2750 285 2833 qui
301 2750 334 2812 in
350 2748 485 2812 circuitu
499 2746 570 2829 eius
584 2754 669 2810 sunt.
1070 2744 1226 2821 Quoniam
1241 2752 1276 2807 tu
1295 2744 1457 2807 illuminas
1475 2745 1638 2809 lucernam
1660 2764 1776 2824 meam,
1791 2761 1925 2807 ortatu.

269 2846 403 2911 Domine
418 2845 500 2910 Deus
514 2845 679 2925 virtutum,
692 2844 764 2926 quis
780 2843 895 2907 similis
908 2843 975 2906 tuit
1031 2844 1185 2922 Domine;
1214 2843 1297 2906 Deus
1324 2862 1426 2921 meus,
1457 2842 1604 2907 illumina
1631 2842 1778 2907 tenebras

221 2946 344 3011 Potens
367 2962 413 3024 es,
429 2942 572 3023 Domine,
589 2951 621 3006 et
638 2941 755 3007 veritas
780 2950 834 3005 tua
858 2941 891 3004 in
916 2942 977 3005 cir·
1032 2960 1130 3006 meas.

224 3042 320 3108 cuitu
342 3050 406 3105 tuo.
995 3038 1018 3103 C
1071 3038 1225 3114 Quoniam
1240 3037 1273 3101 in
1288 3046 1319 3103 te
1333 3037 1450 3121 eripiar
1464 3058 1484 3101 a
1497 3038 1779 3116 tentatione3etin

270 3141 318 3202 'lu
341 3138 516 3203 dominaris
540 3137 685 3219 potestati
711 3136 829 3216 maris3
855 3144 976 3201 motum
1032 3139 1096 3202 Deo
1110 3156 1183 3203 meo
1198 3138 1411 3219 transgrediar
1425 3156 1563 3199 murum.

222 3246 336 3303 autem
350 3236 508 3300 lluotuum
522 3236 592 3316 ejus
608 3242 641 3298 tu
656 3234 793 3317 mitigas.
1071 3237 1155 3299 Deus
1169 3254 1271 3315 meus,
1287 3235 1455 3317 impolluta
1475 3236 1528 3297 via
1547 3235 1638 3317 ejus3
1654 3235 1782 3317 eloquia

270 3338 318 3399 Tu
341 3333 516 3399 humiliasti
542 3334 624 3396 sicut
643 3334 843 3397 vulneratum
868 3352 977 3416 super·
1031 3334 1158 3399 Domini
1174 3335 1247 3415 igne
1262 3335 1462 3411 examinata3
1478 3342 1638 3417 protector
1651 3342 1700 3397 est
1713 3352 1780 3397 om-

222 3437 330 3510 bum3
351 3434 384 3497 in
407 3432 538 3496 brachio
563 3432 688 3495 virtutis
712 3440 774 3495 tuae
798 3430 975 3513 dispersisti
1032 3434 1123 3497 nium
1139 3433 1335 3515 sperantium
1349 3432 1383 3495 iu
1399 3452 1444 3496 se.

222 3532 380 3598 inimicos
401 3540 483 3595 tuos.
1072 3531 1227 3607 Quoniam
1248 3530 1319 3612 quis
1343 3530 1426 3594 Deus
1450 3538 1564 3613 praeter
1587 3530 1779 3593 Dominuml

271 3632 331 3694 'lui
357 3639 431 3694 sunt
455 3629 541 3709 eoeli,
557 3638 588 3691 et
607 3636 660 3691 tua
678 3636 727 3691 est
745 3636 826 3691 terra
843 3650 851 3689 ε
866 3628 976 3691 orbem
1032 3639 1088 3694 aut
1100 3630 1172 3712 quis
1185 3630 1268 3692 Deus
1283 3636 1397 3710 praeter
1411 3629 1509 3691 Deum
1524 3631 1690 3691 nostrnml

225 3740 326 3795 terre
349 3737 382 3793 et
404 3726 632 3810 plenitudinem
657 3726 727 3807 ejus
752 3734 785 3789 tu
815 3725 975 3804 fundasti,
1072 3728 1158 3791 Vivit
1167 3725 1566 3805 DominuS,etbenedietus
1577 3726 1659 3789 Deus
1670 3745 1775 3804 meus3
1792 3754 1850 3799 pq.
1862 3756 1896 3798 ῃ,

224 3828 415 3911 aquilonem
430 3833 462 3888 et
474 3844 561 3888 mare
577 3832 611 3887 tu
626 3824 750 3888 creasti.
1032 3836 1063 3891 et
1077 3826 1232 3890 exaltetur
1245 3826 1327 3887 Deus
1342 3823 1453 3887 salutis
1466 3843 1556 3887 mete.

52 3947 138 3993 reia.
162 3948 205 3986 sa.
271 3924 461 3989 Benedictus
480 3922 632 3987 Dominus
658 3922 691 3986 in
715 3932 890 4001 aetemum3
907 3922 975 4001 liat,
1072 3924 1179 3989 Gloria
1191 3923 1286 3986 Patri.

224 4026 301 4090 liat.
1071 4028 1151 4087 Ant.
1164 4022 1252 4097 Quod
1266 4030 1373 4085 autem
1387 4020 1561 4085 nuncvivo
1575 4020 1610 4083 in
1624 4020 1777 4101 eame,in
1806 4048 1881 4092 aar„
1900 4062 1924 4100 u,

271 4122 377 4186 Gloria
390 4120 483 4183 Patri.
1032 4122 1098 4186 lide
1116 4122 1191 4186 vivo
1210 4120 1278 4183 llilii
1297 4120 1365 4200 Dei,
1380 4120 1435 4202 qui
1454 4120 1566 4182 dilexit
1584 4139 1646 4199 me,
1663 4128 1694 4182 et
1717 4128 1779 4182 tra-
1792 4114 1826 4155 ²⁰·

17 4234 148 4281 meato.
171 4242 214 4279 τι,
272 4226 353 4285 Ant.
369 4218 467 4283 Nemo
488 4214 705 4282 novit'Filium
721 4218 783 4281 nisi
797 4218 908 4295 Pater;
924 4238 979 4282 ne-
993 4217 1018 4281 D
1032 4220 1115 4284 didit
1136 4219 1344 4302 semetipsum
1365 4236 1423 4302 pro
1444 4238 1507 4281 me.

17 4304 53 4329 ²⁶
225 4341 295 4404 que
308 4321 429 4384 Patrem
442 4320 513 4402 quis
527 4318 617 4383 novit
628 4318 690 4381 nisi
702 4316 852 4398 Filius,et
864 4318 916 4381 cui
928 4338 979 4382 vo
1306 4319 1505 4393 Capitulum.

15 4442 205 4493 ieonum.
226 4419 331 4484 luerit
345 4418 441 4481 Filius
456 4416 596 4481 revelare
609 4440 616 4478 ε
631 4418 685 4480 sed
702 4424 734 4479 et
752 4416 887 4498 Spiritus
903 4418 979 4479 San·
1072 4418 1209 4481 Locutus
1236 4424 1285 4479 est
1311 4416 1401 4478 lesus
1428 4414 1608 4497 discipulis,
1632 4414 1742 4478 dicens
1768 4439 1776 4478 z
1803 4440 1891 4485 unta,

225 4527 304 4583 ctus
319 4516 434 4600 estqui
450 4524 607 4579 scrutatur
620 4515 716 4579 etiam
732 4514 890 4598 prolunde
910 4516 976 4578 Dei.
1034 4516 1111 4580 Data
1124 4522 1172 4578 est
1187 4514 1266 4577 mibi
1281 4513 1386 4577 omnis
1401 4520 1539 4595 potestas
1554 4512 1587 4574 in
1602 4511 1684 4576 coelo
1698 4521 1729 4575 et
1744 4513 1778 4575 iu
1792 4504 1932 4556 ¹¹'¹¹¹·¹⁸·¹⁹·

270 4620 354 4680 Ant.
370 4616 412 4679 Te
426 4616 530 4679 laudo.
1034 4624 1137 4693 terra;
1153 4621 1265 4677 euntes
1283 4630 1370 4693 ergo,
1386 4612 1497 4674 docete
1521 4628 1632 4673 omnes
1655 4620 1778 4692 gentes,

491 4716 645 4776 Psalmua
661 4716 719 4775 16.
1034 4712 1229 4795 baptizantes
1243 4728 1298 4773 eos
1317 4708 1350 4769 in
1371 4706 1500 4771 nominc
1518 4705 1628 4784 Patris,
1644 4715 1676 4770 et
1694 4707 1778 4786 Silii,

23 4838 81 4881 Ρ..
98 4844 161 4879 m,
179 4830 203 4869 r.
271 4810 404 4891 Exaudi,
430 4808 574 4889 Domine,
599 4808 755 4891 iustitiam
780 4828 905 4889 meam;
932 4809 980 4871 iu·
1034 4818 1065 4872 et
1079 4808 1216 4892 Spiritus
1237 4806 1356 4871 Sancti.

224 4911 330 4976 tende
344 4908 599 4992 deprecationem
615 4926 729 4971 meam.
1073 4928 1107 4983 p.
1123 4908 1187 4971 Deo
1200 4906 1329 4988 gratias.

73 5036 160 5085 loru.
177 5036 203 5076 s.
270 5006 396 5072 Perlice
410 5025 537 5089 gressus
551 5024 639 5070 meos
659 5006 692 5069 in
712 5005 833 5069 semitis
856 5006 929 5087 tuis,
945 5014 980 5070 ut
1074 5026 1107 5081 re.
1124 5008 1347 5088 Apparuerunt
1360 5002 1519 5085 Apostolis
1533 5002 1706 5085 dispertite
1720 5002 1781 5066 lin·
1795 5012 1926 5063 teuto.

226 5125 300 5173 non
316 5112 505 5169 moveantur
519 5102 653 5186 vestigia
666 5124 748 5167 mea.
1034 5124 1104 5187 gua
1118 5112 1268 5185 tanquam
1284 5103 1380 5185 ignis,
1396 5102 1539 5183 seditque
1554 5101 1690 5184 Spiritus
1704 5102 1781 5165 San-

55 5229 203 5278 mmur-a.
270 5203 411 5271 ldirilica
435 5202 666 5267 misericordias
692 5211 773 5284 tuas,
795 5203 851 5285 qui
875 5204 979 5268 salvos
1035 5211 1104 5267 ctus
1129 5222 1225 5284 supra
1253 5200 1396 5282 singulos
1420 5217 1540 5263 eorum.
1566 5200 1586 5279 †
1608 5200 1647 5263 Et
1669 5199 1779 5282 repleti

224 5305 317 5371 lacis
339 5310 502 5385 sperantes
522 5302 555 5365 in
577 5309 618 5365 te.
927 5378 928 5383 ἵ
1036 5310 1110 5365 sunt
1124 5319 1236 5366 omnes
1251 5299 1370 5383 Spiritu
1385 5298 1511 5375 Sancto,
1527 5296 1665 5361 alleluia.
