4309 6259
572 510 612 557 ll!
632 510 780 559 PASSIONE
800 510 908 559 neuim
928 512 1116 561 SALVATORIS
1138 511 1297 561 DlthGllS.
1319 532 1360 545 -
1380 515 1450 561 ant.
1474 515 1529 563 xm
1766 499 1823 563 29i

276 677 384 759 piant,
400 679 479 744 dure
500 683 704 763 respondent,
720 692 776 747 aut
799 684 897 766 impie
920 682 1066 747 cumi-h
1082 684 1210 767 tatione,
1223 686 1321 750 clavis
1335 686 1437 749 divini
1451 686 1574 751 timoris
1588 706 1625 751 ac
1640 684 1827 751 obedientie

276 785 407 840 nentur.
1082 784 1228 847 salutaris
1249 804 1417 867 persevera
1439 785 1590 866 usquein
1610 785 1710 848 linem
1729 784 1829 848 conli-

320 875 588 941 Sanvarus.-lu
602 880 702 959 hoc,o
717 880 1026 962 Domine‚deplango
1081 901 1151 943 xus.
1167 882 1206 944 Et
1231 883 1313 945 sicut
1338 882 1372 944 in
1398 882 1540 965 patibulo
1564 883 1630 964 Jam
1655 900 1829 966 suspensus

275 982 312 1034 et
326 974 402 1035 satis
416 974 537 1038 dellere
558 995 682 1058 nequeo
696 997 748 1040 me
762 978 868 1059 ipsum
890 979 1028 1040 miserri·
1081 979 1306 1061 doloribusque
1327 980 1466 1062 repletus
1486 999 1550 1044 non
1572 982 1680 1062 sentit,
1695 999 1760 1044 non
1783 1000 1831 1043 re-

276 1089 379 1133 mum.
400 1070 472 1149 Sed,
494 1090 617 1153 precor,
638 1092 760 1155 expore
784 1074 942 1154 quomodo
966 1075 1027 1137 ista
1082 1078 1241 1156 cordatur,
1258 1097 1317 1142 nec
1333 1078 1445 1141 ulcisci
1467 1078 1581 1159 querit
1601 1078 1747 1160 injurias,
1764 1097 1828 1141 uon

276 1176 365 1230 stent
382 1169 490 1250 simul,
506 1177 543 1231 ut
561 1170 657 1232 velim
677 1172 718 1234 ab
736 1171 885 1235 omnibus
905 1172 1024 1254 sperni,
1081 1175 1120 1237 de
1136 1176 1273 1238 sensuali
1290 1176 1409 1257 cogitat
1424 1175 1598 1258 voluptate,
1616 1194 1680 1239 non
1695 1176 1734 1239 de
1750 1195 1829 1258 pre-

275 1266 474 1345 conculcari‚
497 1267 655 1349 injuriari,
682 1270 937 1333 accusationibus
961 1290 1025 1334 uon
1081 1274 1180 1336 sentis
1195 1274 1267 1337 vite
1283 1274 1413 1355 honore,
1431 1275 1474 1336 ita
1493 1293 1552 1337 nec
1572 1284 1605 1337 tu
1623 1298 1631 1336 ι
1647 1274 1711 1337 imo
1726 1274 1828 1357 peni-

276 1366 483 1447 respondere‚
504 1375 536 1429 et
550 1375 656 1430 tamen
672 1368 815 1431 studeam
835 1368 1025 1451 exemplaris
1081 1371 1202 1435 tentiali
1217 1372 1337 1451 dolore,
1353 1372 1412 1454 pie
1427 1372 1657 1455 compassionis
1679 1371 1828 1437 alilietio-

275 1461 440 1527 exsistere.
1081 1490 1133 1551 ue,
1159 1478 1268 1533 sancta
1292 1480 1323 1533 et
1347 1471 1485 1535 virtuosa
1511 1470 1682 1535 allectione
1709 1471 1828 1554 jugiter

321 1562 492 1626 Saevates.
512 1598 553 1609 —
579 1563 751 1646 Utrumque
779 1583 837 1647 per
862 1565 1026 1630 discretio-
1082 1566 1243 1648 replearis.

274 1679 354 1723 nem
368 1668 458 1742 potes
472 1669 504 1724 et
517 1662 615 1725 debes
629 1662 774 1745 implere,
791 1663 835 1726 ite
849 1670 884 1726 ut
897 1663 1027 1727 humili·
1121 1662 1291 1727 Sacvarus.
1306 1663 1384 1727 -Ο
1403 1664 1535 1729 Domine
1554 1665 1635 1728 Deus
1660 1664 1825 1745 virtutum,

274 1760 353 1821 tatis
377 1778 496 1840 amore,
516 1761 674 1842 passionis
693 1781 772 1825 mee
791 1761 908 1825 intuitu
932 1771 965 1825 et
987 1784 1026 1826 ex
1081 1761 1153 1824 lons
1168 1762 1272 1825 omnis
1286 1762 1394 1843 gratie
1410 1782 1446 1826 ac
1462 1764 1584 1843 salutis,
1594 1763 1829 1845 magistromm-

275 1866 405 1920 tuarum
426 1859 681 1922 consideratione
702 1858 880 1942 culparum,
896 1880 970 1924 vere
994 1859 1063 1924 etB
1082 1878 1143 1941 que
1158 1860 1286 1941 optime,
1304 1861 1415 1925 conler
1429 1862 1506 1924 mihi
1520 1863 1588 1925 hec
1604 1861 1713 1925 omnia
1730 1860 1829 1924 adim-

272 1975 318 2018 ex
331 1956 426 2020 corde
439 1956 612 2039 dosideres,
622 1966 777 2039 quantum
791 1958 824 2021 in
839 1968 870 2022 te
885 1968 943 2041 est,
957 1960 1027 2023 irri-
1082 1956 1169 2039 plere
1191 1976 1261 2039 que
1282 1959 1389 2022 doces.

271 2054 347 2117 deri
365 2063 397 2117 et
419 2056 592 2136 contemni,
618 2056 765 2138 injurias,
790 2057 953 2121 dillamias
973 2060 1028 2123 ad·

272 2171 432 2235 versaque
445 2154 554 2217 omnia
570 2153 801 2235 equanimiter,
818 2154 883 2219 imo
901 2164 934 2219 et
951 2176 1028 2239 gau·

270 2250 367 2313 diose
382 2251 523 2333 portame
540 2276 548 2315 :
565 2251 630 2316 imo
650 2260 683 2315 et
700 2251 747 2315 sic
766 2253 908 2335 perieras
927 2272 976 2332 ea,
992 2262 1028 2317 ut
1270 2221 1517 2289 ARTICULUS
1541 2222 1636 2287 Xffl·

271 2347 379 2413 nihilo
392 2350 499 2412 minus
517 2350 659 2413 ffll'llfllis
679 2350 735 2413 1)θὶ
754 2370 791 2414 8⁰
810 2351 1026 2433 Pf⁰¹iffl⁰fflffl
1082 2369 1233 2439 Qualiter
1262 2370 1487 2429 indesinenter
1518 2371 1757 2431 reminiscenda
1787 2370 1830 2430 sit

270 2446 409 2528 aflectu,
438 2447 626 2512 obedientie
660 2458 755 2531 atque
788 2449 919 2530 justitie
945 2452 1024 2533 zelo,
1130 2460 1240 2535 passio
1255 2460 1379 2519 Christi
1391 2461 1435 2519 ad
1445 2461 1659 2537 ploriendnm
1675 2461 1713 2518 in
1727 2480 1774 2520 ea.

272 2554 402 2627 satagas
416 2546 542 2609 cunctis
557 2547 717 2628 prodesse,
734 2548 788 2609 Dei
804 2549 958 2612 honorem
972 2569 1028 2613 au-

61 2670 251 2721 nem-sara
271 2663 364 2726 gere,
393 2644 553 2727 proximos
580 2644 751 2724 edificare,
780 2645 896 2709 Christi
923 2647 1026 2711 bonus
1121 2644 1295 2709 Saevarou.
1319 2680 1361 2691 —
1380 2645 1461 2708 dudi
1488 2654 1520 2709 et
1544 2646 1667 2710 imitare
1687 2646 1748 2709 Vas
1767 2647 1830 2709 ele·

271 2761 349 2805 esse
362 2743 441 2806 odor
462 2743 496 2805 in
518 2744 606 2807 omni
626 2743 698 2809 loco
718 2752 751 2807 et
769 2752 922 2827 tempore.
938 2745 1026 2821 Quod
1081 2743 1207 2824 ctionis,
1234 2751 1379 2807 sanctum
1404 2752 1436 2805 et
1460 2743 1605 2807 divinum
1630 2745 1827 2826 Apostolum,

271 2840 302 2903 si
318 2840 360 2903 de
373 2840 480 2922 aliquo
494 2840 677 2905 notabiliter
689 2843 779 2924 gravi
793 2850 826 2905 et
839 2844 1027 2908 scandaloso
1081 2842 1311 2905 exclamantem
1329 2865 1336 2903 :
1353 2840 1426 2903 Mihi
1450 2842 1533 2904 absit
1555 2841 1695 2924 gloriari,
1712 2842 1774 2904 nisi
1796 2843 1829 2905 in
1858 2860 1935 2905 erar.
1946 2874 1976 2913 n.

271 2939 437 3001 accuseris
451 2946 506 3001 aut
518 2938 698 3003 dillameris
718 2950 861 3023 peccato,
877 2950 967 3023 potes
988 2961 1025 3006 ac
1082 2959 1176 3003 cruce
1191 2940 1316 3003 Domini
1331 2939 1430 3003 nostri
1446 2940 1519 3002 lesu
1534 2940 1725 3021 Christi,per
1736 2958 1829 3022 quem
1846 2926 1878 2967 ¹⁴·

270 3036 376 3099 debes
394 3046 426 3099 te
450 3045 593 3119 tempore
616 3046 796 3120 opportuno
820 3058 892 3102 cum
917 3033 1062 3104 mode-C
1082 3038 1160 3100 mihi
1176 3040 1314 3101 mundus
1328 3036 1502 3101 crucifixus
1516 3045 1615 3117 estet
1628 3056 1687 3119 ego
1702 3039 1827 3103 mundo.

271 3136 349 3212 stin,
365 3136 545 3199 maturitate
565 3144 599 3199 et
617 3137 845 3219 tranquillitate
860 3138 1026 3203 sinceriter
1122 3136 1290 3201 Saevates.
1311 3172 1352 3183 -
1375 3136 1537 3211 Quomodo
1561 3135 1636 3199 boni
1661 3137 1744 3200 servi
1769 3146 1828 3218 est,

272 3252 441 3314 excusare,
456 3252 498 3297 ne
512 3233 567 3296 alii
582 3235 835 3298 scandalizentur
848 3236 881 3298 in
897 3245 948 3314 ιιι
965 3238 1026 3299 sic·
1079 3234 1120 3297 de
1144 3234 1241 3297 tantis
1266 3234 1432 3317 suppliciis
1455 3242 1550 3315 atque
1578 3234 1769 3316 opprobriis,
1790 3236 1829 3299 de

103 3366 126 3395 a
185 3359 251 3399 ,η
271 3350 341 3413 que
365 3332 469 3395 luceat
492 3332 546 3394 lux
571 3339 624 3395 tua
648 3351 755 3397 coram
779 3334 975 3415 hominibus,
991 3342 1027 3398 ut
1081 3340 1145 3395 tam
1180 3332 1307 3413 iniustis
1341 3332 1466 3396 Domini
1505 3332 1554 3395 sui
1592 3333 1729 3415 gaudere
1767 3341 1831 3397 tor·

271 3431 377 3493 Deum
391 3430 585 3513 glorificent,
601 3438 634 3493 et
647 3431 709 3513 ipsi
729 3431 951 3509 edilicentur3
967 3434 1027 3495 im-
1082 3430 1220 3492 mentisl

165 3548 182 3590 ·.
241 3529 428 3611 ‚pleasque
441 3530 526 3610 quod
545 3527 589 3591 ait
606 3528 769 3611 Scriptura
785 3552 793 3591 ε
809 3529 922 3592 Curam
943 3530 1025 3594 habe
1120 3528 1293 3590 Sauvaroa.
1309 3527 1406 3589 —De
1421 3526 1481 3589 hoc
1497 3546 1535 3589 ex
1549 3526 1754 3609 praeinductis
1774 3546 1945 3611 pat-peric.

271 3629 315 3690 de
339 3625 422 3690 bono
446 3625 587 3690 nomine.
604 3626 829 3689 Verumtamen
853 3645 951 3709 opera
974 3648 1026 3691 su·
1080 3633 1126 3688 tet
1149 3624 1325 3707 responsio.
1342 3623 1472 3704 Nempe,
1490 3625 1522 3685 in
1542 3632 1697 3705 quantum
1723 3625 1828 3707 passio

269 3723 526 3807 pererogationis
539 3732 572 3786 et
586 3724 677 3806 signa
692 3723 862 3805 singularis
882 3726 1025 3791 devotio-
1079 3741 1151 3785 mea
1170 3721 1325 3785 salvativa
1343 3722 1439 3785 totius
1460 3722 1587 3803 generis
1611 3731 1660 3784 est
1681 3722 1825 3802 humani,

267 3823 326 3885 nis
342 3840 399 3903 pro
412 3840 505 3904 posse
520 3830 595 3885 sunt
607 3821 936 3887 occultandaluterea
950 3824 1023 3887 vida
1081 3827 1207 3901 lamque
1222 3820 1382 3884 meritoria
1396 3819 1504 3901 gratie
1518 3827 1550 3881 et
1569 3818 1681 3881 salutis
1702 3820 1828 3884 univer·

267 3929 305 3983 et
330 3939 408 3983 cave
431 3938 472 3982 ne
496 3938 534 3982 ex
559 3919 688 4003 pmprio
712 3928 745 3983 et
768 3921 893 4002 privato
917 3940 1024 3987 amore
1079 3937 1200 3995 sorum,
1216 3926 1280 3981 tem
1294 3916 1484 3981 edificativa
1499 3926 1531 3980 et
1545 3917 1736 3981 instructius
1750 3937 1827 3981 eun·

265 4017 396 4082 oriatrrr
413 4017 574 4081 excusatio
595 4026 660 4097 tua,
676 4026 732 4079 aut
754 4016 846 4081 bone
870 4019 1024 4101 appetitio
1078 4026 1202 4080 olorum
1224 4016 1382 4097 fidelium,
1399 4024 1431 4078 et
1453 4016 1598 4078 omnium
1623 4016 1705 4079 liber
1730 4017 1828 4081 virtu-

265 4120 379 4195 lame,
396 4136 453 4180 seu
473 4118 642 4181 delectatio
657 4116 690 4179 in
705 4118 839 4181 aliorum
860 4118 1024 4183 edificati-
1078 4114 1318 4195 tum,universe
1328 4114 1533 4196 perfeetionis
1544 4114 1714 4196 exemplar,
1721 4116 1828 4198 regula

266 4235 337 4282 one
358 4235 396 4279 ex
416 4222 458 4278 te.
1039 4215 1162 4294 brie,
1179 4232 1290 4277 norma
1308 4212 1405 4277 totius
1424 4211 1588 4293 religionis
1613 4220 1645 4275 et
1667 4213 1828 4295 glorifica·

312 4314 485 4378 Saevates.
500 4348 542 4361 -
554 4313 717 4389 Quomodo
736 4315 798 4379 hoc
820 4316 1022 4380 discemamt
1078 4313 1143 4376 tiva
1156 4312 1255 4376 Patris
1274 4311 1394 4390 eterni,
1410 4310 1547 4393 dejectio
1568 4312 1760 4393 demonum,
1776 4332 1829 4376 ex·

312 4412 488 4476 Sauvaron.
500 4446 542 4457 -
555 4411 587 4475 Si
602 4430 802 4495 neququam
817 4415 857 4477 ad
872 4423 902 4477 te
917 4416 1022 4498 ipsum
1078 4411 1220 4494 emplum
1241 4409 1454 4493 spiritualium
1476 4409 1722 4492 triumphomm,
1738 4430 1828 4493 repa-

263 4510 412 4575 inaniter
431 4508 619 4590 reflecteris,
634 4510 696 4574 hoc
720 4519 771 4574 est
793 4513 833 4575 ad
857 4514 1021 4596 proprium
1078 4511 1158 4574 ratio
1186 4509 1286 4571 ruine
1314 4507 1452 4572 celestis
1479 4508 1663 4589 Jerusalem,
1690 4510 1827 4574 maxime

264 4608 477 4674 commodum
501 4608 552 4670 vel
581 4609 746 4688 honorem,
773 4610 828 4672 sed
853 4618 954 4674 totum
982 4614 1021 4676 ad
1078 4628 1204 4691 quoque
1228 4605 1387 4671 ostensiva
1412 4606 1550 4669 caritatis
1571 4626 1648 4670 mee
1667 4609 1706 4671 ad
1725 4628 1827 4691 genus

262 4706 328 4772 Ilei
358 4706 483 4769 laudern
517 4714 549 4769 et
582 4705 715 4787 gloriam
743 4708 1021 4791 proximorumque
1077 4710 1265 4786 humanum,
1282 4706 1346 4768 imo
1361 4714 1392 4767 et
1406 4704 1502 4769 totius
1518 4724 1649 4770 summe
1664 4706 1826 4770 Trinitatis

262 4804 530 4883 edificationem,
547 4813 603 4867 aut
622 4805 718 4867 etiam
733 4807 773 4869 ad
788 4826 898 4870 verum
913 4816 945 4871 et
959 4809 1022 4891 spi·
1077 4808 1116 4871 ad
1132 4806 1256 4869 illudet
1275 4804 1400 4887 pietatis
1422 4804 1579 4885 ejusdem,
1596 4804 1659 4869 imo
1681 4813 1714 4868 et
1734 4807 1826 4869 meri-

261 4903 421 4969 ritualem
447 4903 495 4965 tui
523 4902 703 4983 pmiectum
730 4922 768 4967 ac
795 4907 1023 4970 remuneratio-
1077 4905 1159 4969 toria
1173 4904 1251 4968 mihi
1272 4904 1331 4986 ipsi
1353 4903 1628 4967 excellentissime
1649 4904 1827 4969 accidenta-

261 5020 348 5066 nem
367 5000 401 5063 in
425 5002 540 5081 Deo,a
564 5001 628 5064 Deo
653 5010 685 5063 et
709 5002 885 5065 secundum
909 5004 1020 5085 ileum,
1078 5004 1117 5066 lis
1132 5002 1287 5066 mercedis
1302 5001 1637 5085 (sicutaitdpostolus
1655 5026 1661 5065 :
1676 5003 1825 5066 Videmus
1842 5030 1972 5085 meme,

261 5098 442 5165 sinceriter
464 5098 595 5162 referas.
621 5098 729 5180 Itaque
756 5100 914 5182 passionis
943 5122 1021 5166 mee
1078 5102 1185 5165 lesum
1201 5110 1329 5183 propter
1343 5101 1523 5183 passionem
1542 5101 1653 5164 mortis
1673 5101 1774 5182 gloria
1795 5108 1828 5163 et

258 5197 388 5265 intuitu
403 5206 436 5261 et
448 5197 510 5260 mei
526 5216 633 5260 amore
647 5215 763 5281 corpus
778 5206 869 5261 tuum
880 5201 1022 5281 quotidie
1079 5201 1200 5263 honore
1225 5208 1431 5278 coronatum;
1449 5199 1587 5280 itemque
1605 5222 1612 5261 :
1629 5199 1741 5261 Factus
1765 5206 1825 5279 est,
1841 5236 1973 5294 mmm,

258 5296 478 5365 mediocriter
492 5296 605 5359 saltem
619 5295 820 5378 flagellesln
835 5298 939 5362 erucis
953 5298 1023 5361 imi·
1081 5298 1196 5381 inquit,
1205 5298 1356 5361 obediens
1371 5316 1471 5379 usque
1486 5298 1524 5359 ad
1540 5305 1685 5374 mortem,
1700 5306 1828 5380 pmpter
1842 5303 1863 5353 ⁸·
1877 5302 1898 5347 ⁹·
1967 5330 1971 5345 ι
