4309 6259
619 504 776 554 exrosrrro
797 506 895 553 urum
919 512 926 551 :
949 506 987 553 ur
1008 506 1128 561 ooaaur
1147 508 1237 556 naxia
1664 484 1702 551 8l

156 671 366 755 sionibusque
400 658 622 753 succumbunt,
659 696 718 740 ncc
753 678 944 742 continuod
961 678 1192 742 rationabiliter
1206 678 1410 753 studeamus3
1428 676 1461 737 in
1476 675 1568 739 lloris
1587 681 1619 736 et
1639 674 1705 736 lau·

155 770 313 851 profectui
340 772 435 855 digne
460 774 611 838 insistunt
634 776 787 856 quotidie,
805 784 840 837 ut
860 784 905 839 te·
958 776 1052 839 dibus
1067 777 1136 854 Dei,
1153 776 1187 838 in
1202 776 1344 840 oratione
1364 782 1396 837 ct
1415 772 1628 837 celebratione
1644 780 1706 834 sta-

155 877 272 931 nentur
286 878 317 931 et
332 890 442 934 eorum
457 872 594 936 includit
608 872 763 955 professio
777 896 783 933 z
798 891 904 936 nonne
959 874 1039 937 biles
1061 893 1099 937 ac
1121 873 1320 937 devotissimi
1344 873 1455 935 simus

154 966 276 1047 duplici
293 969 495 1050 contritione,
514 970 684 1052 multiplici
701 969 777 1033 conl
779 971 902 1047 usione,
997 970 1169 1047 Postremo,
1178 969 1323 1032 videntes
1337 976 1492 1051 quantum
1507 965 1706 1029 conversatio

155 1065 345 1145 gravissime
367 1068 570 1132 damnatione
591 1075 666 1131 sunt
686 1067 798 1149 dignit
958 1076 1066 1130 nostra
1079 1088 1099 1130 a
1113 1076 1239 1150 patrum
1255 1074 1436 1132 nostrorum
1451 1063 1704 1143 conversatione,

196 1162 301 1226 Simus
327 1183 413 1246 ergo,
434 1184 454 1229 o
478 1165 604 1243 iratres,
626 1166 843 1229 indesinenter
866 1186 903 1229 ac
958 1165 1031 1243 beu,
1047 1166 1121 1246 beu,
1138 1166 1222 1228 beul
1239 1165 1344 1243 distet,
1362 1164 1503 1242 deliciet,
1517 1162 1605 1243 lapsa
1620 1162 1661 1223 sit
1675 1168 1707 1224 et

154 1278 280 1323 summe
310 1260 439 1325 solliciti
467 1282 509 1325 ne
538 1263 636 1326 Deum
651 1271 697 1331 ¹et
725 1263 902 1326 Creatorem
957 1264 1137 1342 occumbat,
1153 1264 1233 1346 prob
1249 1263 1359 1327 dolort
1376 1271 1408 1325 et
1423 1261 1620 1338 succumbet,
1634 1259 1708 1321 inti-

154 1367 300 1423 nostmm
334 1359 540 1441 altissimum,
571 1361 765 1425 Salvatorem
799 1361 905 1443 piissi-
957 1382 1008 1426 me
1032 1364 1209 1442 doleamus,
1225 1364 1398 1446 ploremus,
1419 1371 1514 1444 atque
1538 1360 1572 1423 in
1596 1359 1707 1422 inlini·

121 1457 125 1464 '
154 1476 256 1538 mum,
273 1458 415 1522 Iudicem
433 1460 731 1523 metuendissimum
747 1459 781 1522 in
796 1459 904 1541 aliquo
957 1470 1024 1524 tum
1050 1481 1108 1527 nos
1133 1462 1220 1545 ipsos
1244 1481 1462 1544 aspernemur,
1485 1459 1703 1535 humiliemus,

153 1554 371 1639 offendamus,
387 1577 429 1620 no
443 1558 542 1621 ullam
557 1558 710 1642 temporis
725 1558 835 1621 horam
850 1566 905 1621 eut
957 1568 988 1622 et
1002 1561 1094 1642 quasi
1110 1560 1170 1623 sub
1188 1569 1272 1623 terra
1291 1578 1349 1624 uos
1368 1558 1580 1637 defodiamus,
1597 1575 1705 1621 coram

154 1654 313 1718 morulam
343 1654 539 1720 infructuose
569 1666 836 1740 pertranseamus,
863 1674 903 1720 ne
957 1659 1120 1723 Altissimo
1135 1678 1289 1742 apparere
1303 1659 1538 1722 erubescentes.
1554 1656 1629 1731 Quis
1645 1654 1707 1718 scit
1720 1683 1844 1731 mm,

21 1766 138 1816 nonan.
153 1751 246 1815 fratri
275 1754 372 1817 alicui
402 1754 636 1819 offendiculum
666 1774 822 1839 ponamus
850 1765 904 1819 aut
958 1758 983 1819 si
1006 1758 1150 1841 ignoscat
1171 1760 1265 1838 Deus,
1281 1766 1314 1821 et
1332 1776 1397 1821 non
1417 1775 1595 1840 pereamus,
1612 1755 1639 1817 si
1661 1764 1706 1817 ta-

10 1834 40 1873 ¹³'
152 1852 353 1916 scandalum.
380 1854 600 1917 lndesinenter
629 1854 712 1917 intra
736 1873 794 1918 nos
817 1853 905 1917 dica·
920 1858 943 1919 B
957 1876 1031 1919 meu
1052 1858 1290 1940 resipiscamus,
1306 1866 1338 1919 et
1353 1855 1592 1939 compunctioni
1611 1862 1705 1934 atque

10 1962 226 2019 “messuimus
245 1974 252 2013 :
272 1951 357 2013 Vivit
375 1951 540 2030 Dominus,
563 1952 595 2014 in
616 1952 709 2034 cujus
730 1961 903 2035 conspectu
958 1956 1108 2019 custodias
1137 1956 1243 2021 cordis
1277 1963 1406 2019 strenue
1441 1954 1638 2031 insistamus,
1667 1970 1705 2015 ac

10 2030 27 2071 ¹·
151 2054 204 2110 sto
228 2047 334 2111 bodie.
359 2048 394 2111 ln
418 2050 506 2114 omni
531 2050 601 2115 loco
630 2058 661 2113 et
691 2059 843 2133 tempore,
870 2050 902 2112 in
956 2054 1045 2135 juxta
1070 2053 1262 2135 exigentiam
1287 2062 1403 2117 nostrae
1427 2051 1603 2116 vocationis
1631 2069 1706 2114 con-
1719 2076 1855 2133 apuam„

150 2146 243 2210 omni
266 2157 339 2211 actu
364 2156 396 2211 et
423 2151 644 2233 occupatione,
672 2150 706 2213 in
735 2170 845 2214 mensa
873 2160 905 2215 et
959 2152 1077 2215 versari
1102 2152 1199 2233 digne
1225 2152 1289 2216 Deo
1311 2152 1433 2233 jugiter
1455 2150 1635 2213 enitamurl
1658 2149 1706 2212 Ad
1721 2140 1856 2191 ⁶⁰¹⁰'⁸¹·¹⁰·

150 2245 282 2323 lectulo,
292 2246 453 2329 sapienter
467 2249 667 2312 advertamus
681 2256 713 2311 el
727 2249 903 2331 cogitemus
957 2268 1027 2331 quaa
1042 2250 1149 2312 omnia
1159 2251 1350 2332 peragenda,
1358 2247 1609 2312 sacratissimum
1620 2247 1705 2310 huno

150 2342 246 2407 illum
261 2363 331 2407 esse
347 2354 546 2427 praesentem,
562 2356 593 2409 et
612 2366 719 2411 coram
740 2347 796 2411 illo
815 2346 903 2410 inde
955 2346 1110 2411 loannem
1138 2347 1313 2412 affectuose
1342 2366 1490 2429 rogemus
1517 2366 1555 2410 ac
1583 2363 1709 2428 semper

150 2450 264 2505 center
283 2462 341 2507 nos
365 2443 481 2506 babere
505 2445 642 2509 maxime
664 2446 898 2509 erubescamus.
956 2446 989 2507 in
1014 2446 1144 2528 speciali
1166 2465 1273 2511 amore
1292 2448 1515 2529 precipuoque
1535 2445 1709 2509 habeamus

149 2538 277 2604 Sancte
298 2539 461 2604 sobrietati
481 2548 514 2605 et
532 2542 674 2627 corporis
699 2542 900 2625 castigationi
957 2544 1089 2609 bonore.
