4309 6259
431 528 471 575 DE
491 526 650 574 rucuma
670 526 707 571 ΕΤ
727 524 892 573 nluutmn
913 524 1029 580 nanta,
1052 524 1140 571 trualt
1156 525 1198 572 lll.
1222 542 1262 553 -
1283 525 1352 571 aaa.
1376 525 1430 572 xlx
1648 505 1708 571 553

50 715 150 765 auara
162 696 280 760 exarsit
296 720 303 759 :
320 717 435 780 nempe
448 698 629 781 Egyptium
643 696 735 759 illum
757 714 821 759 non
836 695 905 759 sinc
920 694 946 757 Α
961 694 1158 759 castimonia
1185 694 1321 759 sollicita
1349 694 1420 759 fuit.
1450 696 1570 759 Rursus
1603 702 1708 758 autem

161 803 293 877 peccato
320 797 448 860 occidit.
474 796 669 878 Augustinus
697 795 731 857 in
758 793 907 869 Quaestio·
961 792 1058 875 Virgo
1072 812 1162 856 sacra
1182 794 1222 857 ad
1244 794 1406 857 coelestem
1428 794 1706 876 paranymphum:

161 894 256 956 nibus
280 914 376 976 super
393 894 534 959 Exodum
555 893 634 958 dicit
653 895 778 975 Moysen
801 892 834 954 in
855 910 908 955 oc·
960 891 1042 954 Ecce
1069 891 1201 974 (inquit)
1228 892 1345 956 ancilla
1372 892 1518 969 Domini;
1543 891 1602 955 fiat
1629 892 1708 955 mihi
1723 910 1843 962 avaras.

161 991 281 1055 cisione
310 992 446 1075 Egyptii
474 1011 635 1074 peccasse.
665 991 770 1073 Aliqui
800 998 906 1053 tamen
962 988 1138 1052 secundum
1166 990 1299 1053 verbum
1326 998 1427 1053 tuum.
1458 990 1618 1072 Numquid
1651 991 1710 1053 bu-

160 1108 235 1151 eum
249 1100 411 1169 excusant,
427 1090 600 1173 prasertim
615 1109 714 1171 quum
728 1089 814 1151 dicat
827 1090 908 1169 Apo
961 1086 1129 1149 militatem
1145 1088 1277 1151 verbum
1297 1088 1358 1152 boc
1378 1106 1442 1151 uon
1457 1088 1600 1152 redoletl
1614 1087 1709 1152 Porro

50 1204 98 1247 aa.
118 1218 147 1253 ιι,
162 1188 263 1252 stolus
277 1211 284 1249 :
297 1189 373 1251 Fide
386 1189 506 1271 lfoyses
520 1187 683 1251 interfecit
696 1186 907 1270 Egyptium¹,
963 1184 996 1246 in
1012 1184 1133 1266 nuptiis
1147 1185 1186 1248 ad
1201 1185 1316 1248 Filium
1334 1210 1340 1247 :
1358 1186 1474 1248 Vinum
1489 1187 1630 1267 (asserit)
1645 1206 1709 1250 non
1724 1204 1857 1253 amana.

50 1298 139 1385 ‘W
163 1305 228 1349 non
252 1286 372 1350 veritus
392 1286 627 1350 animositatem
651 1285 746 1367 regis.
766 1284 909 1365 Denique
962 1282 1090 1345 babent.
1114 1283 1152 1345 Et
1175 1302 1251 1347 ecce
1276 1285 1417 1347 clemens
1443 1284 1632 1367 compassio.
1653 1284 1711 1347 lle

50 1398 129 1447 mua
162 1384 232 1446 dire
247 1385 322 1447 satis
337 1384 369 1446 in
389 1384 571 1448 idololatras
590 1392 695 1447 motus
718 1390 777 1460 θεῖ,
794 1380 907 1462 viginti
963 1380 1060 1462 nique
1086 1380 1165 1444 Filio
1190 1382 1419 1464 postmultum
1448 1384 1574 1445 taudem
1605 1382 1712 1446 anxie-

51 1455 135 1567 ,ffi'
162 1484 225 1545 tria
247 1483 351 1545 millia
376 1502 441 1546 uno
464 1483 505 1563 (si
531 1482 591 1545 rite
615 1480 762 1558 memini)
786 1480 836 1543 dic
861 1480 910 1541 in·
963 1486 1059 1541 tatem
1081 1479 1115 1541 in
1136 1480 1256 1562 templo
1277 1480 1408 1543 invento
1425 1504 1432 1542 ι
1449 1481 1508 1543 Fili
1530 1481 1611 1561 (ait),
1633 1480 1711 1563 quid
1725 1500 1858 1551 aucun.

160 1580 323 1643 terimons.
345 1580 465 1659 Denuo,
485 1580 752 1661 quemadmodum
778 1578 810 1639 in
831 1578 909 1642 Cure
962 1576 1067 1639 fecisti
1089 1577 1182 1639 uobis
1205 1578 1272 1640 sicl
1292 1577 1374 1640 Ecce
1395 1597 1454 1659 ego
1476 1586 1507 1641 et
1529 1587 1618 1658 pater
1639 1587 1711 1642 tuus

161 1677 297 1757 ejusque
321 1676 492 1757 participes
520 1676 619 1739 iratus
646 1675 813 1754 exstiterit,
839 1675 909 1757 ipsa
962 1675 1106 1738 dalmatas
1121 1677 1340 1756 querebamus
1356 1685 1396 1739 to.
1413 1678 1526 1740 Annon
1543 1678 1631 1741 suavi
1647 1697 1713 1740 ma-

162 1794 220 1836 sua
248 1774 360 1855 pandit
385 1774 495 1837 oratio.
525 1774 624 1837 Deum
652 1792 790 1854 namque
817 1773 910 1835 effla·
962 1780 1115 1853 ternaque
1138 1772 1310 1837 allectione
1332 1793 1436 1838 sermo
1458 1775 1517 1839 iste
1539 1777 1712 1840 exuberatl

51 1908 88 1935 a..
106 1908 146 1936 m.
160 1874 268 1953 gitans
285 1896 292 1933 :
309 1872 354 1934 Ne
368 1872 521 1953 respicias
534 1872 665 1953 (inquit)
679 1870 836 1934 sacrificia
856 1867 945 1934 θεῖ-Β
963 1869 1000 1932 Et
1013 1870 1047 1931 in
1062 1872 1112 1933 bis
1127 1872 1255 1952 quidem
1271 1892 1289 1933 a
1304 1871 1382 1935 Filio
1397 1872 1560 1954 increpata
1574 1874 1710 1951 videtur,

50 1979 100 2061 'm
114 1990 245 2063 ³⁵nrum.
261 1971 392 2051 lfoxque
415 1972 455 2033 ab
480 1970 554 2051 igne
579 1970 639 2032 viri
659 1970 706 2031 illi
726 1969 907 2050 consumpti
963 1969 1080 2050 quippe
1110 1969 1160 2031 cui
1190 1970 1222 2031 in
1252 1968 1356 2052 primo
1380 1970 1501 2033 dictum
1526 1980 1574 2034 est
1600 1996 1607 2034 :
1632 1972 1711 2047 Quid
1726 1988 1859 2037 amala.

51 2092 145 2134 uer-aa.
160 2079 237 2131 suut
259 2092 267 2130 :
291 2068 368 2132 l‘ore
389 2077 495 2131 nmen
517 2088 536 2131 a
557 2076 639 2131 terra
660 2068 827 2149 absorptus
848 2074 906 2129 est.
963 2066 1041 2128 mibi
1067 2074 1100 2128 at
1123 2066 1180 2131 tibi
1205 2076 1262 2145 est,
1285 2068 1420 2131 mulieri
1441 2068 1473 2130 in
1496 2071 1636 2132 secundo
1658 2090 1713 2132 au-

160 2168 221 2229 Sed
246 2166 399 2247 numquid
428 2166 651 2248 hujuscemodi
675 2165 840 2247 quidpiam
868 2166 908 2229 de
963 2173 1027 2228 tent
1044 2190 1052 2227 :
1068 2165 1149 2241 Quid
1174 2176 1222 2230 est
1246 2168 1330 2249 quod
1355 2187 1405 2230 me
1427 2168 1638 2250 quaerebatisl
1654 2169 1713 2231 Ve-
1727 2186 1780 2231 aaa.
1794 2189 1859 2235 aaa.

159 2264 246 2327 dulci
269 2264 399 2346 Virgine
421 2265 527 2327 nostil
542 2264 712 2326 Enimvero
733 2284 807 2326 cum
828 2263 908 2327 Filio
963 2272 1141 2327 rumtamen
1159 2284 1268 2327 revera
1283 2266 1445 2347 increpata
1460 2286 1523 2329 non
1539 2274 1607 2329 est:
1623 2266 1714 2348 quip-

158 2363 192 2424 in
207 2364 378 2444 AEgyptum
398 2362 500 2443 fugit3
517 2362 741 2443 praedicantem
761 2360 907 2443 injuriari
964 2380 1003 2441 pe
1018 2380 1089 2442 quaa
1104 2362 1231 2445 culpam
1251 2364 1381 2426 omnino
1396 2382 1461 2425 non
1480 2364 1601 2445 habuit,
1618 2371 1713 2445 atque

158 2460 437 2542 blasphemarique
452 2460 800 2539 vidit3daemoniacum,
817 2460 909 2522 sedu-
963 2458 1004 2521 ab
1018 2459 1105 2522 omni
1127 2460 1361 2543 redargutionis
1377 2480 1473 2525 causa
1487 2461 1640 2524 immunis
1661 2482 1713 2525 ex-

158 2566 292 2635 ctorem,
308 2564 496 2639 potatorem,
513 2557 733 2639 blasphemum
753 2557 907 2639 appellari
964 2555 1054 2617 stitit.
1072 2555 1225 2638 Denique,
1242 2558 1268 2619 si
1289 2558 1458 2639 culpabilis
1478 2568 1555 2637 crat,
1572 2579 1630 2621 our
1648 2566 1713 2622 mm

157 2656 291 2718 audivit.
308 2655 470 2733 Praeterea,
486 2655 655 2737 flagellari,
672 2654 806 2736 albaque
821 2664 908 2718 veste
963 2660 1109 2734 pmmpte
1133 2654 1165 2715 in
1191 2662 1323 2735 utroque
1348 2655 1376 2716 ei
1403 2655 1501 2717 Filius
1530 2656 1712 2736 acquievitl

159 2754 264 2834 illudi,
281 2753 383 2835 spinis
402 2761 600 2831 coronatum,
622 2772 762 2835 purpura
782 2771 908 2836 quoque
963 2750 1087 2812 Etenim
1107 2751 1317 2815 irrationabili
1339 2752 1448 2834 utique
1473 2754 1559 2835 preci
1579 2774 1643 2817 nou
1664 2774 1712 2817 as-

158 2854 311 2915 rcstitum
339 2852 459 2933 egredi,
487 2853 615 2915 dicente
650 2850 796 2933 praeside,
825 2852 907 2914 Ecce
964 2848 1082 2911 sentire
1104 2868 1162 2931 par
1182 2860 1240 2912 est.
1263 2850 1488 2913 Verumtamen
1512 2852 1551 2914 ad
1574 2852 1644 2933 ejus
1665 2852 1714 2914 in-

158 2952 268 3028 bomo,
285 2949 460 3031 conspexit.
477 2950 621 3030 Insuper,
638 2968 764 3011 crucem
781 2947 842 3011 sibi
858 2948 910 3011 ba·
963 2946 1124 3026 stantiam,
1140 2955 1251 3011 auctor
1264 2956 1395 3025 natura,
1413 2948 1484 3029 ejus
1504 2958 1589 3012 certe
1603 2950 1711 3029 Filius,

157 3048 314 3129 julantem
329 3048 552 3129 prosequitur;
568 3047 682 3109 nudari
698 3046 907 3128 crucifigique
925 3048 947 3111 C
964 3046 1073 3108 vinum
1093 3046 1262 3127 produxit3
1284 3055 1377 3128 atque
1397 3067 1470 3110 cum
1496 3067 1534 3111 ea
1558 3068 1576 3110 a
1595 3050 1833 3131 templurensi.

159 3147 274 3208 cernit.
304 3145 365 3207 Sed
393 3145 549 3226 numquid
579 3145 612 3206 in
645 3146 759 3207 borum
787 3146 905 3226 aliquo,
962 3146 1171 3225 descendens,
1188 3146 1250 3227 ipsi
1269 3145 1412 3209 filialiter
1433 3146 1579 3210 subditus
1599 3146 1671 3210 fuit.

159 3242 387 3325 injuriantibus
409 3261 467 3305 suo
488 3242 605 3305 dilecto
626 3244 832 3324 exprobrasse
853 3252 909 3305 aut
1002 3244 1090 3317 Quod
1114 3253 1220 3307 autem
1246 3244 1279 3306 in
1303 3244 1354 3306 his
1376 3246 1534 3307 austerius
1553 3245 1582 3307 ei
1602 3245 1710 3323 Filius,

158 3340 275 3404 durum
302 3340 378 3421 quid
406 3341 533 3402 elocuta
561 3340 661 3402 fuisse
693 3340 907 3403 describiturl
964 3341 1065 3403 virtus
1088 3342 1196 3423 utique
1218 3350 1249 3404 et
1270 3342 1432 3424 Sapientia
1453 3343 1564 3419 Patria,
1586 3362 1714 3426 respou-

158 3439 227 3502 Non
257 3446 380 3520 poterat
415 3457 505 3501 mens
539 3438 594 3501 illa
629 3438 799 3500 mitissima
828 3440 907 3500 iram
964 3439 1050 3501 disse
1072 3438 1208 3519 videtur,
1230 3449 1361 3521 propter
1382 3458 1440 3503 nos
1463 3440 1550 3519 fecit,
1567 3442 1714 3504 erudiens

158 3537 467 3617 amaritudinemque
495 3536 676 3618 concipere,
705 3545 761 3598 aut
787 3536 906 3599 malum
963 3554 1004 3596 ne
1021 3536 1206 3617 parentibus
1223 3537 1393 3599 carnaliter
1407 3537 1502 3599 nimis
1517 3538 1711 3601 afficiamur.

159 3656 214 3717 pro
237 3635 322 3698 malo
343 3635 475 3697 reddere
492 3658 498 3695 :
516 3634 595 3715 quin
612 3635 688 3713 imo,
704 3654 802 3715 quum
824 3643 908 3697 esset
963 3632 1131 3714 Propterea
1145 3634 1292 3713 equidem
1308 3642 1339 3697 et
1354 3654 1582 3715 rursus‚quum
1594 3636 1623 3697 ei
1639 3654 1715 3717 prae

159 3734 227 3816 ipsa
262 3733 481 3815 pmnimorum
515 3732 646 3795 caritate
674 3732 905 3809 ardentissima,
963 3729 1083 3792 dicanti
1112 3730 1269 3812 quispiam
1299 3732 1470 3811 nuntiaret,
1500 3732 1581 3796 Ecce
1614 3741 1714 3795 mater
1741 3754 1830 3799 uarat.

159 3831 251 3894 cacis
275 3838 370 3912 atque
398 3830 577 3893 errantibus
601 3829 807 3891 vehementer
834 3846 909 3891 con·
963 3836 1017 3890 tua
1041 3836 1072 3891 et
1096 3828 1209 3891 fratres
1234 3828 1279 3890 tui
1306 3828 1385 3891 foris
1414 3838 1508 3910 stant,
1537 3840 1713 3913 quaerentes
1728 3830 1764 3867 ¹¹¹·
1779 3821 1812 3862 ⁴⁷·

158 3929 299 3992 doluisse
321 3929 481 3992 censenda
503 3936 562 3991 est.
964 3934 1013 4003 te;
1036 3926 1147 3989 durius
1170 3927 1294 3989 locutus
1315 3936 1445 4008 apparet
1467 3928 1563 4003 :Quae
1584 3938 1632 3992 θεῖ
1652 3930 1714 4011 (in-
1728 3945 1833 3989 reram.

198 4029 332 4111 lusuper
354 4028 522 4107 universa,
550 4026 577 4089 si
603 4025 692 4104 libet,
716 4025 908 4107 evangelica
963 4026 1091 4106 quiens)
1119 4034 1219 4089 mater
1246 4044 1329 4106 mea,
1355 4033 1387 4088 et
1413 4026 1469 4108 qui
1498 4035 1572 4091 sunt
1600 4028 1713 4091 fratres

159 4135 265 4189 retexe
280 4125 423 4188 veritatis
436 4125 652 4202 historiam,et
667 4143 761 4187 cerne
776 4123 802 4185 si
818 4124 909 4204 quid·
964 4124 1050 4186 mail
1072 4124 1253 4203 Enimvero,
1281 4143 1380 4206 quum
1406 4125 1474 4207 ipse
1499 4126 1623 4189 venerit
1648 4146 1712 4189 non
1738 4143 1862 4195 recusat.

160 4226 247 4307 piam
273 4226 390 4287 durum
414 4232 470 4286 aut
497 4232 582 4286 certe
610 4222 739 4285 crudele
768 4242 824 4284 seu
849 4223 1074 4303 mi-Dpacem
1104 4223 1158 4285 sed
1186 4221 1329 4304 gladium
1360 4223 1393 4285 iu
1423 4232 1537 4287 terram
1574 4225 1710 4305 mittere,
1728 4210 1761 4251 ³⁵·

160 4323 332 4401 natorium,
347 4324 387 4386 de
400 4322 495 4385 ldaria
508 4321 681 4384 inveneris.
696 4320 822 4383 Etenim
836 4340 907 4383 raro
964 4320 1081 4402 quippe
1097 4319 1151 4401 qui
1166 4329 1329 4402 parentem
1346 4341 1382 4384 ac
1397 4322 1530 4404 prolem,
1548 4342 1665 4385 marem
1682 4333 1714 4387 et

160 4423 332 4485 admodum
367 4420 601 4503 sapientissima
636 4419 907 4501 pudicissimaque
963 4417 1128 4498 feminam,
1152 4436 1305 4499 sponsum
1330 4440 1367 4482 ac
1393 4439 1541 4502 sponsam
1566 4441 1712 4502 separare

162 4529 264 4583 turtur
278 4521 384 4584 locuta
397 4520 589 4601 agnoscitur.
607 4519 831 4581 Verumtamen
847 4538 908 4579 ser·
962 4516 1128 4578 descendit
1141 4540 1148 4593 ;
1162 4517 1196 4587 si
1220 4516 1288 4598 ipse
1311 4518 1449 4581 molliter
1470 4519 1565 4581 nimis
1584 4520 1711 4583 llatrem

161 4638 293 4683 monum
311 4618 382 4699 ejus
402 4615 585 4698 qualitatem
605 4616 745 4679 intende.
767 4616 907 4678 Archan-
963 4612 1080 4676 affatus
1109 4614 1233 4691 fuisset,
1263 4615 1335 4694 quis
1363 4616 1472 4695 utique
1501 4636 1571 4678 eam
1600 4636 1712 4699 paren-

52 4754 146 4798 ΜΝ,
160 4718 267 4796 gelum
300 4715 396 4778 affari
421 4733 494 4779 orsa
523 4738 530 4776 ε
560 4715 722 4788 Quomodo
750 4714 820 4793 (ait)
849 4713 907 4775 fiet
963 4711 1048 4774 tibus
1062 4730 1158 4792 quam
1174 4712 1242 4794 ipse
1258 4712 1386 4776 edocuit
1399 4714 1626 4795 austeritatem,
1643 4716 1711 4797 ipso

160 4812 256 4893 istud,
270 4813 423 4895 quoniam
445 4812 548 4876 virum
571 4832 636 4875 non
657 4814 837 4894 cognoscol
853 4812 907 4873 Sa-
963 4811 1115 4872 suadente
1131 4810 1328 4873 ostenderetl
1338 4810 1463 4874 Etenim
1479 4811 1546 4875 suis
1561 4812 1709 4894 loquens:

160 4911 312 4991 pientiale
325 4910 372 4990 (ni
389 4910 496 4989 fallor)
511 4910 651 4991 itemque
666 4911 817 4991 pudicum
838 4929 907 4971 ver·
961 4908 1017 4983 uui
1034 4928 1097 4971 non
1113 4908 1180 4971 odit
1190 4908 1261 4988 (ait)
1272 4919 1393 4990 patrem
1409 4918 1440 4972 et
1454 4912 1710 4990 matrem,adbuc
1728 4926 1862 4977 tuemur.

160 5008 234 5071 bum
263 5010 325 5072 boc
352 5008 470 5072 exstitit
496 5032 503 5070 :
529 5028 645 5090 nempe
672 5009 712 5070 de
740 5008 833 5071 modo
859 5007 907 5068 in·
962 5016 1066 5070 autem
1083 5016 1114 5069 et
1128 5006 1267 5069 animam
1291 5026 1392 5085 suam,
1408 5025 1472 5070 non
1495 5017 1599 5090 potest
1620 5030 1710 5075 meus

160 5108 303 5171 consueti
317 5115 351 5171 ct
365 5106 614 5189 supernaturalis
628 5106 765 5169 effectus
780 5106 906 5187 plenius
962 5125 1032 5168 esse
1053 5104 1242 5186 discipulus.
1266 5105 1384 5187 ltaque,
1408 5114 1443 5168 ut
1463 5107 1559 5187 hujus
1583 5127 1710 5192 quoque

158 5206 283 5269 edoceri
299 5204 545 5288 prudentissima
561 5205 656 5286 Virgo
670 5204 814 5285 optabat3
828 5222 906 5285 praa-
963 5212 1081 5265 sancta
1096 5204 1290 5265 austeritatis
1310 5203 1413 5266 forma
1428 5204 1520 5267 nobis
1535 5206 1710 5289 exsisteret,

160 5312 245 5368 terea
270 5306 310 5368 de
339 5303 502 5387 pmmissae
530 5322 656 5387 quoque
683 5302 905 5366 observatione
964 5300 1076 5363 durius
1105 5301 1240 5365 subinde
1268 5302 1539 5385 irreprehensibili
1572 5303 1712 5388 itemque
