4309 6259
446 450 505 513 192
757 464 797 510 na
817 463 907 510 coms
929 462 1063 509 srrnrrns
1085 460 1203 515 sartori,
1227 459 1401 507 rnierarus
1424 462 1454 507 u.
1478 480 1520 490 —
1539 462 1608 507 aar.
1631 462 1685 509 xix

445 644 601 716 nostrum,
618 642 653 697 ut
676 632 821 697 ordinate
845 630 1002 715 proficere
1021 630 1191 693 enitamur.
1210 628 1321 692 hfica
1356 628 1539 693 mutationis
1574 631 1759 694 auctoritate
1795 640 1991 695 convertens.

298 746 345 792 ter.
360 762 430 799 xum.
446 735 605 815 Scriptum
621 742 670 796 est
683 733 769 795 enim
788 756 795 795 ι
812 731 889 806 Ouia
908 730 980 812 plus
999 728 1077 792 feeit
1097 746 1193 809 quarn
1249 728 1318 789 flac
1344 727 1501 808 sapientia
1525 728 1711 791 rationalem
1737 728 1877 791 animam
1902 750 1994 812 ange

446 832 560 914 potnit,
577 831 697 894 idcirco
719 830 824 912 periit.

641 1038 884 1104 ARTICULUS
904 1037 999 1101 XIX.

445 1176 493 1234 De
512 1172 685 1247 spirituali
702 1172 756 1230 dia
777 1178 874 1248 atque
893 1171 1024 1227 interno
1045 1166 1192 1224 cotavr'aio

486 1282 558 1340 quic
575 1264 697 1320 donum
717 1260 886 1335 sapientia
901 1258 1011 1333 yiqait
1032 1256 1068 1314 in
1088 1264 1193 1313 mente

485 1370 558 1430 qua
572 1351 660 1409 sedes
674 1357 720 1407 cst
735 1348 916 1424 sapientiae.

1249 826 1319 887 licis
1348 826 1508 889 mentibus
1539 826 1676 889 similem
1705 835 1799 909 atque
1827 828 1993 892 amabilem

1249 922 1363 999 elficit,
1381 932 1412 985 et
1426 924 1533 986 omnia
1547 943 1618 1004 qua
1633 924 1666 986 in
1686 926 1816 987 homine
1837 933 1923 1003 sunt,
1940 944 1994 989 suo

1249 1022 1417 1102 splendore
1433 1030 1592 1103 peremat,
1609 1022 1728 1105 dirigit,
1745 1024 1870 1104 regulet
1888 1032 1920 1087 ct
1940 1043 1994 1105 gu-

1249 1119 1360 1181 bernat
1383 1121 1557 1182 secuudum
1585 1120 1670 1201 leges
1696 1121 1831 1183 divinas.
1855 1122 1928 1184 Hac
1949 1142 1994 1185 sa-

1249 1217 1380 1298 pientia,
1408 1217 1582 1299 spiritualis
1608 1218 1797 1300 internaque
1823 1220 1903 1298 dics,
1930 1240 1995 1284 cor-

1248 1315 1366 1396 poralis
1385 1316 1488 1378 noetis
1509 1315 1680 1396 caliginem
1701 1318 1815 1396 nescit,
1832 1337 1890 1381 nec
1911 1327 1995 1381 tene-

1249 1414 1314 1475 bris
1329 1413 1400 1494 cjus
1415 1413 1566 1496 splendor
1585 1413 1685 1496 ipsius
1705 1414 1915 1478 obtunditur:
1934 1417 1994 1481 imo

309 1548 350 1588 „a
364 1558 431 1597 ,,.,,,,
507 1517 733 1594 REQUENTER
757 1515 896 1595 denique
920 1512 1032 1596 patuit,
1052 1511 1137 1592 quod
1159 1509 1191 1571 iu
1248 1520 1323 1574 tuno
1338 1512 1562 1575 exuberantius
1577 1511 1786 1577 incandescit.
1803 1514 1889 1577 Tunc
1905 1516 1995 1598 quip

298 1622 327 1659 rx,
341 1621 369 1651 n.

521 1625 595 1679 actu
609 1615 774 1697 sapientia
788 1612 951 1676 invenitur
970 1610 1054 1672 clara
1069 1608 1194 1670 divino

445 1734 515 1778 rum
532 1713 684 1795 cognitio,
701 1720 794 1793 atque
809 1708 992 1773 eorumdem
1015 1705 1119 1768 dulcis
1140 1705 1193 1767 dc-

1248 1628 1287 1690 pc
1320 1611 1359 1672 ad
1396 1610 1641 1691 contemplanda
1674 1610 1784 1674 divina
1818 1612 1857 1674 fit
1889 1614 1994 1675 anima

1248 1714 1334 1770 tanto
1350 1708 1489 1788 paratior
1510 1717 1603 1789 atque
1626 1709 1774 1789 habilior,
1790 1719 1911 1791 quanto
1927 1730 1995 1774 sen-

444 1811 592 1895 gustatio.
608 1810 666 1873 Per
679 1810 740 1872 boc
755 1828 830 1889 ergo
850 1807 934 1889 quod
955 1803 1119 1886 sapientia
1138 1804 1193 1865 do
1207 1805 1229 1866 B
1248 1804 1356 1868 sibiles
1372 1806 1441 1869 soni
1457 1807 1594 1889 amplius
1617 1808 1859 1890 conquiescunt,
1876 1818 1909 1872 et
1928 1810 1994 1891 ipsa

444 1930 520 1974 num
546 1917 686 1971 mentem
710 1906 892 1969 divinorum
923 1901 1191 1984 contemplatione

444 2008 576 2077 irradiat
603 2015 635 2069 et
666 2012 825 2081 venustat,
856 2001 1053 2085 spiritualem
1087 2000 1120 2061 in
1155 2018 1192 2062 ca

444 2107 529 2169 diem
546 2104 693 2188 producit
705 2126 712 2165 :
724 2102 780 2183 qui
794 2101 846 2163 die
861 2098 1004 2162 sensibili
1020 2117 1056 2160 ao
1072 2106 1193 2179 tempo-

443 2205 502 2267 rali
537 2211 625 2265 tanto
661 2207 761 2263 exstat
794 2198 941 2275 lucidior,
970 2205 1089 2278 quanto
1123 2195 1192 2277 ipsa

444 2301 600 2384 sapientia
620 2300 687 2362 sole
710 2296 831 2360 visibili
857 2295 1032 2377 speciosior
1055 2294 1192 2355 lumino

444 2400 572 2480 siorque
585 2396 865 2461 consistitl'erum
880 2394 913 2455 in
929 2392 1009 2455 libro
1023 2390 1191 2472 Sapientia

297 2522 429 2579 stipatae.
444 2500 483 2562 de
505 2499 566 2560 boc
585 2497 669 2559 dono
688 2493 853 2576 sapientia
871 2492 1025 2573 scriptum
1050 2498 1097 2551 est
1115 2489 1193 2551 :Est

444 2597 530 2659 enim
546 2597 613 2659 hac
629 2593 804 2676 speciosior
817 2591 895 2671 sole,
907 2599 939 2652 et
953 2608 1049 2670 super
1063 2606 1191 2650 omnem

443 2694 685 2777 dispositionem
710 2690 873 2753 stellarum
903 2687 966 2750 luci
997 2693 1190 2766 comparata,

443 2793 607 2857 invenitur
621 2792 719 2875 prior.
727 2791 798 2853 flac
813 2788 899 2852 enim
915 2784 1071 2869 sapientia
1087 2803 1192 2865 super-

442 2892 587 2954 naturale
601 2899 650 2953 est
665 2890 785 2966 lumen,
794 2885 976 2950 clarificans
991 2891 1085 2965 atque
1099 2880 1193 2944 deifi-

1248 1904 1300 1965 lux
1316 1904 1488 1985 corporalis
1502 1906 1608 1987 potius
1627 1906 1744 1968 desinit
1763 1908 1867 1969 varias
1889 1927 1993 1971 rerum

1247 2000 1402 2083 imagines
1417 2003 1624 2066 exterioribus
1640 2004 1789 2067 invehere
1803 2005 1917 2083 oculis,
1930 2024 1995 2070 om-

1248 2120 1366 2182 nesque
1395 2120 1507 2163 sensus
1540 2101 1581 2163 ab
1615 2102 1738 2165 actibus
1770 2103 1836 2166 suis
1868 2104 1994 2185 plenius

1247 2207 1381 2261 cessant.
1414 2199 1501 2261 Tunc
1530 2199 1636 2262 anima
1664 2202 1704 2263 ad
1736 2200 1892 2283 seipsam
1921 2222 1995 2266 con-

1247 2297 1399 2375 vertitur3
1435 2306 1512 2359 tunc
1547 2317 1642 2379 supra
1677 2316 1710 2361 se
1746 2299 1886 2380 rapitur;
1918 2310 1993 2364 tuuc

1247 2396 1471 2457 sincerissimis
1497 2396 1530 2457 in
1555 2395 1618 2458 Deo
1642 2396 1907 2461 delectationibus
1929 2400 1994 2483 glo

1247 2494 1355 2573 riatur,
1373 2492 1547 2558 affectuose
1570 2496 1742 2559 decantans
1760 2496 1938 2561 :Dominus
1960 2498 1995 2559 il·
2009 2516 2110 2559 rami.

1247 2592 1413 2655 luminatio
1439 2613 1509 2656 mea
1529 2602 1561 2656 ct
1584 2594 1669 2656 salus
1692 2614 1773 2675 mea,
1789 2613 1884 2676 quem
1905 2596 1996 2660 time-

1249 2691 1309 2752 bol
1325 2698 1356 2753 et
1376 2710 1451 2754 vere
1475 2692 1642 2774 experiens
1667 2692 1742 2774 quia
1766 2693 1906 2757 tenebra
1933 2713 1996 2758 non
2010 2711 2114 2754 aaran.

1246 2789 1457 2851 obscurantur
1471 2810 1489 2852 a
1503 2790 1649 2871 Domino,
1666 2792 1720 2854 sed
1741 2810 1803 2855 nox
1824 2792 1907 2855 sicut
1928 2794 1996 2857 dies
2010 2776 2039 2815 ¹³·

1248 2886 1491 2951 illuminabitur.

444 3010 521 3053 cans
544 2996 694 3066 mentem,
718 3006 737 3048 a
760 2985 832 3047 luce
856 2983 996 3045 increata
1020 3000 1056 3043 ac
1082 2980 1228 3045 divinae
1287 2985 1392 3064 Porro,
1413 2988 1681 3067 quemadmodum
1706 2988 1796 3051 cibus
1821 2990 1998 3071 corporalis

443 3087 626 3151 immediate
660 3084 849 3161 scaturiens,
878 3081 1012 3162 ejusque
1040 3079 1192 3161 praclara

443 3187 549 3267 imago
571 3184 738 3260 exsistens,
755 3201 792 3244 ae
813 3180 918 3245 omnis
940 3178 1094 3240 naturalis
1113 3180 1191 3256 (tam

444 3283 618 3365 corporalis
634 3300 730 3363 quam
745 3278 938 3361 incorporei)
954 3275 1085 3337 luminis
1099 3276 1193 3338 dcco-

444 3401 511 3443 rem
528 3379 737 3444 ineffabiliter
752 3376 1015 3460 superexcedens.
1032 3373 1101 3436 Non
1116 3391 1191 3454 ergo

443 3488 574 3542 eatenus
597 3479 643 3541 sol
663 3478 732 3560 ipse
750 3476 852 3557 fulget
872 3474 905 3536 in
931 3474 1012 3536 coelo
1036 3479 1190 3554 quantum

323 3578 550 3641 nuananima
572 3577 662 3659 justi,
687 3595 757 3658 qna
784 3574 881 3655 hujus
906 3572 1070 3654 sapientia
1100 3571 1190 3634 sedes

298 3691 368 3735 rm.
384 3705 428 3744 va,
442 3675 532 3739 effici
549 3675 674 3738 meruit.
691 3674 821 3755 Propter
839 3671 925 3753 quod
943 3669 1069 3733 delicia
1089 3669 1192 3731 incre-

295 3756 331 3800 2l.

442 3783 500 3836 ata
521 3772 691 3855 Sapientia
709 3779 783 3833 sunt
806 3788 877 3832 esse
896 3788 969 3831 cum
990 3767 1097 3830 anima
1111 3766 1190 3846 (imo

442 3890 572 3954 prorsus
597 3871 630 3932 in
654 3872 705 3947 ea)
730 3877 793 3930 tam
818 3867 968 3950 praeclara
989 3885 1027 3928 ae
1056 3864 1189 3945 fulgida.

442 3970 527 4031 l'alis
542 3968 648 4031 anima
661 3967 798 4047 talisque
812 3964 943 4047 spiritus
963 3973 1011 4027 est
1030 3964 1094 4025 Deo
1113 3962 1192 4023 dilc-

442 4076 524 4145 ctus,
550 4075 582 4129 et
605 4074 692 4128 tanto
715 4064 850 4142 dulcior,
875 4070 992 4145 quanto
1017 4059 1192 4142 sapientior

1246 3092 1388 3163 vocatur,
1411 3103 1474 3165 quo
1499 3104 1613 3167 corpus
1638 3094 1845 3151 conservatur
1868 3088 1902 3150 in
1928 3108 1998 3152 esse

1248 3192 1377 3261 natura,
1405 3190 1436 3245 61
1464 3184 1503 3246 ad
1531 3183 1670 3247 debitam
1694 3186 1902 3267 quantitatem
1929 3207 2000 3270 pcr-

1247 3280 1394 3357 ducitur3
1413 3281 1458 3343 sic
1480 3281 1563 3345 actio
1584 3282 1723 3346 virtuosa
1743 3283 1835 3346 cibus
1857 3293 1906 3347 cst
1932 3286 2000 3348 ani-

1248 3399 1319 3456 ma,
1336 3380 1410 3459 quia
1427 3388 1594 3443 conservat
1609 3400 1678 3443 eam
1694 3381 1726 3443 in
1741 3402 1811 3445 csse
1826 3382 1950 3464 gratia,
1963 3404 2000 3447 ac

1248 3478 1286 3540 ad
1311 3478 1416 3540 debita
1442 3477 1677 3559 perfectionum
1701 3480 1900 3545 incrementa
1928 3502 1998 3545 eam

1248 3575 1385 3637 deducit.
1412 3576 1450 3637 Et
1477 3594 1540 3656 quo
1570 3575 1661 3639 cibus
1689 3596 1859 3661 corporeus
1886 3580 1999 3661 gustui

1248 3672 1389 3754 corporis
1409 3674 1652 3737 convenientior
1673 3684 1767 3757 atquc
1791 3676 1923 3740 suavior
1951 3677 2000 3740 fu-

1247 3768 1318 3846 crit,
1335 3788 1372 3832 eo
1388 3770 1517 3833 suavius
1533 3769 1611 3833 facit
1626 3771 1811 3834 convivium
1825 3771 1916 3854 :pari
1933 3792 2000 3835 ma-

1247 3867 1347 3946 nerio,
1376 3887 1439 3949 quo
1472 3869 1554 3932 actio
1583 3869 1724 3933 virtuosa
1752 3870 1999 3935 convenientior

1246 3964 1342 4027 fuerit
1367 3967 1465 4029 menti
1495 3986 1531 4030 ac
1561 3966 1695 4047 dulcior,
1721 3986 1759 4031 eo
1787 3968 1999 4033 excellentius

1248 4064 1430 4126 convivium
1447 4074 1536 4148 parat
1550 4066 1583 4127 in
1600 4085 1645 4128 ea.
1663 4066 1764 4140 Quum
1780 4084 1855 4148 crgo
1870 4068 2000 4149 sapien-

442 4175 537 4246 atque
563 4165 604 4227 ab
626 4164 714 4227 omni
739 4162 849 4224 mundi
875 4160 971 4241 hujus
1001 4158 1190 4241 adspergine
1207 4164 1230 4225 ll
1247 4162 1298 4223 tia
1321 4163 1452 4243 donum,
1473 4171 1545 4244 post
1568 4163 1701 4227 virtutes
1725 4164 1938 4247 theologicas,
1960 4166 2001 4229 sit

443 4264 563 4346 purior.
581 4262 667 4325 Unde
686 4262 725 4323 de
744 4280 781 4324 eo
803 4259 965 4342 Scriptura
985 4258 1018 4319 in
1043 4258 1191 4319 Deutero-

291 4376 428 4429 ueutxum.
443 4362 551 4427 nomio
566 4368 759 4425 contestatur
775 4383 782 4421 ε
799 4357 1043 4421 Amantissimus
1062 4355 1189 4418 Domini

295 4444 328 4484 12.

443 4460 598 4524 habitabit
612 4458 831 4532 confidenter3
848 4457 882 4519 in
896 4475 934 4519 eo
954 4454 1044 4536 quasi
1066 4453 1101 4515 in
1122 4453 1190 4515 tha-

442 4561 527 4623 lamo
543 4567 606 4623 tota
621 4558 672 4621 die
687 4556 873 4634 morabitur,
891 4562 923 4617 et
937 4554 1021 4615 inter
1039 4552 1189 4615 humeros

441 4660 526 4722 illius
549 4657 736 4740 requiescet.

478 4758 621 4841 Insuper,
647 4754 804 4838 sapientia
827 4754 898 4830 ista,
924 4759 959 4813 ut
986 4750 1030 4813 ait
1056 4751 1186 4831 Alanus,

438 4865 487 4920 est
508 4856 554 4919 sol
571 4875 627 4937 per
645 4873 739 4935 quem
760 4854 867 4915 lumen
888 4850 1003 4913 mentis
1021 4849 1136 4912 diescit
1154 4850 1188 4912 in

437 4954 590 5035 tenebris,
616 4952 728 5016 oculus
756 4950 872 5027 cordis,
904 4950 1025 5012 fructus
1055 4948 1187 5011 interna

438 5050 669 5127 delectationis,
686 5048 857 5112 deliciosus
872 5047 986 5109 anima
1007 5048 1185 5129 paradisus,

437 5160 598 5214 terrenum
622 5148 656 5210 in
681 5146 856 5225 calestem,
882 5145 1037 5208 caducum
1066 5147 1101 5207 in
1128 5146 1188 5208 im-

437 5250 616 5326 mortalem,
632 5245 796 5311 bominem
810 5263 936 5326 quoque
952 5244 986 5305 in
1000 5245 1111 5323 Deum,
1124 5244 1187 5306 dei-

1247 4260 1468 4323 universornm
1492 4262 1657 4325 habituum
1678 4263 1795 4325 mentis
1816 4271 1934 4327 creata
1953 4264 2002 4326 di-

1246 4358 1430 4440 gnissimus,
1447 4360 1529 4423 66116
1544 4359 1614 4441 ejus
1631 4360 1939 4425 convenientissima
1960 4371 2002 4425 at

1246 4476 1308 4537 que
1323 4457 1509 4519 dulcissima
1524 4458 1622 4521 menti
1639 4459 1805 4537 consistit;
1823 4467 1854 4523 et
1875 4468 2001 4541 quanto

1246 4556 1285 4619 ad
1315 4556 1533 4619 sublimiorem
1563 4557 1726 4638 sapientia
1754 4560 1886 4639 gradum
1926 4560 2001 4641 quis

1246 4654 1380 4733 venerit,
1397 4674 1434 4718 co
1460 4654 1493 4716 in
1517 4662 1590 4717 actu
1614 4656 1778 4736 sapientia
1797 4656 1907 4719 anima
1927 4658 2000 4739 ejus

1245 4751 1429 4815 deliciosius
1453 4753 1603 4834 pasoitur,
1625 4754 1845 4817 vehementius
1867 4754 2002 4819 inflam-

1245 4859 1359 4927 matur,
1372 4850 1466 4913 altius
1482 4852 1607 4931 crescit,
1618 4860 1742 4915 terrena
1756 4852 1828 4935 plus
1843 4853 1998 4936 despicit,

1245 4948 1386 5012 coelcstia
1401 4949 1536 5012 calidius
1555 4950 1764 5032 concupiscit,
1782 4959 1813 5014 et
1835 4951 1869 5012 in
1890 4955 2001 5016 omni·

1238 5043 1303 5111 ¹bus
1328 5048 1419 5111 bonis
1443 5048 1596 5130 majorem
1621 5049 1825 5114 stabilitatem
1849 5052 1997 5131 sortitur,

1244 5148 1353 5229 sicque
1369 5147 1401 5208 in
1417 5146 1514 5209 nullis
1530 5148 1624 5210 rebus
1639 5156 1762 5210 tantum
1778 5148 1862 5211 sicut
1881 5148 1916 5210 in
1941 5151 1999 5213 Dei

1244 5246 1390 5307 laudibus
1417 5245 1620 5326 jucundatur.
1646 5247 1733 5309 Hanc
1761 5246 2000 5328 perfectionem
