4309 6259
596 513 752 562 sxrosrrro
774 515 872 563 uvnnr
896 517 903 563 ε
926 517 1010 571 nunt,
1033 514 1165 563 anuvonn
1186 514 1336 563 couurron
1700 500 1741 564 at

192 683 335 763 cavitate,
351 684 503 747 debemus
517 686 686 749 Dominum
708 705 838 750 exorare
860 693 893 747 ut
909 686 934 747 si
951 687 976 747 Α
994 685 1126 749 llornine
1148 686 1221 750 coeli
1244 695 1276 748 et
1297 694 1397 748 terre.
1419 684 1491 747 flac
1514 684 1672 748 confessio
1693 692 1741 747 θεῖ

192 781 226 842 in
246 782 370 845 mortali
391 802 500 845 snmus
520 794 662 867 peccato,
684 786 737 847 det
757 784 849 847 nobis
868 802 938 865 gra·
991 782 1046 845 Dei
1064 785 1213 848 laudatio.
1231 784 1335 847 Tertia
1355 792 1404 846 θεῖ
1423 782 1620 866 poenitentiae
1639 790 1739 860 actus,

192 878 268 940 tiam
283 899 366 943 veras
381 881 602 960 contritionis;
619 882 644 944 si
662 901 737 945 vcro
758 882 790 943 in
807 882 937 943 caritate
991 882 1031 943 de
1053 900 1116 963 qua
1135 882 1187 944 hic
1207 883 1361 959 habetur;
1381 901 1452 962 qne
1471 888 1503 943 et
1521 880 1648 943 veniam
1670 898 1743 961 pro-

191 994 311 1053 sumus,
332 977 471 1041 dimittat
495 979 587 1041 nobis
613 988 742 1061 peccata
766 978 934 1061 praeterita,
992 986 1142 1058 meretur,
1159 979 1426 1061 quemadmodum
1446 984 1574 1039 sanctus
1593 977 1651 1039 Job
1670 996 1742 1059 pro-

190 1074 284 1136 etiam
314 1083 468 1157 quantum
498 1077 537 1139 ad
567 1096 708 1159 poenam,
739 1077 936 1159 gratiamque
992 1076 1161 1139 tulit2Vias
1176 1096 1263 1139 meas
1280 1078 1311 1138 in
1327 1085 1499 1158 conspectu
1514 1075 1584 1155 ejus
1598 1092 1741 1156 arguam,
1754 1094 1887 1149 runnu,

191 1171 328 1235 infusam
349 1183 462 1255 augeat
481 1180 513 1237 et
534 1184 700 1239 conservet
720 1176 753 1237 in
775 1175 889 1253 nobis;
906 1182 937 1237 θῖ
991 1183 1023 1237 et
1045 1174 1114 1257 ipse
1135 1175 1196 1238 erit
1217 1176 1355 1239 salvator
1376 1194 1486 1253 meus;
1502 1182 1535 1235 et
1549 1174 1713 1237 Psalmista
1730 1197 1737 1237 ε
1755 1161 1789 1201 ¹⁶·

190 1270 217 1333 si
233 1273 328 1352 (quod
345 1272 441 1352 absit)
457 1272 751 1351 recidivaverimus,
768 1292 832 1336 non
852 1273 936 1353 juste
991 1270 1073 1347 Dixi,
1090 1270 1274 1333 Confitebor
1287 1271 1455 1333 adversum
1475 1288 1527 1331 me
1547 1268 1740 1349 injustitiam
1753 1284 1888 1336 namus.

191 1369 349 1450 relinquat
377 1389 445 1449 nos,
478 1372 532 1435 sed
563 1372 860 1435 misericordissime
890 1390 937 1433 re·
992 1388 1094 1430 meam
1111 1368 1257 1446 Domino,
1273 1376 1305 1431 et
1321 1377 1354 1429 tu
1370 1366 1520 1430 remisisti
1542 1366 1740 1449 impietatem

190 1475 282 1530 vocet
301 1476 332 1529 θῖ
353 1478 527 1533 convertat.
545 1470 631 1545 Quod
652 1478 686 1531 ut
705 1469 850 1534 obtinere
866 1488 937 1552 pro-
992 1466 1114 1547 peccati
1137 1466 1212 1529 mei.

192 1585 381 1645 mereamur,
398 1576 527 1648 peccata
543 1574 649 1629 nostra
672 1585 778 1630 coram
795 1566 864 1648 ipso
879 1565 937 1627 hu·
1030 1568 1086 1627 Ad
1107 1569 1237 1625 laudem
1258 1568 1310 1626 tut
1330 1567 1486 1635 nominis,
1507 1565 1607 1627 idest
1630 1565 1670 1627 ad
1694 1564 1741 1627 tui

192 1664 310 1727 militer
326 1665 754 1747 rec'ognoscamus,exemplo
765 1664 936 1727 Psalmistae
993 1661 1093 1744 ipsius
1108 1663 1408 1741 laudem‚honorem
1424 1670 1455 1725 et
1469 1663 1617 1744 gloriam,
1627 1666 1742 1741 confer

41 1774 81 1816 1²2.
92 1788 111 1825 ι,
122 1776 142 1823 t.
156 1776 175 1815 t.
191 1761 327 1824 dicentis
345 1786 352 1823 ι
369 1764 394 1825 h
409 1772 539 1845 peccato
559 1782 630 1827 meo
649 1765 767 1826 munda
783 1782 844 1840 me,
861 1781 938 1845 quo
993 1764 1164 1831 medelam,
1180 1762 1240 1824 hoc
1255 1770 1303 1823 est
1316 1762 1451 1842 gratiam
1467 1761 1740 1840 sacramentalem,

191 1860 277 1923 uiam
312 1861 511 1943 iniquitatem
546 1882 648 1924 meam
678 1880 737 1943 ego
767 1879 933 1942 cognosco.
955 1858 1191 1939 Bspiritualem
1212 1860 1421 1936 curationem,
1438 1858 1543 1921 cordis
1562 1878 1581 1920 a
1601 1858 1741 1923 recidivo

192 1958 307 2039 Sicque
324 1978 396 2021 cum
416 1960 502 2022 omni
524 1961 768 2043 compunctione
789 1968 818 2021 et
835 1958 938 2021 humi·
994 1957 1181 2034 custodiam,
1203 1960 1384 2035 languidis,
1405 1956 1437 2018 id
1464 1964 1512 2018 est
1535 1956 1628 2019 nobis
1649 1956 1742 2039 spiri-

192 2057 278 2119 litate
300 2056 468 2121 dicamus:
992 2054 1121 2117 tualiter
1139 2055 1265 2135 aegrotis
1286 2074 1323 2117 ao
1346 2054 1440 2133 lasis,
1459 2056 1498 2117 ad
1520 2054 1598 2116 vitia
1618 2054 1740 2136 pronis,

230 2158 375 2217 Multum
390 2161 519 2236 quidem
537 2160 742 2235 peccavimus
761 2157 867 2233 corde,
883 2175 938 2221 ore
993 2151 1105 2215 fomite
1125 2153 1262 2216 infectis.
1284 2152 1397 2216 Omnia
1420 2153 1539 2215 etenim
1563 2152 1630 2234 agit
1648 2153 1743 2216 Altis-

191 2261 221 2316 et
242 2272 349 2335 opere,
366 2255 539 2318 omissione
559 2264 590 2317 et
609 2253 846 2331 commissione,
864 2274 939 2317 con·
993 2250 1093 2313 simus
1118 2258 1248 2333 pmpter
1271 2270 1305 2313 se
1335 2251 1439 2333 ipsum
1466 2249 1618 2329 finaliter,
1644 2270 1741 2333 quum

192 2360 240 2413 tra
266 2352 366 2432 legem
392 2354 578 2431 naturalem,
600 2352 742 2416 divinam
767 2373 803 2415 ae
829 2352 939 2434 positi·
994 2350 1061 2432 ipsc
1086 2350 1128 2410 sit
1151 2349 1296 2412 omnium
1320 2348 1452 2411 ultimus
1476 2348 1564 2426 finis,
1584 2357 1679 2431 atque
1702 2350 1742 2412 ad

194 2468 276 2511 vam.
299 2450 385 2512 Unde
408 2460 439 2513 et
462 2451 596 2513 lacobus
619 2450 663 2513 ait
687 2451 847 2532 apostolus
874 2452 937 2513 :ln
993 2448 1126 2529 gloriam
1142 2456 1174 2510 et
1189 2447 1384 2530 preconium
1402 2448 1537 2529 propriae
1552 2448 1739 2529 majestatis.

193 2547 301 2609 multis
335 2547 530 2611 offendimus
563 2567 684 2612 omnes.
716 2550 781 2613 lmo
811 2550 844 2611 in
872 2558 936 2617 tam
993 2546 1065 2610 ldeo
1089 2546 1134 2608 ait
1158 2546 1321 2627 Scriptura
1344 2568 1351 2607 :
1375 2545 1529 2609 Universa
1555 2554 1685 2628 propter
1708 2563 1742 2608 so
1769 2561 1889 2614 mmm.

192 2645 300 2708 multis
325 2654 355 2708 et
385 2648 507 2729 magnis
536 2655 570 2709 ut
595 2646 701 2710 dicere
728 2647 900 2711 habeamus
928 2671 934 2709 :
994 2644 1100 2725 ipsum
1114 2652 1263 2726 operatus
1278 2651 1327 2707 θεῖ
1342 2642 1598 2707 Dominushlibi
1614 2662 1742 2726 quoqne
1756 2630 1777 2669 ⁴·

100 2766 177 2803 -xvn
192 2742 311 2806 llolicta
335 2744 406 2824 quis
432 2744 605 2826 intelligitl
627 2746 674 2807 Ab
698 2746 832 2809 occultis
858 2746 937 2810 meis
995 2743 1135 2823 loquitur
1157 2744 1239 2806 Dens
1267 2766 1273 2803 :
1299 2742 1365 2824 Ego
1389 2762 1460 2805 sum
1484 2742 1541 2823 qui
1565 2742 1657 2805 deleo
1681 2741 1888 2809 ini-nauum

193 2842 310 2903 mnnda
339 2862 400 2904 me.
432 2843 653 2925 Unusquisque
682 2842 780 2925 igitur
809 2852 939 2926 peccata
993 2841 1129 2920 quitates
1145 2848 1214 2903 tuas
1237 2849 1366 2924 propter
1387 2860 1450 2919 me,
1468 2840 1528 2903 hoc
1543 2848 1592 2903 θεῖ
1613 2847 1743 2921 propter

192 2958 248 3001 sna
271 2940 453 3002 summatim
477 2940 651 3021 recolligat,
673 2948 703 3003 et
725 2942 813 3023 qnasi
838 2941 871 3003 in
893 2941 938 3005 fa·
993 2939 1207 3003 ostensionem
1237 2946 1268 3001 et
1296 2938 1565 3020 glorificationem
1590 2937 1741 3001 bonitatis

193 3036 350 3100 sciculnm
373 3038 460 3120 liget,
478 3057 514 3101 ac
536 3046 608 3101 ante
630 3038 739 3102 oculos
761 3040 866 3103 cordis
888 3040 936 3103 sui
955 3036 976 3098 C
993 3044 1024 3099 et
1040 3036 1265 3100 misericordia
1282 3056 1370 3100 mea.
1382 3037 1469 3100 Unde
1484 3045 1515 3099 θῖ
1530 3036 1562 3098 in
1577 3035 1741 3099 Ezechiele

192 3136 237 3197 sic
261 3135 407 3217 colligata
432 3137 615 3220 suspendat,
640 3145 673 3199 ut
694 3156 731 3199 ea
755 3138 939 3220 frequenter
994 3142 1127 3198 testatur
1152 3158 1159 3196 ι
1185 3134 1254 3198 Non
1278 3142 1410 3217 propter
1436 3152 1493 3199 vos
1522 3152 1582 3216 ego
1611 3133 1740 3212 faciam,
1773 3158 1861 3205 creet.

192 3234 356 3312 intuendo,
365 3234 511 3296 humiliet
526 3233 618 3297 valde
634 3234 782 3317 spiritum
794 3244 938 3314 suum,et
993 3242 1102 3297 notum
1119 3233 1160 3295 sit
1180 3233 1284 3312 vobis,
1301 3234 1356 3295 sed
1378 3240 1508 3315 propter
1529 3252 1647 3296 nomen
1670 3252 1742 3295 san·
1755 3235 1827 3328 ἔξω·
1844 3226 1879 3275 ²²·

190 3350 317 3395 omnem
347 3333 569 3395 adversitatem
594 3333 814 3414 aequanimiter
838 3335 937 3416 patia-
992 3340 1078 3395 ctum
1102 3350 1220 3395 meum.
1783 3317 1789 3327 ⁵

190 3437 260 3507 tur;
293 3430 356 3495 imo
386 3439 500 3493 cuncta
532 3451 601 3512 quae
636 3431 782 3509 sustinet,
814 3432 937 3495 minora
1031 3433 1089 3492 stc
1109 3450 1226 3506 corpus
1245 3441 1342 3490 ectra
1362 3431 1488 3490 conteri
1508 3432 1606 3498 dona,
1626 3427 1659 3491 id
1680 3436 1739 3508 est,
1808 3430 1827 3487 t

190 3528 361 3592 arbitretur
389 3549 483 3612 qnam
514 3530 561 3592 sni
589 3538 751 3592 merentur
775 3549 934 3609 excessus,
992 3526 1032 3589 da
1048 3526 1140 3589 nobis
1156 3527 1382 3590 discretionem
1401 3534 1433 3589 et
1454 3525 1589 3608 gratiam
1604 3524 1650 3588 sie
1666 3542 1742 3589 eon·

189 3627 325 3691 dicendo
348 3626 425 3689 illud
447 3628 504 3692 Job
530 3651 537 3689 z
562 3628 692 3691 Peccavi
713 3636 743 3691 θῖ
763 3648 836 3690 vore
859 3629 936 3691 deli·
994 3624 1127 3701 terendi,
1140 3624 1315 3705 castigandi
1332 3633 1363 3687 et
1378 3622 1641 3707 poenitentialiter
1655 3622 1742 3685 affli-

190 3726 256 3807 qui,
273 3733 304 3788 et
328 3732 362 3787 ut
383 3744 469 3789 oram
495 3726 610 3808 dignus
635 3745 697 3789 non
725 3726 840 3808 recepi.
858 3725 935 3788 Nam
991 3723 1086 3804 gendi
1103 3741 1236 3805 corpora
1250 3731 1358 3786 nostra
1372 3722 1580 3799 extrinsecus,
1594 3741 1656 3797 per
1670 3723 1740 3783 abs-

189 3832 221 3887 θῖ
244 3825 326 3886 Deus
351 3832 481 3907 peccata
505 3832 612 3887 nostra
637 3824 727 3905 quasi
753 3824 786 3885 in
808 3824 935 3887 sacculo
993 3823 1167 3881 cluentium
1174 3823 1306 3899 jejunet
1326 3832 1363 3881 ut
1383 3842 1472 3881 mens
1491 3821 1612 3888 sobria,
1628 3818 1660 3880 id
1679 3827 1739 3899 est,

190 3922 339 4003 signavit.
357 3922 558 3985 Potissimum
580 3930 685 3985 autem
707 3923 866 4004 agendum
888 3930 936 3984 θεῖ
991 3926 1147 3999 quatenus
1166 3927 1289 3981 mentes
1309 3928 1424 3983 nostre
1443 3918 1624 3981 abstineant
1643 3935 1740 3999 seque

189 4021 284 4099 istud,
310 4021 384 4082 dum
409 4020 480 4101 quis
505 4040 538 4082 se
564 4020 660 4082 sentit
688 4019 806 4101 pulsari
836 4019 936 4101 impa-
992 4016 1164 4096 refrenent,
1189 4038 1209 4077 α
1235 4020 1304 4077 labe
1325 4037 1464 4095 prorsus
1487 4020 1680 4086 criminum,
1706 4016 1739 4079 id

188 4119 300 4181 tientia
325 4118 531 4181 temerariove
554 4118 676 4199 judicio
701 4136 738 4181 ex
758 4117 935 4181 defectibus
992 4121 1039 4178 est
1063 4116 1104 4178 ab
1132 4116 1220 4179 omni
1249 4116 1393 4179 foeditate
1422 4123 1454 4178 et
1482 4114 1607 4177 macula
1636 4114 1739 4197 culpa

189 4226 221 4281 et
242 4216 381 4300 peccatis
402 4216 543 4295 alterius,
561 4216 605 4279 ita
628 4224 661 4279 nt
684 4223 758 4280 tnnc
776 4216 975 4282 intueaturl)
992 4213 1145 4279 mortalis.
1164 4213 1294 4297 Nempe,
1312 4224 1391 4278 teste
1410 4212 1572 4296 Apostolo,
1589 4212 1644 4295 qui
1665 4220 1739 4276 sunt
1773 4234 1851 4281 aaut.
1864 4250 1886 4291 v,

189 4334 261 4379 mox
289 4314 433 4397 proprias
458 4315 575 4394 trabes,
599 4334 722 4379 memor
745 4315 859 4378 Christi
889 4314 936 4378 di·
991 4312 1119 4391 Christi,
1136 4332 1263 4375 carnem
1279 4332 1368 4375 snam
1388 4309 1584 4393 crucifigunt
1603 4330 1676 4374 curn
1691 4311 1739 4374 vi·
1752 4302 1786 4345 ²⁴·

36 4425 172 4479 Matthia,
188 4414 289 4479 centis
321 4436 327 4475 :
359 4413 438 4488 Quid
468 4413 558 4475 vides
587 4413 741 4477 festucam
776 4414 809 4477 in
842 4414 935 4478 oculo
991 4409 1045 4472 tiis
1070 4418 1102 4473 et
1126 4410 1407 4492 concupiscentiis
1433 4410 1564 4491 Propter
1591 4409 1675 4490 quod
1697 4410 1737 4473 (lc

28 4494 53 4533 ³·
187 4512 294 4576 fratris
323 4512 381 4589 tui,
409 4519 440 4573 et
467 4512 588 4575 trabem
613 4512 646 4573 in
669 4513 762 4576 oculo
792 4521 846 4576 tuo
871 4532 934 4576 non
991 4528 1025 4572 so
1046 4508 1116 4592 ipso
1138 4508 1292 4589 expressit
1313 4508 1461 4590 :Castigo
1482 4525 1597 4588 corpus
1616 4524 1735 4588 meum,
1769 4528 1884 4586 icona,

187 4610 297 4673 videsl
326 4613 392 4671 Sed
417 4628 517 4687 parce
544 4614 784 4688 confitentibus,
814 4612 845 4674 id
874 4619 933 4691 est,
991 4616 1022 4671 et
1043 4608 1075 4669 in
1097 4607 1282 4669 servitutem
1302 4607 1421 4688 redigo.
1443 4607 1489 4668 hd
1511 4604 1628 4668 mentis
1649 4606 1736 4669 onim
1750 4594 1785 4637 ²⁷·

188 4709 318 4791 ignosce
343 4706 572 4770 confitentibus
596 4728 653 4770 sua
677 4718 816 4790 peccata.
843 4710 936 4773 Deni-
991 4706 1250 4788 purificationem
1271 4713 1303 4768 θῖ
1322 4704 1491 4787 puritatem
1512 4704 1676 4785 corporale
1689 4704 1737 4785 je·

187 4827 249 4890 qne
278 4806 393 4889 triplex
416 4813 463 4869 θεῖ
494 4807 664 4872 confessio.
691 4809 756 4871 Una
785 4816 832 4871 est
855 4808 933 4872 fidei
989 4805 1117 4887 junium
1146 4804 1321 4883 ordinatur,
1348 4804 1431 4866 sicut
1458 4810 1490 4866 ct
1517 4811 1622 4866 cetera
1650 4822 1738 4866 exer-

32 4925 171 4977 cemus.
187 4914 286 4983 actus,
318 4904 407 4985 juxta
441 4904 518 4966 illud
551 4928 557 4966 :
589 4905 645 4981 Qui
680 4924 730 4969 me
769 4906 935 4970 coufessus
991 4902 1460 4968 citiaexterioraobservantie
1477 4900 1736 4982 religiosa.llinc

20 5025 171 5073 nomano.
188 5003 285 5067 fuerit
300 5018 405 5065 coram
422 5000 626 5081 hominibus3
644 5011 676 5066 et
691 5024 798 5067 rursus
816 5005 934 5069 :Corde
990 5004 1073 5087 apud
1104 5003 1282 5065 hlatthaeum
1310 5001 1406 5082 jussit
1434 5000 1577 5064 Salvator
1602 5024 1609 5061 ε
1635 5001 1736 5076 Quum
1760 5021 1885 5076 nutam.

188 5100 327 5165 creditur
342 5099 380 5161 ad
395 5098 565 5181 justitiam,
581 5119 635 5164 ore
652 5110 757 5164 autem
773 5103 933 5167 confessio
989 5101 1156 5184 jejunatis,
1172 5100 1272 5162 nolite
1292 5098 1364 5161 fieri
1385 5098 1468 5160 sicut
1483 5096 1666 5179 hypocritae,
1682 5098 1738 5159 tri·
1753 5088 1786 5129 ¹⁸·

21 5254 60 5299 Μ
76 5252 115 5297 u,
138 5264 161 5295 n
186 5200 227 5263 fit
250 5198 289 5261 ad
309 5196 455 5261 salutem.
480 5198 623 5261 Secunda
643 5208 732 5263 actus
753 5209 800 5263 est
821 5200 931 5281 latriae,
990 5209 1064 5263 stes.
1083 5200 1121 5262 Et
1135 5199 1219 5281 apud
1234 5197 1347 5260 lsaiam
1362 5196 1515 5260 [lominus
1536 5195 1739 5277 reprehendit

21 5268 73 5365 25‘,¹
118 5284 124 5294 '
166 5284 314 5375 ’deque
342 5294 519 5358 Salvator:
545 5295 706 5361 Confiteor
735 5297 805 5378 tibi,
831 5298 932 5378 Pater,
991 5299 1094 5362 solum
1117 5294 1325 5378 corporaliter
1347 5294 1540 5377 Jejnnantes,
1561 5312 1580 5355 a
1598 5294 1738 5375 peccatis
