4309 6259
447 462 509 527 568
735 484 776 531 os
788 484 946 531 rnneomo
965 484 1003 529 rr
1022 482 1188 531 orenrrsrs
1208 482 1325 538 nnis,
1348 482 1436 528 nune
1458 483 1497 528 vv.
1520 502 1561 513 —
1581 483 1652 529 mr.
1677 485 1706 530 rv

449 660 543 734 pacto
565 652 721 718 dissoluta
743 653 903 717 credenda
925 661 974 717 est
1000 661 1095 735 atque
1123 652 1238 716 con-A
1256 672 1314 715 sua
1326 652 1456 735 propria
1469 672 1543 717 cam
1561 652 1666 736 portio
1684 654 1829 735 quasdam
1844 654 1988 731 consistit,
2090 645 2096 662 '

453 754 602 834 sumptat
1254 768 1455 832 nequaquam
1478 770 1497 814 a
1521 770 1579 815 suo
1602 759 1767 834 separetur
1784 770 1916 834 corpore
1934 754 1991 816 dei-

490 848 635 931 Amplius
659 858 765 911 autem
788 852 835 930 (et
856 857 906 913 est
928 848 1009 912 ratio
1029 848 1197 930 Augustini
1254 846 1373 912 lormil

452 946 605 1026 secunda)
622 970 629 1008 :
644 946 816 1028 Numquid,
837 946 953 1028 inquit,
976 965 1042 1009 nou
1062 946 1200 1027 pertinet
1293 946 1334 1008 At
1357 965 1433 1009 vero
1456 954 1568 1028 quarta
1592 947 1673 1011 ratio
1697 966 1735 1011 ex
1758 946 1914 1029 dignitate
1937 950 1990 1013 vir-

451 1044 491 1106 ad
519 1044 748 1127 benignitatem
775 1045 913 1126 Domini,
938 1044 1044 1107 llatris
1071 1063 1198 1107 servare
1254 1044 1356 1125 gineae
1388 1044 1494 1108 carnis
1521 1045 1672 1109 virtutem
1707 1047 1849 1110 sortitur.
1879 1047 1911 1109 Si
1937 1068 1989 1111 non

331 1175 347 1204 a
386 1175 438 1213 .ι,
451 1142 617 1223 honorem,
637 1144 756 1226 quippe
780 1143 834 1224 qui
859 1143 962 1224 legem
987 1150 1117 1206 venerat
1140 1142 1199 1204 im·
1254 1140 1373 1220 obviat,
1389 1142 1434 1204 ait
1452 1144 1661 1225 Augustinus,
1678 1144 1816 1207 necdum
1838 1156 1990 1227 perspecta

334 1253 341 1265 ·
451 1240 550 1323 plere,
580 1259 644 1303 non
673 1241 819 1304 solveret
847 1240 936 1303 Sicut
961 1259 1038 1322 ergo
1071 1240 1106 1302 in
1134 1240 1199 1302 vita
1254 1238 1436 1318 auctoritas,
1452 1259 1527 1304 vere
1542 1242 1638 1304 credo
1652 1241 1804 1323 quoniam
1827 1250 1913 1305 tanu
1930 1262 1990 1305 san

451 1338 781 1421 pracordialissimam
809 1347 841 1401 et
868 1337 978 1419 utique
1006 1338 1199 1419 inexcogita-
1254 1336 1410 1400 ctilioetio
1438 1338 1565 1420 dignior
1592 1348 1641 1402 est
1663 1340 1746 1402 ooelo
1773 1358 1870 1421 quam
1899 1348 1988 1419 terra;

450 1435 558 1498 biliter
583 1436 798 1518 praedileotam
823 1454 1015 1518 prorsusque
1038 1435 1200 1498 amabilis·
1254 1435 1404 1497 thronum
1419 1436 1669 1516 Dei,thalamum
1684 1437 1810 1500 Domini
1825 1438 1898 1501 coeli
1909 1448 1989 1519 atque

451 1534 565 1595 simam
601 1553 691 1596 suam
719 1534 859 1610 Metram,
889 1532 1106 1596 excellentiori
1135 1553 1199 1615 prae
1253 1532 1494 1597 tabernaculum
1509 1534 1624 1598 Christi
1645 1534 1777 1617 dignum
1800 1545 1850 1597 est
1870 1536 1914 1598 ihi
1931 1556 1988 1599 esse

451 1631 566 1693 ceteris
589 1631 691 1711 gratis
714 1630 896 1707 decoravit3
917 1631 1016 1694 sicet
1039 1631 1072 1692 in
1099 1639 1198 1693 morte
1256 1630 1308 1693 ubi
1326 1630 1461 1710 illeest3
1479 1631 1662 1694 thesaurum
1682 1640 1748 1693 tam
1768 1632 1939 1714 pretiosum
1952 1634 1990 1695 di-

421 1720 425 1725 ’
450 1726 605 1808 singulari
633 1746 705 1789 eam
731 1727 852 1791 honore
880 1736 1050 1790 veneratos
1077 1736 1135 1790 est.
1161 1727 1201 1789 Et
1254 1726 1349 1807 gnius
1364 1736 1412 1791 est
1427 1729 1544 1791 coelum
1559 1747 1655 1809 quarn
1670 1736 1753 1792 terra
1768 1748 1906 1793 servare.
1922 1731 1991 1791 Tan-

450 1826 561 1906 utiqoe
588 1824 734 1907 piissima
761 1824 828 1905 ills,
857 1844 927 1906 quae
958 1825 1018 1907 ipsi
1047 1833 1197 1906 tanquam
1216 1824 1239 1885 B
1255 1833 1318 1887 tarn
1342 1844 1418 1907 ergo
1443 1825 1656 1907 integritatem
1681 1827 1796 1891 merito
1815 1828 1991 1911 incormpti·

450 1922 531 1987 Filio
555 1941 683 1987 omnem
708 1941 804 2004 quem
830 1922 932 1985 valuit
954 1923 1109 1987 honorem
1132 1924 1200 2004 glo·
1254 1922 1373 2003 bilitas,
1394 1942 1458 1987 non
1484 1922 1550 1986 ulla
1572 1924 1751 2006 putredinis
1770 1926 1932 2002 resolutio,
1952 1946 1991 1988 se

449 2021 594 2103 riumque
619 2022 787 2104 impendit,
813 2021 973 2102 quomodo
1000 2040 1065 2083 non
1095 2022 1199 2084 acle-
1253 2018 1373 2099 quitur.
1408 2019 1496 2083 lstud
1531 2020 1783 2083 sacratissimum
1820 2042 1933 2105 eorpus
1963 2023 1990 2084 in

449 2119 650 2183 meritissimo
673 2119 914 2201 justissimoque
938 2119 1018 2182 Filio
1038 2119 1198 2181 vicissitu-
1253 2136 1359 2180 eseam
1388 2118 1550 2181 vermibus
1587 2120 1749 2197 traditum,
1778 2120 1857 2202 quia
1887 2122 1990 2183 sentire

449 2217 557 2280 dinem
577 2218 687 2281 sortita
708 2218 795 2281 credi
817 2218 922 2280 valeti
937 2217 1107 2280 Enimvero
1128 2218 1197 2299 ipse
1253 2232 1317 2277 uon
1339 2215 1442 2293 valeo,
1463 2216 1569 2279 dicere
1590 2218 1791 2298 pertimesco.
1807 2218 1880 2281 llaec
1900 2220 1991 2300 Augu·

449 2318 504 2399 qui
519 2325 697 2381 ceterorum
719 2318 766 2380 sic
788 2316 949 2399 glorificat
968 2336 1102 2399 corpora
1121 2317 1198 2379 San·
1254 2314 1368 2376 stinos.
1385 2313 1554 2377 Enimvero
1569 2334 1643 2378 caro
1657 2316 1713 2378 illa
1728 2316 1908 2379 castissime
1920 2318 1990 2379 Chri·

449 2425 574 2479 ctorum
613 2414 779 2496 exstincta,
814 2416 841 2477 si
874 2415 980 2477 Matris
1014 2433 1130 2497 corpus
1163 2416 1196 2477 in
1254 2420 1302 2473 sto
1317 2420 1381 2474 tam
1396 2431 1480 2492 cara,
1496 2431 1566 2493 quea
1587 2404 1694 2496 ipsum
1716 2414 1806 2492 aluit,
1823 2415 1916 2496 cujus
1933 2416 1990 2496 ipsc

450 2522 535 2576 terra
555 2513 601 2577 sie
625 2513 770 2595 ignotum
793 2514 1082 2594 inhonoratumque
1103 2513 1197 2575 relin-
1253 2510 1353 2572 ubera
1376 2511 1471 2589 suxit,
1496 2529 1567 2592 quae
1592 2510 1654 2593 ipsi
1680 2511 1721 2575 ab
1744 2511 1840 2576 initio
1870 2522 1930 2576 mm
1952 2532 1991 2575 re

450 2620 572 2693 queret,
596 2611 759 2675 modicum
790 2612 866 2673 satis
893 2611 1022 2674 Matrem
1051 2611 1196 2673 venerari
1252 2616 1400 2671 verenter
1413 2610 1694 2691 maternaliterque
1709 2611 1917 2692 ministravit,
1932 2631 1991 2693 qua

303 2729 435 2785 ramese.
450 2709 622 2789 videretur,
637 2709 693 2791 qui
715 2708 818 2772 nihilo
838 2710 946 2771 minus
960 2710 1006 2772 ait
1021 2732 1029 2769 ε
1046 2709 1112 2791 Ego
1130 2710 1197 2791 glo·
1254 2724 1328 2767 eum
1349 2707 1443 2769 toties
1465 2706 1644 2787 amplexata
1664 2708 1874 2791 osculataque
1895 2718 1949 2786 est,
1962 2710 1991 2770 in

449 2806 614 2870 rilicantes
648 2826 700 2870 me
733 2806 893 2888 glorilico.
924 2807 1087 2881 Quomodo
1120 2827 1196 2888 ergo
1253 2803 1347 2884 cujus
1362 2804 1431 2885 ipse
1452 2823 1543 2869 sacro
1563 2806 1687 2887 gremio
1708 2814 1771 2869 tarn
1795 2808 1933 2871 ubertim
1953 2828 1992 2871 re

448 2924 520 2968 eum
549 2924 620 2985 quae
643 2913 708 2967 tam
733 2924 857 2967 summe
882 2924 955 2968 eum
980 2924 999 2967 a
1026 2906 1196 2987 puerperio
1253 2902 1345 2981 sedit,
1362 2902 1396 2963 in
1422 2902 1515 2984 cujus
1540 2904 1626 2966 ulnis
1648 2905 1782 2985 quievit,
1799 2905 1890 2987 juxta
1910 2907 1991 2987 cujus

449 3019 550 3083 usque
578 3000 610 3061 in
640 2999 783 3081 requiem
811 2999 1018 3080 glorificavit,
1048 3019 1113 3063 non
1145 3021 1196 3063 su·
1215 2996 1431 3063 Cmatemum
1457 3010 1568 3082 pectus
1591 3010 1656 3063 tam
1681 3003 1794 3067 crebro
1819 3004 1989 3068 dormivit:

448 3097 580 3160 blimins
609 3096 844 3179 glorificassett
872 3096 939 3159 Nisi
970 3098 1052 3161 lorte
1085 3098 1112 3160 is
1140 3100 1194 3180 qui
1251 3099 1410 3178 quomodo
1426 3099 1827 3183 utiqueeChristo,cujus
1843 3102 1911 3183 ipsa
1925 3110 1992 3163 tem

448 3196 599 3260 omnibus
623 3204 686 3258 tarn
706 3196 847 3258 liberalis
868 3196 992 3259 exsistit
1012 3204 1107 3277 atque
1127 3217 1196 3259 mu·
1251 3195 1340 3277 plum
1364 3194 1426 3257 fnit
1448 3197 1589 3277 itemque
1613 3198 1800 3277 sacrarium,
1824 3200 1898 3263 duta
1920 3208 1991 3262 esset

447 3293 579 3371 uilicus,
594 3293 731 3375 propriae
752 3294 916 3355 dumtaxat
935 3292 1023 3355 llatri
1039 3301 1103 3355 tam
1125 3313 1196 3375 par·
1251 3292 1360 3355 videre
1389 3294 1649 3381 corruptioneml
1674 3296 1840 3369 Quomodo
1869 3317 1931 3361 non
1953 3298 1991 3359 sic

447 3411 505 3455 cus
533 3391 629 3453 luerit
658 3391 798 3472 itemque
824 3398 888 3452 tam
915 3400 1019 3453 tenax.
1045 3392 1093 3471 Et
1112 3393 1193 3454 hanc
1251 3389 1320 3471 ipse
1335 3391 1483 3473 rependit
1497 3392 1526 3454 ei
1541 3394 1813 3473 quemadmodum
1834 3396 1904 3478 ipsa
1919 3396 1991 3458 sibil

446 3490 600 3554 rationem
621 3489 799 3551 Bernardus
821 3488 954 3551 induxit.
1251 3487 1447 3561 Quomodoa
1468 3509 1502 3553 se
1522 3509 1593 3552 earn
1615 3498 1680 3553 tam
1702 3492 1758 3554 diu
1773 3494 1914 3575 separari
1935 3492 1990 3575 pati

487 3587 598 3651 Adhuc
626 3590 672 3668 (et
699 3595 747 3649 cst
774 3586 942 3668 Augustini
971 3587 1051 3651 ratio
1076 3590 1192 3669 tertia),
1252 3594 1370 3668 posset,
1391 3595 1422 3648 et
1446 3587 1551 3649 listris
1576 3587 1807 3654 beatitudinem
1829 3592 1992 3674 incomple

445 3705 546 3767 quum
560 3685 603 3748 sit
615 3685 721 3747 carnis
735 3683 850 3746 Christi
864 3692 960 3765 atque
974 3684 1074 3747 llariae
1089 3686 1195 3748 unitas
1251 3692 1315 3746 tam
1337 3684 1532 3767 relinqueret
1545 3689 1557 3747 l

446 3792 545 3862 taum,
562 3782 750 3847 rationabile
772 3800 903 3864 pmrsus
923 3790 972 3845 est
992 3792 1028 3845 ut
1041 3803 1102 3846 nec
1124 3784 1195 3848 loco

447 3890 644 3965 separentur,
670 3900 775 3962 neque
799 3880 969 3945 intervallo
996 3890 1084 3945 tanto
1113 3884 1195 3945 divi·
1456 3895 1702 3963 ARTICULUS
1730 3898 1789 3962 pv,

445 3983 571 4044 dantur.
597 3979 697 4059 Unde,
725 3997 825 4059 quum
853 3979 988 4059 putredo
1016 3988 1048 4042 et
1075 3982 1194 4043 vermis

445 4079 593 4142 humanas
616 4078 681 4139 sint
707 4076 915 4158 opprobrium
943 4077 1148 4157 conditionis,
1174 4098 1194 4142 a
1289 4142 1359 4180 sam
1373 4124 1515 4182 Marem
1530 4140 1665 4198 mensus
1679 4126 1791 4186 Fusus
1805 4132 1851 4188 ad
1864 4139 1991 4189 (elma.

444 4196 508 4260 quo
521 4194 620 4257 quum
635 4174 677 4236 sit
690 4174 832 4237 Christus
850 4175 986 4253 alienus,
1002 4176 1077 4238 inde
1092 4176 1193 4240 llariae
1210 4177 1234 4239 D
1289 4214 1335 4269 533
1348 4214 1550 4289 coelestesque
1564 4215 1699 4287 nuptm
1716 4215 1918 4279 introducit.

443 4282 567 4353 natura,
583 4291 679 4354 quam
700 4291 739 4335 ex
759 4290 798 4334 ea
814 4272 957 4335 Christus
973 4274 1125 4356 suscepit,
1141 4294 1194 4337 ex-

443 4372 572 4455 cipitur.
589 4372 754 4451 Quumque
775 4370 879 4451 maior
892 4370 1004 4451 utique
1025 4372 1067 4434 sit
1087 4373 1193 4435 unitas
1325 4375 1455 4435 UAE'est
1471 4375 1534 4432 isto
1549 4394 1623 4453 quoe
1642 4379 1789 4437 ascendit
1807 4382 1849 4439 de
1862 4383 1990 4448 deserto,
2002 4396 2086 4445 emer

443 4480 565 4535 naturas
578 4488 675 4551 quam
695 4468 817 4550 gratim,
833 4476 865 4529 et
879 4468 1002 4531 Christo
1024 4478 1118 4551 etque
1133 4470 1194 4533 lla-
1334 4472 1463 4530 deliciis
1482 4473 1638 4547 affluens,
1658 4475 1779 4533 innova
1800 4496 1901 4553 super
1918 4480 1991 4537 dile·

444 4570 499 4634 rias
524 4568 567 4631 sit
589 4574 710 4630 naturae
737 4566 844 4628 unitas
872 4566 976 4647 (lilius
1001 4587 1116 4650 nempe
1144 4578 1194 4632 est
1248 4578 1336 4628 ctum
1350 4568 1991 4651 suumilndubitantercredhunsmllei·

444 4688 482 4732 ex
507 4666 684 4730 substantia
710 4664 853 4747 parentis
880 4674 912 4727 et
939 4665 1058 4747 aliquid
1086 4666 1191 4748 ejus),
1248 4665 1316 4729 lere
1330 4666 1460 4746 virgo,o
1475 4666 1647 4729 mulierum
1662 4668 1890 4749 pulcherrima,
1906 4692 1924 4735 o
1938 4673 1991 4735 llu-

446 4764 583 4848 amplior
604 4771 689 4827 esset
716 4763 859 4844 ipsorum
881 4763 1076 4843 conjunctio,
1097 4784 1193 4846 quam
1249 4764 1506 4842 riaChristilera,
1519 4763 1738 4829 felicissimam
1754 4777 1842 4831 tuam
1857 4771 1990 4833 animam

447 4863 561 4929 Christi
588 4881 661 4925 cum
686 4861 801 4924 ceteris
825 4861 960 4925 Sanctis.
981 4862 1014 4925 Si
1035 4862 1132 4943 igitur
1152 4864 1194 4927 ob
1247 4862 1288 4925 ab
1313 4862 1516 4925 immaculato
1536 4871 1592 4927 tuo
1615 4881 1749 4946 corpore
1773 4867 1987 4949 emigrantem,

296 4986 432 5037 emm.
447 4962 556 5046 gratiae
576 4959 729 5022 unitatem
752 4958 895 5021 Christus
920 4960 1080 5039 disseruit,
1101 4961 1191 5039 Volo,
1249 4960 1282 5022 in
1296 4959 1380 5021 ulnis
1395 4978 1468 5023 mox
1482 4960 1643 5042 Unigeniti
1665 4962 1712 5024 tui
1726 4963 1906 5028 dulcissimi
1926 4985 1989 5029 esse

300 5051 341 5100 ²⁴³
351 5062 388 5101 ¹¹¹¹
398 5053 433 5093 ²⁶·
447 5062 548 5137 Pater,
564 5066 601 5121 ut
613 5056 668 5119 uhi
684 5076 754 5118 sum
768 5073 840 5136 ego,
857 5056 922 5120 illic
937 5057 979 5119 sit
996 5065 1029 5121 et
1046 5058 1194 5121 minister
1248 5066 1440 5140 susceptam.
1456 5058 1600 5139 Denique
1621 5066 1653 5121 et
1673 5061 1822 5124 eumdem
1837 5071 1928 5127 tuum
1948 5063 1990 5126 di·

447 5176 538 5221 meus
554 5179 562 5217 ε
578 5162 697 5236 quanto
717 5153 828 5235 utique
848 5153 910 5217 hoc
928 5155 1046 5235 potius,
1062 5164 1097 5216 ut
1119 5174 1192 5219 caro
1247 5155 1377 5236 lectum,
1390 5164 1421 5218 et
1436 5175 1508 5218 cum
1525 5156 1594 5238 ipso
1610 5156 1797 5221 Sanctorum
1811 5162 1925 5242 millia,
1936 5162 1989 5225 tibi

446 5256 502 5319 illa
522 5253 673 5319 deificata
692 5260 787 5334 atque
808 5252 991 5334 purissima,
1006 5253 1100 5335 cujus
1122 5254 1191 5335 ipsa
1246 5264 1397 5337 tanquam
1423 5254 1540 5337 regina
1564 5255 1649 5337 coeli,
1676 5264 1825 5339 tanquam
1852 5260 1990 5326 salvatri-

1249 4034 1298 4093 De
1304 4034 1541 4108 gloriosissimo
1551 4036 1612 4093 illa
1621 4040 1823 4110 processione
1834 4061 1901 4118 qua
1911 4058 1992 4115 spon·
