4309 6259
678 498 837 547 nrosmo
856 498 964 546 maan.
986 516 1028 528 -
1047 496 1117 543 aar.
1141 498 1185 545 ιιι
1649 478 1709 545 tid

166 678 266 734 tamen
280 672 384 735 oratio
397 672 477 752 (imo
490 679 522 735 et
535 679 636 735 tetum
655 667 817 749 officium)
831 668 907 731 mali
922 668 948 731 A
962 676 1136 751 gentesque
1165 670 1355 751 questiones
1380 670 1591 750 absolverent,
1617 676 1710 750 atque

166 769 335 833 sacerdotis
356 770 506 833 virtutem
528 768 668 846 sortitur,
690 775 722 831 et
744 768 784 831 ad
808 767 909 848 impe-
962 766 1117 830 instantes
1132 776 1208 831 tunc
1223 768 1408 851 futurasque
1423 769 1559 831 lraereses
1579 785 1712 831 evacua-

166 868 309 931 trandum
329 868 369 931 fit
387 868 515 948 efficax,
531 868 565 929 in
585 874 739 948 quantum
761 866 908 928 sacerdos
963 874 1043 927 rent.
1060 864 1100 927 Et
1112 864 1178 929 haec
1194 866 1312 947 scripte
1327 865 1526 948 appellantur
1540 864 1709 945 Epistolae:

45 956 235 1074 ²{ffffitalis
261 975 333 1029 orat
358 966 477 1049 etegit
504 968 538 1030 in
566 983 703 1049 persona
729 966 828 1029 totius
851 962 909 1027 Ec·
962 981 1096 1043 quarum
1116 964 1260 1027 doctrina
1280 972 1426 1046 respectu
1445 962 1637 1045 evangelice
1657 962 1713 1024 do

44 1084 153 1132 mnae.
167 1064 281 1143 clasiae,
297 1074 332 1128 ut
351 1065 465 1128 asserit
485 1066 632 1128 Thomas.
963 1060 1085 1139 ctrinae,
1114 1080 1183 1143 quae
1213 1062 1396 1126 immediate
1431 1082 1449 1125 a
1483 1060 1606 1125 Christo
1641 1078 1713 1143 pro-

963 1158 1069 1236 fluxit,
1086 1166 1133 1221 est
1149 1160 1346 1242 imperfecta,
1363 1169 1395 1224 et
1409 1160 1574 1224 ordinatur
1587 1160 1627 1222 ad
1642 1178 1712 1221 eam

840 1260 847 1269 ”
964 1258 1047 1321 sicut
1070 1259 1109 1321 ad
1135 1257 1245 1321 finem.
1272 1258 1454 1323 Intellectus
1479 1277 1616 1341 namque
1639 1256 1713 1338 Epi-

362 1318 607 1383 ARTICULUS
626 1318 704 1383 ΧΠ·
964 1355 1115 1418 stelenum
1135 1356 1277 1437 disponit
1296 1358 1335 1419 ad
1356 1357 1552 1420 intellectum
1572 1354 1713 1437 Evange

201 1470 249 1527 De
262 1467 412 1542 Epistola
430 1475 460 1526 et
477 1466 642 1529 Graduati
657 1485 696 1525 ac
708 1468 866 1527 Alleluia,
964 1454 1104 1517 licrum:
1127 1464 1293 1536 propterea
1314 1456 1454 1538 Epistola
1477 1464 1550 1519 ante
1571 1455 1713 1536 Evange-

964 1552 1042 1614 lium
1057 1553 1183 1635 legitur.
1193 1553 1294 1628 Quum
1309 1562 1414 1615 autem
1428 1553 1570 1635 Epistola
1584 1552 1711 1633 legitur,

49 1680 102 1721 pm,
123 1691 151 1729 a,
226 1654 374 1715 EATUS
388 1654 551 1733 homoque·
564 1654 909 1729 invenitsapientiam,
963 1651 1111 1713 sedemus
1126 1651 1270 1733 exemplo
1284 1652 1475 1731 flanteque
1491 1652 1604 1714 sedens
1620 1669 1712 1714 secus
1727 1665 1780 1709 cac.
1794 1678 1815 1716 x,
1827 1666 1861 1709 aa.

44 1746 67 1788 ¹³·
80 1746 108 1784 ¹⁵·
238 1761 272 1811 et
293 1754 354 1829 qui
372 1753 487 1827 afficit
503 1753 687 1827 prudentia
706 1772 718 1811 .·
733 1753 911 1827 pretiosior
964 1750 1061 1830 pedes
1079 1749 1164 1827 Jesu,
1186 1757 1304 1813 attente
1324 1758 1355 1811 et
1374 1750 1466 1813 avida
1489 1758 1594 1812 mente
1616 1750 1713 1811 verbe

162 1860 205 1911 est
224 1849 314 1911 enim
336 1848 493 1932 sapientia
509 1850 774 1926 cuncciaopttca.
791 1846 947 1911 tenve-ll
963 1847 1034 1927 ejus
1058 1848 1181 1909 audivit
1203 1871 1209 1909 :
1231 1847 1336 1909 taliter
1356 1848 1441 1910 enim
1468 1856 1499 1910 ct
1523 1865 1581 1911 nos
1602 1846 1713 1910 audire

162 1946 363 2011 nientissime
391 1956 462 2028 post
489 1947 666 2010 orationem
693 1946 834 2029 Epistola
861 1966 910 2009 se-
964 1946 1117 2008 debemus
1138 1944 1306 2009 lectionem
1329 1945 1489 2027 Epistolae.

161 2046 280 2128 quitur,
311 2046 344 2108 in
372 2064 435 2127 qua
466 2044 603 2127 populus
638 2045 677 2107 ad
713 2052 911 2107 sacramente
1004 2044 1627 2127 Cognoscendumquoque‚quodecrum
1643 2062 1713 2126 que

161 2144 278 2207 Christi
313 2163 371 2225 per
403 2143 580 2207 doctrinam
616 2143 807 2228 disponitur.
837 2142 909 2205 llaec
965 2140 998 2203 in
1026 2140 1120 2203 llissa
1146 2140 1307 2217 dicuntur,
1335 2142 1478 2223 quedam
1503 2160 1521 2203 a
1549 2141 1714 2204 sacerdote

161 2242 244 2304 enim
275 2240 443 2303 instructio
469 2240 558 2302 utilis
582 2248 630 2303 est
653 2240 693 2302 ad
719 2258 910 2303 conservan-
966 2240 1267 2320 pmnuntiantur,ea
1282 2240 1432 2303 videlicet
1446 2239 1561 2320 quibus
1577 2238 1714 2321 populus

161 2342 232 2402 dam
251 2337 390 2421 gratiam
415 2338 471 2401 Dei
496 2356 566 2419 quae
590 2338 843 2421 perorationem
863 2357 911 2399 sa-
965 2336 1148 2399 immediate
1176 2338 1215 2399 ad
1245 2337 1344 2400 Deum
1373 2338 1548 2417 ordinatur,
1579 2343 1612 2399 ut
1642 2342 1716 2398 sunt

162 2437 301 2501 cerdotis
317 2437 510 2518 premissam
525 2436 640 2499 collata
654 2435 911 2517 est.Estquoque
964 2434 1125 2497 orationes
1152 2443 1184 2497 et
1213 2435 1385 2516 gratiarum
1414 2435 1566 2499 actiones.
1597 2434 1715 2497 Horum

162 2534 344 2599 necessaria
370 2536 409 2597 ed
437 2534 533 2616 digne
560 2534 767 2616 percipienda
795 2553 833 2596 ac
861 2553 912 2596 ce·
966 2540 1072 2594 tamen
1094 2533 1237 2615 quedam
1260 2534 1291 2594 in
1312 2540 1434 2596 secreto
1455 2532 1534 2595 dicit
1555 2531 1714 2611 sacerdos,

162 2634 316 2696 lebranda
338 2640 535 2695 sacramenta
559 2632 702 2695 coelestia
720 2650 778 2694 seu
796 2632 910 2694 Christi
966 2630 1118 2711 quoniam
1142 2632 1181 2693 ad
1206 2650 1298 2693 suum
1322 2630 1470 2695 officium
1494 2638 1649 2712 spectant.
1673 2628 1717 2692 Ea

162 2732 325 2813 mysteria.
337 2730 404 2793 Nisi
419 2730 506 2793 enim
528 2748 757 2811 cognoscamus
776 2728 910 2811 gratiam
966 2748 1042 2792 vero
1070 2746 1140 2809 quae
1168 2749 1225 2811 per
1254 2730 1469 2793 ministerium
1498 2729 1634 2793 aliorum
1670 2729 1717 2791 di-

161 2838 193 2893 et
226 2828 483 2892 misericordiam
519 2836 614 2909 atque
649 2826 809 2891 beneficia
842 2828 909 2903 llei,
967 2827 1216 2889 vinitustradita
1237 2836 1357 2906 sunta
1378 2828 1532 2891 ministris
1553 2828 1713 2903 dicuntur,

162 2928 240 3009 grati
264 2946 338 2989 esse
358 2945 423 2989 non
449 2944 629 3008 possumus,
649 2945 709 2989 nee
732 2945 805 2989 cum
827 2944 913 2989 amc
966 2933 1002 2987 ut
1016 2925 1157 3007 Epistola
1171 2934 1203 2988 et
1216 2926 1434 3007 Evangelium.
1448 2926 1595 3001 Ouaedam
1611 2934 1716 2988 autem

162 3045 233 3089 msa
250 3024 423 3088 devotione
441 3043 479 3088 ea
497 3024 651 3105 recipere,
667 3024 822 3102 venerari,
844 3026 912 3086 sive
928 3023 986 3087 Ca
1015 3032 1081 3086 tcto
1110 3023 1206 3087 choro
1238 3023 1398 3101 dicuntur,
1431 3031 1542 3106 utputa
1574 3042 1644 3104 quae
1678 3022 1716 3085 ad

164 3123 317 3187 recolere.
334 3122 384 3185 Nil
399 3121 485 3185 enirn
500 3122 605 3203 diligit
624 3121 838 3185 intellectivus
858 3142 913 3204 ap
968 3120 1209 3201 dispositionem
1233 3122 1340 3203 populi
1363 3121 1534 3203 pertinent.

163 3224 291 3303 petitus,
310 3220 373 3283 nisi
395 3220 479 3301 quod
500 3220 626 3283 noverit
646 3220 837 3283 intellectus.
853 3219 911 3293 Qui
1007 3220 1051 3281 Ex
1080 3219 1225 3282 doctrina
1253 3238 1329 3283 vero
1357 3220 1569 3301 Epistolarum
1604 3218 1717 3282 fideles

162 3328 268 3383 autem
294 3321 438 3399 ingratus
462 3326 511 3380 est
533 3318 626 3381 donis
650 3318 817 3396 Altissimi,
845 3337 913 3379 sus·
968 3318 1129 3398 duplicem
1158 3318 1297 3381 fructum
1327 3318 1478 3401 consequi
1513 3318 1640 3395 debent,
1672 3318 1718 3380 vi·

162 3426 253 3499 cepte
273 3424 417 3480 meretur
436 3416 581 3479 amittere
600 3425 632 3479 et
652 3416 767 3480 futuris
791 3436 910 3480 carere.
968 3416 1085 3478 delicet
1111 3438 1117 3476 :
1142 3417 1319 3497 profectum
1344 3417 1427 3497 vitm,
1453 3417 1654 3479 ascendendo
1679 3417 1717 3479 de

45 3525 47 3566 l
71 3540 149 3577 mv.
162 3517 249 3579 Unde
273 3515 446 3597 Apostolus
468 3514 512 3576 ait
537 3514 624 3590 :Qui
648 3523 753 3577 autem
776 3513 911 3595 ignorat,
968 3514 1085 3576 virtute
1106 3512 1138 3575 in
1159 3514 1308 3576 virtutem
1328 3514 1495 3595 gradatim,
1516 3515 1600 3596 quod
1620 3514 1718 3595 signi-

61 3620 66 3631 '
163 3613 374 3695 ignorabitur.
405 3612 533 3693 Oportet
561 3630 637 3693 ergo
671 3612 830 3675 beneficia
857 3612 912 3673 Dei
968 3610 1086 3673 ficetur
1105 3631 1162 3693 per
1181 3612 1356 3689 Graduelc;
1374 3620 1405 3674 et
1424 3612 1499 3673 item
1521 3611 1717 3693 spiritualem

163 3731 351 3793 agnoscere,
387 3712 655 3792 quemadmodum
691 3730 800 3773 rursus
835 3710 915 3772 dicit
969 3709 1121 3785 letitiam,
1156 3710 1244 3791 juxta
1280 3710 1358 3771 illud
1394 3710 1547 3791 Apostoli,
1577 3710 1717 3772 Gaudete
1732 3734 1865 3791 perarmat,

44 3818 148 3867 lid-net.
162 3810 336 3891 Apostolus
359 3832 367 3871 ι
390 3807 453 3871 Nos
476 3809 652 3889 (inquiens)
677 3826 741 3871 nou
765 3808 913 3889 spiritum
969 3826 1096 3887 semper
1115 3807 1148 3869 in
1167 3808 1312 3887 Domino,
1333 3809 1418 3888 quod
1440 3807 1643 3889 significatur
1662 3827 1718 3890 per
1732 3800 1753 3841 ⁴·

162 3910 259 3990 hujus
275 3907 388 3970 muudi
403 3907 597 3988 accepimns,
614 3906 670 3969 sed
684 3905 837 3988 Spiritum
857 3906 912 3987 qui
969 3905 1115 3985 Alleluia,
1139 3924 1256 3969 nomen
1278 3907 1479 3986 Hebraicum,
1502 3906 1595 3987 cujus
1622 3907 1718 3969 inter-

161 4028 198 4071 ex
217 4008 284 4070 Deo
303 4013 365 4085 est,
381 4013 417 4067 ut
434 4004 573 4068 sciamus
591 4023 661 4085 quae
679 4023 698 4066 a
716 4004 780 4067 Deo
798 4004 914 4067 donata
970 4004 1105 4084 prelatio
1124 4012 1182 4083 est,
1200 4004 1324 4067 laudate
1340 4004 1520 4068 [lominum.
1538 4005 1575 4068 Et
1595 4012 1643 4067 est
1658 4004 1718 4068 hoc

162 4114 235 4168 sunt
259 4104 367 4167 nobis.
388 4102 466 4165 Nam
490 4122 528 4165 ex
552 4102 607 4165 tali
632 4102 745 4166 notitia
770 4121 843 4183 spes
865 4121 915 4165 ro
969 4120 1086 4165 nomen
1106 4102 1252 4183 Alleluia,
1270 4104 1398 4166 coelestc
1418 4113 1449 4166 et
1469 4104 1638 4186 mysticum
1658 4104 1721 4165 vir-

162 4204 304 4280 tumtur,
321 4210 353 4264 et
370 4201 484 4264 caritas
499 4202 703 4264 vehementer
717 4201 911 4263 accenditur.
929 4196 954 4258 D
969 4208 1160 4283 tuosumque
1180 4220 1308 4279 nomen,
1332 4200 1530 4265 ineffabilem
1552 4202 1720 4265 Beatorum

200 4300 347 4383 Epistola
369 4298 467 4379 igitur
489 4298 712 4380 Apostolorum
737 4298 914 4361 doctrinam
969 4298 1212 4361 exsultationem
1230 4298 1419 4381 significans
1441 4301 1543 4382 magis
1558 4318 1653 4381 quam
1668 4320 1721 4362 ex-

161 4402 322 4483 designet.
353 4398 475 4461 Dicitur
504 4398 591 4461 enim
623 4397 758 4477 epistola
788 4397 829 4459 ab
857 4402 916 4460 ἐπι·
970 4398 1134 4480 primens3
1156 4398 1309 4479 repetitur
1333 4406 1438 4459 autem
1463 4407 1593 4480 propter
1616 4398 1721 4479 dupli-

163 4504 285 4575 στέλλω,
303 4496 388 4578 qucd
408 4495 569 4578 significat
587 4495 677 4559 mitto
699 4495 749 4557 vel
771 4496 912 4558 mando:
971 4515 1041 4557 cem
1062 4495 1175 4559 stolam
1197 4516 1252 4557 seu
1274 4496 1407 4576 gloriam
1429 4497 1607 4575 Beatorum,
1623 4514 1718 4577 quam

161 4597 319 4678 quoniam
340 4593 422 4657 sicut
435 4594 598 4676 Pmphetce
617 4594 715 4657 libros
736 4612 810 4655 suos
825 4593 915 4657 libris
970 4613 1056 4656 nunc
1078 4594 1254 4657 sortiuntur
1273 4595 1306 4655 in
1327 4593 1446 4672 anima,
1462 4602 1494 4656 et
1515 4595 1642 4657 tandem
1665 4594 1720 4657 ha-

160 4695 289 4776 Moysis,
316 4692 349 4754 in
370 4691 485 4773 quibus
507 4692 556 4754 lex
577 4692 672 4773 plene
693 4690 816 4771 digesta
836 4699 914 4768 erat,
970 4692 1092 4754 bebunt
1112 4692 1145 4753 in
1167 4692 1273 4753 anima
1292 4699 1323 4753 et
1343 4710 1485 4773 corpore.

160 4792 358 4855 addiderunt
372 4797 403 4851 et
417 4788 506 4870 quasi
524 4788 777 4871 supermiserunt
795 4788 834 4850 ad
851 4808 917 4850 ma·
1009 4790 1170 4852 Interdum
1195 4807 1321 4871 quoque
1343 4790 1414 4852 loco
1434 4790 1582 4871 Epistolae
1604 4791 1720 4872 legitur

161 4890 264 4970 forem
280 4887 537 4969 explanationem
554 4888 633 4968 legis
648 4885 917 4950 informationem·
971 4888 1091 4969 aliquid
1127 4907 1165 4951 ex
1200 4888 1299 4950 veteri
1329 4889 1540 4967 Testamenta,
1569 4889 1609 4951 ad
1638 4888 1720 4951 desi-

161 5008 222 5069 que
258 4986 388 5069 plebis3
418 4985 462 5047 ita
492 4985 634 5066 Apostoli
663 4985 754 5047 libris
782 4993 917 5067 quatuor
971 4985 1133 5067 gnandum
1169 4984 1335 5066 utriusque
1363 4985 1554 5047 Testamenti
1589 5003 1720 5049 concor-

161 5085 452 5169 Evangelistarum,
474 5083 507 5145 in
530 5082 647 5164 quibus
671 5083 722 5145 lex
743 5102 825 5145 nova
846 5102 916 5163 per-
970 5084 1067 5145 diam.
1093 5083 1241 5163 Epistolae
1269 5090 1374 5144 autem
1402 5083 1636 5163 Apostolorum,
1663 5102 1721 5164 per

161 5185 245 5247 fecte
261 5189 416 5247 contenta
430 5188 489 5261 est,
505 5181 649 5262 quedam
670 5181 789 5263 scripte
807 5200 917 5264 super·
971 5180 1182 5244 subdiaconos
1204 5180 1375 5257 dicuntur;
1392 5181 1446 5243 sed
1469 5199 1539 5261 quae
1558 5200 1596 5243 ex
1619 5181 1718 5243 veteri

163 5284 337 5361 misenant,
352 5289 387 5343 ut
404 5280 557 5363 populum
577 5278 796 5358 informarent,
812 5280 916 5343 incur·
971 5280 1041 5360 lege
1069 5287 1249 5358 sumuntur,
1276 5298 1332 5360 per
1360 5276 1526 5342 inferiores
1555 5278 1718 5343 ministms
