4309 6259
280 504 321 549 Μ
341 503 543 551 summitto
564 502 692 551 acrama
712 504 750 549 ΒΤ
770 504 867 551 1188AE
888 504 1116 553 caballarium!
1138 507 1295 554 otatootts.
1319 524 1359 535 -
1379 509 1449 555 Aur.
1472 508 1567 557 11le
1637 492 1696 557 437

154 672 228 753 lide,
249 673 418 739 devotione
438 694 475 737 ac
499 673 614 737 humili
638 675 774 753 actione,
797 674 937 741 iustarrl
951 683 983 738 et
1009 676 1106 757 judex
1133 676 1276 741 omnium
1304 686 1459 758 nostmm,
1484 686 1637 760 quantum
1664 688 1699 743 tu

48 791 91 837 cor.
106 804 141 843 m,
153 771 237 835 Pauli
251 772 397 854 apostoli,
414 772 469 855 qui
488 774 668 836 tentabatur
689 774 723 836 in
737 793 842 837 carne.
859 774 898 835 Et
950 774 1043 838 nobis
1057 776 1211 838 amandus
1226 782 1281 839 est
1298 795 1393 858 quam
1415 777 1567 840 colendus
1582 795 1619 839 ac
1634 794 1700 839 me-

48 918 139 967 m,
153 870 366 935 assimilantur
378 871 632 953 centurioni,qui
643 871 754 934 habuit
769 891 895 935 servum
952 873 1108 935 tuendus!
1140 874 1185 935 Tu
1214 874 1300 937 enim
1329 874 1503 937 secundum
1532 883 1618 937 tuam
1652 874 1699 937 di-

153 968 316 1038 infirmum
330 970 364 1031 in
382 969 488 1047 domo,
505 969 537 1031 id
559 979 608 1032 est
625 970 822 1052 corporalem
842 990 897 1031 na·
952 970 1061 1032 vinam
1079 979 1226 1034 naturam
1246 990 1279 1034 es
1302 972 1497 1051 naturaliter,
1514 972 1700 1034 intermina-

152 1077 252 1131 turam
266 1069 409 1131 nondum
431 1077 620 1151 purgatam:
638 1068 767 1131 etsicut
788 1077 897 1132 centu·
952 1068 1059 1131 biliter
1089 1069 1203 1150 bonne,
1233 1070 1391 1147 amabilis,
1420 1069 1640 1133 desiderabilis
1669 1078 1700 1133 et

152 1167 198 1230 rio
225 1166 286 1229 fuit
313 1166 568 1245 incircumcisus,
598 1166 644 1231 sio
672 1175 705 1230 et
732 1166 793 1249 ipsi
822 1177 897 1229 sunt
950 1168 1097 1247 decorus,
1119 1168 1236 1248 suavis,
1259 1168 1472 1251 omnipotens,
1495 1168 1633 1250 sapiens,
1654 1168 1700 1231 di·

150 1264 252 1327 adhuc
272 1264 453 1347 aliqualiter
474 1264 664 1329 irreformati
679 1288 687 1342 3
704 1273 736 1328 et
749 1265 896 1347 quamvis
951 1282 1018 1345 ves,
1044 1272 1185 1344 sanctus,
1215 1263 1301 1343 felix,
1332 1264 1505 1348 perfectus,
1535 1266 1640 1347 justus
1668 1274 1701 1329 et

152 1363 271 1425 infirmi
286 1363 351 1425 sint
369 1362 512 1426 incarne
530 1383 567 1426 ac
583 1371 744 1427 tententur
758 1364 791 1425 in
805 1373 897 1427 natu·
951 1362 1034 1443 pius,
1058 1362 1211 1442 liberalis,
1235 1382 1340 1443 verus,
1360 1364 1465 1444 vivae,
1489 1364 1698 1443 invariabilis,

152 1482 195 1541 ra,
211 1470 318 1525 tamen
340 1461 374 1522 in
397 1461 511 1544 spiritu
532 1480 591 1525 suo
611 1461 699 1544 pleni
721 1470 796 1524 sunt
816 1459 894 1539 fide,
951 1460 1098 1543 simplex,
1120 1480 1243 1525 summe
1264 1469 1296 1525 et
1318 1462 1610 1543 incomparabiliter
1628 1461 1702 1525 dili-

150 1560 315 1623 devotione
338 1569 370 1622 et
393 1560 576 1623 dilectione.
600 1560 747 1642 lndigent
769 1578 895 1641 quoque
950 1560 1084 1640 goradus,
1117 1560 1281 1639 colendus,
1310 1560 1486 1623 laudandus
1519 1580 1556 1624 ac
1591 1560 1702 1625 formi-

150 1658 223 1725 ferti
238 1658 321 1738 cibo,
338 1658 369 1720 id
391 1667 440 1720 est
453 1658 668 1739 Sacramento,
684 1676 748 1739 quo
771 1658 897 1721 valeant
951 1657 1086 1720 dandus.
1104 1658 1164 1721 Gur
1179 1677 1254 1740 ergo
1270 1666 1300 1721 te
1315 1678 1379 1721 nou
1395 1677 1521 1740 semper
1535 1658 1700 1742 adspiciet

150 1756 311 1837 passiones
322 1756 574 1839 tentationesque
588 1763 797 1840 superare3et
810 1757 895 1819 hunc
952 1755 1038 1818 lleut
1055 1774 1153 1837 quare
1174 1775 1239 1820 non
1260 1756 1327 1819 vito
1348 1775 1442 1819 omne
1464 1775 1526 1838 quo
1548 1767 1602 1820 tua
1624 1776 1702 1839 prae

150 1853 254 1917 eibum
282 1855 401 1917 debent
428 1873 554 1937 semper
585 1854 742 1937 accipere,
772 1854 896 1936 quoties
914 1853 937 1915 B
953 1856 1056 1920 sentia
1084 1863 1188 1937 potest
1215 1854 1337 1918 offendi
1372 1864 1404 1919 et
1435 1864 1543 1919 sancta
1572 1856 1701 1919 dilectio

150 1953 298 2015 convenit
311 1971 349 2015 ex
363 1952 479 2016 Ordine
493 1952 545 2015 vel
559 1951 672 2016 officio
693 1972 749 2015 seu
764 1972 897 2016 consue·
953 1954 1077 2017 minuit
1098 1953 1121 2017 0
1145 1953 1278 2017 Domine
1303 1953 1386 2016 Deus
1410 1972 1512 2033 meus,
1533 1973 1628 2035 quam
1647 1974 1701 2037 pa-

150 2051 256 2113 tudine
273 2051 360 2114 bona
378 2069 488 2114 eorum
507 2050 591 2113 inter
608 2069 689 2132 quos
708 2069 899 2115 conversan·
953 2062 1039 2115 ratus
1067 2071 1101 2114 es
1130 2050 1223 2115 nobis
1251 2050 1424 2114 affluenter
1451 2052 1699 2133 communicare,

151 2158 209 2211 tur.
236 2186 277 2196 -
306 2148 411 2211 Tertia
437 2148 621 2212 differentia
648 2156 697 2211 est
730 2150 897 2214 bominum
953 2150 1134 2227 infundere,
1163 2151 1239 2212 dare
1269 2149 1458 2211 charismata
1485 2150 1593 2231 gratiae
1629 2158 1700 2230 tuae,

151 2256 331 2311 sanctorum
358 2247 461 2329 magis
487 2248 684 2310 elevaturum
711 2247 745 2310 in
770 2247 895 2330 spiritu,
953 2248 1094 2312 caritatis
1128 2248 1285 2326 ardorem,
1315 2246 1494 2329 proiectum
1524 2247 1699 2311 virtutum!

151 2346 202 2426 qui
220 2354 295 2409 sunt
317 2344 455 2408 totaliter
475 2345 644 2409 introversi
666 2364 739 2409 cum
761 2345 895 2424 viribus,
952 2347 1007 2429 qui
1036 2354 1101 2409 um
1130 2364 1273 2409 amorosa
1306 2364 1357 2408 me
1386 2346 1552 2428 provenis,
1582 2346 1635 2427 qui
1671 2354 1702 2409 te

151 2443 270 2506 actibus
289 2462 328 2505 ac
353 2442 500 2505 sensibus
519 2442 607 2519 suis3
628 2451 660 2505 et
680 2442 898 2506 assimilantur
953 2445 1059 2527 ipsum
1081 2443 1127 2506 sic
1151 2442 1261 2521 offers,
1278 2450 1309 2505 et
1330 2444 1369 2505 ad
1394 2442 1439 2506 tui
1467 2443 1701 2526 susceptionem

150 2542 286 2619 Zacbcoo,
313 2540 369 2621 qui
394 2540 539 2603 ascendit
563 2541 596 2603 in
620 2541 767 2605 arborem
795 2550 830 2604 ut
851 2543 898 2604 vi·
953 2552 1017 2606 tam
1031 2550 1210 2625 opportune
1225 2549 1257 2603 et
1271 2541 1507 2621 quodammodo
1523 2542 1702 2624 importune

59 2648 65 2661 ·
151 2640 234 2701 deret
260 2638 381 2701 lesum.
410 2674 451 2684 -
483 2638 598 2712 Quarta
633 2637 816 2702 differentia
850 2647 898 2702 est
952 2642 1078 2720 invitas,
1104 2639 1293 2722 promittens
1320 2639 1405 2703 bona
1433 2648 1550 2703 aeterna
1577 2648 1609 2703 et
1635 2640 1702 2721 glo-

151 2754 255 2799 eomm
282 2736 341 2817 qui
370 2736 404 2798 in
432 2735 643 2799 observantiis
670 2744 702 2798 et
730 2737 897 2818 praeceptis
953 2740 1048 2816 riosa,
1064 2740 1091 2801 si
1106 2756 1235 2817 venero,
1252 2745 1283 2801 et
1298 2736 1497 2800 comminans
1516 2737 1600 2799 mala
1614 2738 1703 2800 dam-

151 2842 221 2896 sunt
242 2834 426 2915 diligentes.
448 2868 488 2879 -
508 2831 623 2907 Quinta
643 2832 828 2897 differentia
848 2844 897 2898 est
952 2836 1091 2900 nationis
1114 2844 1284 2918 perpetue,
1312 2835 1372 2897 nisi
1399 2853 1572 2897 accessero.
1597 2834 1634 2897 Et
1659 2835 1703 2897 ita

151 2951 254 2995 eorum
277 2932 335 3014 qui
359 2931 476 2995 curiosi
498 2940 572 2993 sunt
591 2940 623 2995 et
641 2932 702 2995 sibi
721 2933 895 3014 placentes,
953 2944 984 2998 te
998 2934 1128 2998 exhibes
1143 2934 1285 2998 datorem
1299 2940 1331 2996 et
1345 2933 1477 3011 donum,
1488 2932 1655 2995 convivam
1671 2940 1703 2996 et

151 3039 180 3093 et
192 3030 393 3113 apparentias
407 3029 541 3109 faciunt,
555 3038 587 3092 et
600 3030 735 3113 cupiunt
749 3031 897 3095 honorari
913 3034 936 3099 G
954 3034 1073 3110 cibum,
1087 3032 1242 3113 hospitem
1258 3039 1289 3093 et
1308 3030 1526 3110 relectionem,
1543 3030 1702 3093 medicum

152 3148 186 3192 ac
204 3128 343 3211 reputari
361 3153 368 3190 :
385 3129 505 3192 idcirco
524 3128 666 3192 destituti
687 3139 762 3192 sunt
783 3130 895 3212 gratia.
953 3140 985 3195 et
999 3129 1204 3206 medicinam,
1219 3128 1360 3208 judicem
1375 3136 1407 3191 et
1421 3128 1619 3205 advocatum,
1637 3148 1704 3192 cre-

187 3228 306 3290 Deinde
322 3226 434 3289 scribit
447 3228 487 3289 de
502 3227 567 3290 vita
585 3227 799 3309 perfectorum
814 3248 898 3311 quae-
953 3239 1072 3293 atorem
1089 3236 1119 3290 et
1142 3226 1415 3290 reconciliatorem
1437 3226 1588 3308 quotidie.

153 3326 221 3387 dam
239 3325 393 3389 sublimia
409 3348 416 3385 ε
433 3343 514 3406 quaa,
535 3334 690 3406 quantum
710 3345 823 3407 capere
845 3348 898 3389 va·
993 3327 1126 3389 Adstant
1154 3326 1258 3406 angeli
1288 3324 1401 3401 sancti,
1433 3323 1588 3387 mirantur
1616 3333 1702 3388 tanta

153 3424 280 3500 leo,non
294 3423 424 3504 expedit
438 3422 639 3505 simplicibus
653 3423 750 3486 scribi
766 3444 803 3487 ac
818 3425 898 3488 idio·
953 3424 1114 3508 mysteria,
1136 3431 1263 3504 stupent
1283 3421 1442 3486 mirabilia
1462 3422 1516 3485 Dei
1539 3421 1571 3484 in
1593 3423 1702 3485 Sacra-

152 3523 209 3599 tis,
224 3530 255 3584 et
269 3522 385 3585 modus
399 3520 470 3602 ejus
485 3521 634 3601 loquendi
650 3521 723 3583 talis
736 3529 796 3600 est,
812 3524 897 3604 quod
953 3532 1071 3599 mento,
1098 3522 1235 3603 amplius
1260 3529 1366 3584 tamen
1394 3520 1623 3602 obstupescunt
1650 3540 1701 3583 ca-

153 3620 295 3683 atalibus
312 3619 508 3701 apprehendi
523 3637 587 3681 non
603 3619 699 3699 valet,
712 3620 775 3683 imo
791 3629 897 3701 posset
954 3623 1090 3699 ritatem,
1112 3618 1374 3697 misericordiam,
1398 3618 1620 3681 liberalitatem
1643 3619 1698 3681 Dei

152 3718 225 3799 ipsis
247 3738 320 3781 esse
344 3717 461 3780 erroris
489 3716 616 3781 occasio
642 3740 650 3779 :
677 3718 748 3781 ideo
772 3718 826 3781 illa
850 3719 898 3781 di·
951 3721 991 3783 ad
1005 3718 1216 3783 homineslle
1233 3716 1696 3798 ingratitudine,irreverentia,

152 3815 248 3879 mitto.
952 3816 1155 3879 immunditia
1168 3815 1379 3898 plurimorum
1401 3814 1587 3891 tristantur,
1603 3813 1699 3876 devo-

188 3914 333 3977 Vaurras.
349 3912 505 3976 -Etiam
520 3912 581 3975 viri
596 3913 771 3977 doctissimi
786 3914 897 3997 displi-
951 3916 1041 3992 tioni,
1072 3914 1257 3991 sinceritati,
1292 3911 1448 3994 profectui
1484 3912 1698 3975 virtuosorum

154 4013 283 4075 centiam
297 4011 479 4075 habuerunt
493 4012 527 4073 in
538 4012 632 4075 modo
646 4012 717 4093 ejus
732 4012 893 4094 loquendi,
951 4012 1221 4095 congratulantur.
1239 4011 1315 4073 'lota
1336 4010 1535 4092 triumphans
1556 4009 1699 4073 Ecclesia

154 4119 180 4172 et
195 4118 386 4193 putaverunt
404 4130 477 4173 eum
497 4110 648 4173 incidisse
663 4128 813 4191 errorem,
831 4112 896 4176 imo
952 4132 1047 4195 super
1067 4110 1154 4174 omni
1178 4109 1305 4191 pietate,
1322 4108 1547 4188 beneficentia,
1569 4108 1698 4171 caritate

154 4217 182 4271 et
194 4210 338 4273 heresim
357 4209 530 4273 liberorum
545 4208 714 4290 spirituum
733 4233 740 4271 ε
757 4228 837 4291 quos
851 4219 895 4273 ta·
910 4212 935 4275 o
951 4218 982 4272 et
1002 4209 1104 4289 gratia
1125 4206 1179 4270 Dei
1202 4208 1236 4269 in
1258 4206 1407 4268 militanti
1423 4205 1577 4285 Ecclesia,
1594 4224 1698 4287 regra-

154 4326 222 4370 men
236 4327 301 4372 non
324 4307 437 4371 incidit
456 4326 514 4370 nec
535 4305 644 4385 sensit,
661 4306 714 4369 sed
735 4307 892 4389 reprobat.
951 4308 1047 4370 tiatur
1074 4304 1370 4389 praecordialissima
1405 4304 1577 4367 affectione
1605 4304 1700 4366 Altis·

602 4404 606 4410 ’
951 4406 1043 4468 simo.
1068 4404 1108 4467 llt
1132 4403 1289 4465 miserae
1318 4401 1482 4485 improbus
1510 4402 1605 4465 homo
1633 4419 1698 4464 non

951 4502 1099 4581 advertit,
1133 4520 1196 4564 uon
1232 4499 1409 4579 incalescit,
1443 4519 1503 4562 nec
1538 4499 1697 4580 condigno

306 4582 553 4647 ARTIGULUS
576 4580 732 4645 XXXIV·
952 4601 1072 4663 affectu
1096 4599 1213 4681 gratias
1237 4597 1343 4661 refert.
1371 4596 1452 4661 Olim
1480 4597 1512 4659 in
1538 4597 1608 4678 lege
1633 4615 1698 4660 non

155 4732 313 4792 primi„
334 4750 482 4791 amoma
501 4732 545 4790 ad
565 4730 897 4806 01,„·„„„„d,·,p03,2
951 4700 1043 4762 licuit
1056 4696 1179 4779 ingredi
1195 4697 1308 4759 Sancta
1330 4705 1510 4758 sanctorum
1531 4694 1594 4757 nisi
1614 4714 1700 4757 sum·
1719 4726 1789 4771 M„
1814 4740 1844 4779 u,

193 4822 258 4880 tiva
282 4824 326 4881 ad
348 4820 668 4889 communicandam,
682 4830 712 4879 er
736 4821 896 4896 myrapia.
953 4816 1004 4861 mo
1024 4795 1195 4879 pontifici:
1212 4795 1278 4876 jam
1298 4802 1343 4872 tu,
1365 4795 1478 4857 Sancte
1498 4795 1696 4872 Sanctorum,
1712 4791 1844 4896 {theram

195 4912 351 4986 toriapro
367 4909 616 4987 beneficiisDei.
953 4896 1012 4959 sub
1040 4902 1238 4957 sacramento
1266 4892 1397 4955 introire
1429 4892 1571 4973 dignaris
1603 4911 1639 4955 os
1666 4899 1699 4955 et
1727 4886 1733 4899 ’

952 4994 1093 5057 animam
1109 4992 1282 5074 cujuslibet
1297 4991 1342 5054 tui
1358 4990 1474 5053 fidelis.
1491 4991 1515 5055 0
1533 5010 1628 5073 quam
1651 5011 1699 5054 re-

195 5094 360 5159 Sscannos.
377 5132 418 5141 -
431 5094 455 5157 0
468 5093 601 5158 Domine
616 5102 647 5156 et
661 5094 814 5171 Salvator,
830 5093 900 5155 b'ni-
954 5100 1102 5155 verenter
1122 5102 1153 5154 et
1174 5090 1306 5154 attonite
1328 5089 1434 5152 Sancti
1456 5088 1621 5170 utriusque
1643 5091 1699 5152 Te-

161 5194 260 5272 genite
273 5194 329 5256 Dei
348 5194 448 5257 Patris
468 5213 504 5256 ac
514 5192 745 5267 ,sacratissimae
760 5192 899 5274 Virginis
954 5189 1348 5272 stameuti,apparentibus
1363 5187 1422 5250 sibi
1435 5188 1473 5250 de
1486 5186 1566 5250 coelo
1577 5188 1699 5269 angelis

161 5290 272 5373 llatris,
297 5312 317 5357 o
341 5292 486 5357 conditor
508 5299 539 5355 et
561 5300 693 5373 amator,
719 5310 738 5355 o
763 5291 900 5354 salvator
956 5289 1075 5353 sanetis
1103 5298 1135 5352 et
1162 5287 1286 5351 civibus
1315 5286 1402 5369 regni
1429 5285 1566 5349 coelestis
1590 5304 1700 5349 occur-
