4309 6259
472 516 511 562 or
531 514 622 562 roms
642 516 778 564 seranus
798 515 918 578 sareon,
940 507 1114 563 rnacrsrus
1137 516 1179 563 ιιι.
1203 534 1243 545 -
1262 516 1332 563 aar.
1357 514 1426 563 ιιιιι
1658 493 1716 561 etl

167 681 259 745 tiam.
276 682 439 763 Sapientia
451 683 508 747 nei
522 692 653 766 propter
666 684 798 748 crimina
813 693 921 747 nostra
936 687 960 748 Α
976 685 1064 748 ribus
1094 685 1230 749 humiles
1259 704 1342 762 esse,
1367 684 1476 749 habitu
1504 685 1599 747 etiam
1628 691 1660 746 et
1687 684 1720 746 in

168 780 331 863 redarguit
344 800 414 859 nos,
431 780 645 864 interioraque
664 791 772 846 nostra
793 802 920 865 perspe-
974 784 1061 846 omni
1077 784 1319 847 conversatione
1335 782 1546 845 humilitatem
1562 801 1699 845 servare.

167 884 254 954 ctat3
277 877 347 959 ipsa
365 897 491 961 quoque
515 880 600 961 juste
623 880 779 962 judicabit
796 899 866 956 nos,
888 887 920 942 et
1013 881 1049 943 ln
1064 882 1234 945 bisantem
1250 890 1369 945 rectam
1384 882 1500 945 babere
1515 880 1722 945 intentionem

165 976 398 1041 exhereditabit
417 996 436 1039 a
454 996 552 1059 regno
565 986 695 1056 eterno,
711 977 773 1039 nisi
792 978 920 1059 acquie-
973 980 1138 1059 debemus,
1160 989 1194 1042 ut
1214 999 1272 1043 nos
1293 980 1379 1061 ipsos
1399 988 1527 1061 propter
1550 978 1605 1041 Dei
1625 978 1724 1041 hono-

165 1072 312 1135 verimus
326 1074 369 1153 ei,
385 1074 617 1138 considerando
634 1075 712 1156 quid
732 1075 801 1156 ipsa
822 1076 919 1139 docn-
974 1096 1042 1140 rem
1056 1078 1233 1141 annihilare
1250 1078 1460 1140 intendamus.
1477 1078 1642 1156 Quumque
1664 1094 1723 1139 nos

164 1170 241 1248 erit,
254 1178 349 1251 atque
375 1173 551 1235 secundum
574 1172 645 1253 ejus
669 1172 847 1236 doctrinam
871 1174 918 1235 vi·
973 1176 1060 1257 ipsos
1091 1175 1195 1238 taliter
1224 1174 1516 1253 annihilarcrimus,
1548 1174 1721 1237 sentiemus

164 1269 285 1332 vendo.
315 1269 458 1353 Denique
489 1270 614 1333 bonitas
649 1269 703 1332 Dei
738 1271 777 1333 de
810 1281 918 1333 nostra
972 1272 1184 1337 humilitatem
1206 1274 1292 1337 omni
1315 1274 1408 1337 modo
1423 1280 1583 1336 carentem
1601 1296 1608 1334 :
1625 1290 1720 1352 quam

163 1365 359 1431 infidelitate
383 1368 601 1450 conqueritur,
619 1387 710 1431 suam
731 1377 917 1451 perpetuam
972 1391 1067 1435 nemo
1083 1372 1167 1435 valet
1182 1372 1325 1450 scrutari,
1342 1370 1576 1455 quoniamipsa
1597 1378 1645 1433 est
1666 1388 1722 1433 no

161 1465 261 1529 nobis
297 1464 484 1530 fidelitatem
519 1467 753 1542 demonstrans,
787 1467 819 1530 in
854 1488 917 1549 qua
972 1478 1037 1533 stro
1056 1470 1089 1531 in
1111 1469 1211 1533 lundo
1232 1470 1333 1551 quies,
1350 1488 1387 1533 ac
1403 1469 1489 1532 omni
1512 1469 1627 1532 virtute
1650 1487 1722 1550 pro-

161 1582 224 1627 nos
238 1564 432 1629 eternaliter
445 1564 568 1643 dilexit,
583 1572 616 1627 et
630 1565 663 1626 in
679 1566 737 1627 bac
754 1564 837 1627 valle
859 1565 917 1627 mi·
973 1566 1110 1631 lundior.
1128 1567 1207 1629 Dum
1224 1586 1298 1630 vcro
1315 1566 1527 1630 humilitatem
1543 1566 1635 1628 istam
1651 1585 1721 1628 sen-

160 1662 257 1726 serite
277 1662 453 1745 requisivit.
470 1662 542 1725 Haec
563 1661 618 1725 Dei
640 1661 766 1725 bonitas
787 1662 918 1725 commi·
972 1665 1118 1743 serimus,
1146 1665 1245 1727 Deum
1275 1666 1351 1727 satis
1377 1664 1512 1726 exaltare
1538 1662 1719 1743 nequimus,

160 1769 261 1822 natur
283 1779 319 1823 se
341 1760 375 1821 in
400 1768 589 1842 perpetuum
613 1759 707 1824 nobis
731 1759 820 1823 velut
843 1761 917 1823 alie
972 1782 1075 1845 neque
1105 1782 1163 1827 nos
1193 1764 1277 1846 ipsos
1312 1762 1510 1825 sufficienter
1543 1761 1721 1842 deprimere

159 1878 237 1921 nam
253 1858 475 1937 futuram,nisi
491 1859 634 1923 conversi
648 1858 916 1941 fuerimus,eique
934 1861 957 1923 B
973 1862 1149 1923 secundum
1174 1860 1366 1923 desiderium
1387 1867 1529 1923 nostrum
1549 1878 1586 1923 ac
1606 1866 1721 1921 nostras

160 1958 407 2034 concordemus,
430 1966 462 2019 et
483 1956 653 2020 virtutibus
673 1975 731 2020 nos
752 1976 913 2024 ornemus.
971 1957 1153 2022 dilectionis
1175 1958 1460 2040 elllagitationem;
1478 1959 1532 2019 sed
1549 1958 1581 2021 in
1598 1957 1720 2019 cunctis

159 2055 194 2117 si
223 2054 259 2117 in
285 2054 353 2117 istis
376 2055 439 2119 Deo
462 2056 650 2131 resistimus,
677 2076 714 2119 ac
739 2057 823 2119 dona
846 2057 917 2137 ejus
971 2055 1151 2135 deficimus,
1169 2075 1206 2119 ac
1222 2056 1253 2117 in
1269 2056 1338 2137 ipso
1361 2054 1488 2118 delectu
1509 2054 1648 2135 quietem
1672 2072 1721 2116 sa-

160 2154 413 2232 contemnimus,
435 2152 655 2215 vehementius
674 2154 915 2233 deterioramur,
972 2153 1134 2235 lutemque
1150 2153 1326 2235 reperimus
1343 2176 1350 2215 :
1367 2162 1399 2215 et
1414 2153 1487 2215 inde
1503 2170 1586 2215 novo
1605 2160 1637 2215 et
1657 2150 1721 2214 lili-

159 2248 449 2331 imparatiorcsque
464 2250 504 2313 ad
519 2250 574 2313 uei
590 2251 675 2313 dona
693 2250 852 2313 sortienda
871 2249 918 2310 el·
972 2252 1012 2314 ali
1031 2271 1070 2315 ac
1094 2251 1252 2315 amicabili
1279 2252 1390 2315 timore
1414 2250 1629 2330 accendimur,
1655 2269 1722 2314 orn-

161 2346 309 2411 licimur.
340 2348 497 2429 Amplius,
524 2348 551 2411 si
580 2368 620 2411 ex
648 2348 747 2411 nostri
776 2348 917 2431 ipsorum
973 2350 1060 2413 nium
1076 2368 1203 2431 quoque
1219 2350 1368 2413 virtutum
1384 2356 1415 2412 et
1429 2347 1615 2411 humilitatis
1630 2348 1722 2412 novis

161 2446 293 2531 privato
306 2446 432 2525 timore,
448 2465 512 2509 non
527 2455 633 2509 autern
648 2466 686 2509 ex
700 2446 811 2510 divino
832 2464 919 2509 arno-
973 2458 1005 2511 et
1025 2448 1208 2511 recentibus
1228 2447 1351 2511 actibus
1371 2448 1574 2526 adornamur,
1591 2454 1622 2508 et
1644 2464 1722 2528 qua-

162 2564 211 2624 re,
244 2562 344 2625 opera
373 2545 457 2607 bona
486 2545 667 2627 arripimus,
693 2564 783 2609 arnor
811 2551 919 2607 noster
973 2546 1144 2611 libethora
1166 2546 1199 2607 in
1221 2546 1312 2609 bonis
1334 2546 1483 2627 operibus
1505 2543 1723 2608 clarificemur

162 2643 297 2707 servilis
319 2650 378 2722 est,
405 2662 465 2705 uec
493 2642 657 2724 quidpiam
687 2661 916 2725 promeremur,
972 2653 1005 2707 et
1026 2662 1228 2709 renovamur.
1482 2650 1484 2655 '

161 2743 271 2805 donec
287 2758 383 2821 opera
397 2748 505 2804 nostra
523 2740 556 2801 in
576 2739 706 2803 caritate
720 2740 915 2803 ordinemus.
1012 2742 1047 2804 ln
1063 2741 1112 2803 his
1128 2760 1204 2804 vero
1219 2742 1413 2803 descendere
1430 2740 1462 2804 iu
1478 2750 1596 2805 eterna
1618 2739 1724 2801 bumi-

160 2839 290 2905 ldcirco
306 2855 364 2902 uos
378 2838 464 2920 ipsos
477 2838 635 2920 abnegare
651 2838 684 2900 in
699 2856 807 2902 amore
826 2857 918 2920 opor-
973 2840 1061 2903 litate
1077 2858 1134 2921 per
1147 2840 1266 2903 donum
1282 2838 1404 2903 timoris
1420 2840 1595 2915 debemus3
1612 2856 1723 2901 ascen-

161 2946 228 3016 tet,
245 2945 342 3019 atque
366 2956 440 2999 curn
463 2936 576 2999 humili
600 2937 779 2999 reverentia
801 2936 917 2999 dirime
972 2938 1048 3001 dere
1062 2957 1189 3019 quoque
1204 2937 1356 3001 debemus
1372 2938 1411 3000 ad
1428 2936 1526 2999 Deum
1542 2956 1615 2999 cum
1629 2936 1723 2999 laude

161 3035 381 3117 increpationi
400 3054 438 3098 ac
458 3034 637 3117 disciplinae
657 3053 767 3117 parere
785 3058 791 3096 :
809 3033 918 3116 sicque
937 3036 958 3099 C
974 3037 1108 3119 perenni
1128 3056 1186 3119 per
1204 3034 1400 3099 fortitudinis
1422 3036 1542 3098 donum
1560 3056 1567 3093 :
1585 3043 1617 3097 et
1641 3034 1724 3097 inter

162 3133 347 3216 accipimus
375 3134 495 3196 donum
523 3132 661 3195 amabile
689 3132 767 3199 casti
796 3131 919 3195 timoris
973 3154 1141 3198 ascensum
1161 3135 1199 3198 ad
1223 3133 1321 3197 Deum
1347 3134 1380 3195 in
1405 3133 1499 3197 laude
1523 3134 1724 3197 descensum·

161 3230 308 3311 Domini,
320 3232 374 3313 qui
388 3232 505 3315 jugiter
519 3230 746 3314 perseverabit,
760 3239 792 3293 et
806 3229 839 3291 in
854 3230 920 3292 vita
973 3253 1036 3316 que
1065 3234 1099 3295 in
1129 3232 1318 3311 humilitate,
1350 3231 1463 3295 caritas
1497 3240 1661 3295 exercetur
1689 3231 1724 3293 in

162 3330 320 3414 presenti
337 3330 507 3411 futuroque
522 3329 649 3394 saeculo.
974 3332 1076 3396 nobis.
1093 3332 1216 3395 Donum
1231 3331 1348 3412 quippe
1364 3330 1559 3393 fortitudinis
1572 3330 1628 3393 Dei
1650 3348 1725 3394 con-

202 3429 275 3492 lloc
300 3429 394 3492 modo
422 3428 538 3491 dirime
567 3426 728 3509 majestati
756 3426 920 3490 allicimur
974 3430 1068 3495 struit
1081 3430 1188 3512 ignem
1203 3429 1319 3493 amoris
1334 3428 1367 3491 in
1383 3429 1489 3507 corde,
1502 3435 1533 3489 ct
1547 3427 1639 3509 erigit
1653 3446 1722 3506 nos,

161 3534 285 3610 sponte
310 3526 507 3603 obedientes,
534 3524 650 3589 divine
679 3524 843 3607 sapientire
868 3544 921 3587 ac-
974 3536 1130 3611 quatenus
1145 3546 1256 3589 omnes
1271 3534 1431 3589 creaturas
1451 3526 1646 3604 deseramus,
1662 3524 1723 3587 sic-

160 3625 384 3708 quiescentcs,
400 3623 514 3686 divinae
534 3641 662 3705 quoque
684 3622 816 3686 bonitati
840 3620 920 3685 uniti
975 3644 1037 3707 que
1052 3625 1090 3688 ad
1107 3624 1161 3685 Dei
1177 3623 1378 3687 altitudinem
1393 3640 1467 3685 cum
1483 3612 1628 3685 laudibus
1649 3640 1725 3685 con-

161 3732 265 3804 atque
291 3722 465 3785 concordes
481 3743 490 3799 3
506 3740 544 3783 ac
567 3739 626 3803 per
648 3720 709 3784 hoc
733 3720 797 3783 Deo
821 3719 923 3782 reddi·
976 3724 1176 3787 scendamus.
1207 3721 1330 3783 Donum
1358 3739 1484 3803 quoque
1519 3720 1640 3782 timoris
1670 3719 1724 3782 Ilei

160 3838 242 3882 mur
256 3817 411 3896 timorati,
423 3827 456 3881 ct
469 3818 554 3882 douo
567 3818 669 3881 divini
685 3816 806 3881 timoris
820 3817 923 3899 reple-
976 3822 1123 3885 eumdem
1138 3819 1255 3883 amoris
1272 3818 1377 3901 ignem
1393 3819 1425 3881 iu
1440 3817 1557 3883 nostris
1571 3816 1726 3882 construit

161 3918 210 3996 ti;
228 3917 279 3979 sic
300 3916 428 3979 demum
447 3916 656 3981 animositatis
680 3915 845 3979 audaciam
870 3935 923 3978 ex·
976 3919 1146 3997 mentibus,
1164 3917 1293 3999 exigens
1310 3925 1344 3979 ut
1358 3936 1415 3981 nos
1436 3918 1522 3998 ipsos
1543 3936 1616 3980 cum
1637 3916 1725 3980 omui

162 4016 357 4097 stirpamus,
387 4014 663 4095 humilitatemque
697 4033 770 4077 cum
803 4032 922 4096 pavore
975 4026 1119 4083 creatura
1134 4035 1242 4081 coram
1257 4016 1321 4079 Deo
1336 4034 1408 4077 cum
1432 4014 1608 4079 reverentia
1629 4024 1723 4096 atque

162 4122 267 4195 atque
281 4111 460 4175 affectuosa
473 4113 513 4175 ad
528 4112 627 4174 Deum
643 4111 820 4176 reuerentia
840 4112 922 4175 obti-
975 4116 1128 4198 obsequio
1157 4114 1271 4179 humili
1307 4113 1508 4176 inclinemus.
1539 4113 1633 4177 Porro
1661 4115 1722 4178 boc

161 4230 297 4275 nemus.
323 4209 361 4272 nt
383 4209 416 4271 in
441 4210 502 4274 isto
527 4219 623 4274 totam
652 4210 751 4273 vitam
780 4217 920 4273 nostram
938 4213 1071 4278 Dmodo
1090 4214 1243 4293 Christus,
1264 4212 1321 4293 qui
1347 4210 1488 4275 omnium
1508 4221 1652 4277 nostrum
1672 4232 1724 4275 ex·

162 4309 308 4373 fundare
329 4308 482 4371 debemus
500 4332 507 4370 :
524 4308 674 4389 quoniam
694 4308 840 4371 timorata
864 4308 921 4370 bu·
976 4309 1100 4391 emplar
1121 4316 1178 4385 est,
1196 4309 1372 4371 secundum
1396 4309 1624 4372 humanitatem
1649 4328 1723 4372 con-

162 4407 291 4473 militas
319 4424 376 4469 seu
404 4405 568 4469 humilitas
596 4426 669 4469 cum
698 4406 823 4484 timore,
848 4407 923 4471 obe·
976 4417 1121 4471 versatus
1135 4416 1312 4488 esttqucm
1330 4407 1446 4470 imitari
1462 4426 1526 4470 non
1541 4426 1720 4489 possumne,

163 4506 298 4570 dientes
327 4512 360 4567 et
388 4504 545 4586 patientes
575 4523 633 4569 nos
662 4504 776 4585 eflicit,
802 4512 835 4567 et
863 4523 922 4568 nes
976 4506 1039 4569 nisi
1055 4506 1208 4589 Spiritum
1225 4506 1294 4589 ejus
1310 4506 1527 4587 septilormem
1547 4524 1620 4569 cum
1640 4507 1723 4569 dono

162 4604 259 4688 ipsos
275 4603 555 4686 parvipendentes
571 4603 681 4685 nilque
701 4605 741 4667 de
762 4603 853 4667 uobis
869 4623 923 4668 cu·
977 4604 1178 4687 septemplici
1200 4604 1422 4687 suscipiamus.

164 4712 292 4782 rantes,
309 4702 365 4765 sed
380 4702 526 4785 proprios
540 4702 684 4766 delectus
697 4702 817 4785 jugiter
836 4722 924 4767 reco-

163 4808 376 4885 gnoscentes,
391 4819 429 4864 ac
450 4800 538 4865 omni
557 4800 678 4865 bonore
702 4809 735 4864 et
757 4801 842 4865 bono
864 4820 923 4865 nos
1160 4804 1405 4871 ARTICULUS
1424 4802 1544 4869 XLVI.

164 4920 244 4963 esse
267 4898 416 4980 indignos
441 4907 598 4981 putantes.
619 4899 751 4963 Proinde
777 4900 923 4965 timorata

163 4996 350 5075 humilitas,
379 4996 435 5060 Dei
464 5005 559 5079 atque
586 4996 737 5060 Ecclesia
765 5006 924 5080 precepta

163 5096 346 5159 observare
367 5112 426 5157 uos
449 5094 545 5173 lacit3
562 5094 717 5176 docetque
736 5114 795 5158 nos
812 5096 924 5177 paulu·
1053 5094 1152 5158 ΑΒΕΤ
1175 5095 1306 5177 insuper
1325 5096 1419 5159 timor
1439 5094 1492 5157 bic
1512 5094 1628 5158 multos
1646 5112 1726 5176 prae-

163 5194 241 5257 lum
257 5192 358 5273 loqui,
374 5191 435 5254 nisi
454 5202 600 5256 occurrat
613 5192 776 5257 fructuosa
790 5195 921 5275 utilitas,
1069 5195 1171 5258 claros
1187 5193 1333 5257 ellectus.
1346 5193 1424 5256 Nam
1440 5201 1569 5275 peccata
1583 5194 1723 5275 expellit,

165 5309 290 5356 sensus
311 5298 438 5354 nostros
456 5290 657 5373 restringere,
678 5293 773 5356 corde
796 5312 834 5355 ac
857 5312 924 5357 mo
979 5295 1067 5377 juxta
1096 5292 1174 5355 illud
1197 5291 1410 5355 Ecclesiastici
1439 5315 1445 5355 :
1472 5290 1578 5354 Timor
1601 5292 1725 5355 Domini
1738 5304 1868 5359 sennar.

301 5422 336 5475 Τ.
353 5423 393 5475 et.
1570 5424 1600 5483 16

1119 4939 1166 4998 De
1180 4938 1345 5014 effectibus
1359 4938 1440 4996 doni
1455 4935 1589 4997 timoris.
