4309 6259
879 804 977 909 DE

192 1112 887 1271 SAGRAMENTO
942 1119 1674 1275 EUGHARISTIAE

564 1491 1039 1617 snnMoan
1105 1488 1301 1619 surr

353 2220 498 2285 suano
524 2218 700 2283 pmms.
915 2157 1239 2336 Aiiffliii‘
1258 2165 1704 2328 tttltlltlldtlt
1717 2290 1846 2342 eti

170 2376 215 2434 De
237 2377 441 2431 sacramento
461 2368 694 2435 nectar-istiu,
710 2375 740 2425 et
762 2366 890 2441 triplici
957 2356 1139 2417 conversari
1160 2355 1308 2437 dignatus
1333 2368 1380 2421 est
1398 2384 1404 2422 :
1421 2362 1476 2444 qui
1499 2362 1705 2444 pertransivit
1719 2357 1790 2461 ἰθέῃ
1809 2419 1843 2461 π.

286 2460 400 2536 gradu
418 2457 652 2517 honorantium
670 2457 768 2517 illud.
959 2452 1188 2517 benefaciendo
1203 2464 1234 2517 et
1249 2459 1389 2523 sanando
1410 2479 1521 2524 omnes
1536 2479 1705 2543 oppressos
1792 2449 1799 2469 ’

958 2551 1129 2633 adiabolo,
1146 2554 1229 2615 viam
1245 2555 1356 2618 salutis
1375 2559 1530 2640 exemplis
1551 2578 1588 2623 ao
1609 2560 1706 2621 doen-

216 2660 309 2721 Aeo
322 2676 393 2717 meo
408 2664 542 2716 vereest
556 2657 655 2715 mous.
672 2652 782 2716 Joann.
798 2651 901 2723 subd.
959 2649 1076 2713 mentis
1114 2651 1299 2732 plenissime
1339 2654 1596 2720 demonstrando.
1633 2656 1706 2719 Post

48 2772 148 2817 rut-uzu,
257 2755 412 2819 Dominus
427 2773 463 2816 ae
478 2752 631 2829 Salvator,
644 2752 676 2812 in
693 2750 786 2832 cujus
800 2752 905 2812 dexte-
959 2748 1038 2823 hec,
1075 2749 1283 2812 novissimam
1322 2770 1395 2814 cum
1434 2755 1499 2816 suis
1536 2752 1704 2835 discipulis
1719 2778 1866 2832 neretum,

159 2874 193 2917 ra
210 2855 307 2936 ignca
325 2854 375 2916 lex
396 2860 455 2932 est,
471 2850 598 2932 igneam
619 2851 722 2931 legem
743 2849 832 2912 dedit
849 2849 905 2911 lto
959 2864 1056 2925 agens
1086 2866 1220 2925 coenam,
1252 2867 1379 2912 omnem
1408 2852 1587 2916 dilectionis
1616 2842 1865 2948 exce-{f·²²}}²¹5⁶⁰'·

160 2953 333 3015 minibus:
360 2957 527 3033 propterea
555 2948 740 3029 evangeliea
768 2948 828 3026 lex,
855 2947 905 3009 lex
958 2944 1037 3006 dens
1070 2963 1264 3026 mensuram,
1295 2950 1536 3030 supermirabile
1568 2950 1705 3012 instituit
1740 2936 1746 2955 '
1820 2937 1826 2948 ’

160 3050 336 3133 appellatur
360 3049 488 3112 amoris.
514 3044 625 3109 Nonne
648 3046 757 3109 omnia
779 3044 904 3127 quein
959 3052 1203 3125 sacramentum,
1221 3044 1253 3107 in
1277 3064 1339 3126 quo
1359 3067 1392 3109 se
1412 3048 1517 3130 ipsum
1541 3048 1706 3131 proposuit

160 3148 343 3231 evangeliea
362 3146 432 3228 lego
456 3146 634 3225 traduntur,
651 3144 903 3207 sincerissimum
958 3166 996 3209 ac
1010 3144 1140 3207 donavit
1160 3144 1194 3205 in
1214 3144 1333 3224 eibum,
1350 3154 1381 3208 et
1402 3147 1589 3229 sanguinem
1612 3168 1705 3214 suurn

159 3256 188 3310 et
212 3246 486 3311 ferventissimum
510 3243 648 3325 flagrant
670 3244 832 3306 amoreml
847 3242 905 3303 Ex·
959 3244 992 3305 in
1008 3250 1130 3325 potum,
1147 3242 1299 3305 exhibens
1315 3244 1503 3307 sedatorem
1519 3253 1551 3309 et
1565 3246 1703 3326 donum3

160 3347 283 3409 ordinm
310 3344 429 3426 quippe
453 3340 647 3422 evangelicus
671 3339 762 3420 logis,
779 3348 825 3403 est
850 3359 904 3402 an·
920 3345 944 3407 B
959 3349 990 3403 et
1005 3340 1099 3421 paulo
1115 3346 1196 3421 post,
1214 3358 1247 3401 se
1263 3340 1368 3421 ipsum
1383 3342 1498 3405 obtulit
1516 3343 1597 3405 Patri
1618 3344 1705 3407 obla·
1719 3362 1857 3421 aptaret.

46 3456 83 3502 ιιι.
99 3476 111 3510 ι,
124 3467 147 3505 aa
159 3444 317 3507 nuntiatio
346 3442 401 3505 illa
428 3439 590 3504 dominica
616 3458 679 3519 qua
704 3447 832 3501 sanctus
856 3458 905 3499 ar·
959 3439 1078 3502 tionem
1099 3446 1131 3499 et
1153 3437 1290 3500 hostiam
1314 3438 1348 3499 in
1373 3440 1502 3501 odorem
1526 3441 1703 3522 suavitatis,

47 3526 100 3580 *η’
159 3542 333 3624 changelus
360 3538 486 3603 Gabriel
515 3536 737 3600 sacratissimae
762 3556 798 3599 ac
827 3553 905 3617 prae
958 3538 998 3599 ad
1022 3535 1251 3616 detergendum
1275 3554 1403 3598 omnem
1426 3537 1529 3600 labem
1555 3538 1705 3619 iniquita-

159 3639 358 3703 electissime
382 3635 506 3717 Virgini
530 3633 784 3697 incarnationem
808 3634 903 3697 Verbi
959 3636 1010 3715 tis,
1026 3652 1154 3699 omnem
1177 3633 1323 3697 loetorem
1344 3635 1637 3718 turpitudinemque
1659 3646 1705 3701 to

158 3738 263 3801 eterni
289 3756 328 3799 ex
346 3755 383 3798 ea
407 3752 480 3797 mox
504 3733 644 3795 laturam
668 3732 867 3795 denuntiavit
894 3756 900 3795 :
959 3736 1021 3798 tius
1056 3732 1324 3814 transgressionis.
1355 3735 1467 3813 Atque,
1498 3744 1533 3796 ut
1560 3736 1703 3798 omniurn

55 3852 104 3893 rua
116 3858 145 3897 u.
158 3836 236 3897 Ecce
251 3833 430 3914 (inquiens)
442 3830 604 3913 concipies
618 3838 650 3892 el
664 3830 769 3911 paries
784 3828 901 3891 silium.
958 3834 1071 3897 borum
1093 3831 1178 3913 jugis
1197 3851 1234 3894 ac
1254 3830 1393 3911 lerveuS,
1409 3840 1497 3912 grata
1515 3842 1546 3895 et
1569 3852 1704 3916 praecor-

157 3933 226 3996 ilrec
241 3932 305 3995 tuit
318 3929 517 3994 denuntiatio
531 3928 804 3991 excellentissime
823 3928 904 3991 cari·
957 3932 1051 3996 dialis
1073 3930 1107 3992 in
1132 3929 1223 3993 uobis
1248 3930 1300 4007 sit,
1317 3941 1509 4012 perseveret,
1525 3932 1704 3995 inardescat

157 4032 285 4110 tatis,ex
299 4048 363 4111 qua
376 4028 495 4109 prodiit
508 4046 545 4089 ac
561 4026 702 4089 manavit
715 4028 798 4108 quod
814 4028 904 4090 Pater
957 4030 1122 4109 memoria,
1139 4029 1305 4111 Apostolos
1324 4049 1397 4093 suos
1421 4030 1454 4091 in
1478 4032 1587 4094 eadem
1612 4050 1705 4095 eoena

156 4138 292 4191 aternus
323 4126 455 4189 unicum
487 4124 601 4187 Filium
635 4144 728 4187 suum
756 4125 844 4187 misit
871 4132 904 4187 et
958 4128 1096 4191 instituit
1117 4129 1308 4209 sacerdotes,
1325 4130 1526 4192 committens
1551 4129 1597 4192 eis
1622 4132 1703 4193 cele-

157 4226 242 4289 dedit
254 4223 578 4301 homiuibus,uniens
592 4222 622 4284 ei
636 4229 782 4284 naturam
796 4224 904 4285 buma-
957 4227 1135 4289 brationem
1156 4225 1235 4287 tanti
1256 4225 1409 4307 mysterii,
1432 4228 1702 4291 consecrationem

157 4344 240 4402 nam,
258 4324 401 4387 lormans
420 4330 452 4383 et
470 4328 582 4402 aptans
606 4320 636 4383 oi
661 4340 699 4382 ex
724 4320 902 4401 purissimis
958 4323 1101 4405 corporis
1128 4332 1159 4385 et
1188 4323 1352 4404 sanguinis
1380 4324 1440 4402 sui,
1467 4324 1577 4387 diceus
1604 4348 1611 4386 :
1638 4326 1702 4389 lloc
1722 4346 1775 4391 tm.
1797 4359 1848 4399 nn,

157 4422 365 4505 sanguinibus
382 4419 575 4482 felicissimae
589 4417 740 4500 Virginis,
756 4419 904 4481 humanm
957 4422 1053 4485 laoite
1074 4421 1107 4483 in
1130 4440 1233 4483 meam
1255 4422 1599 4485 commemorationem.
1718 4412 1751 4453 ¹⁹·

158 4520 261 4582 caruis
290 4516 511 4581 substantiam.
537 4516 610 4578 ldeo
634 4516 678 4578 ait
705 4516 868 4596 Scriptura
893 4517 943 4580 :C
997 4520 1106 4601 ltaque
1135 4538 1251 4600 sponsa
1274 4518 1379 4598 Verbi,
1400 4518 1552 4597 Ecclesia,
1570 4520 1703 4601 cupiens

46 4628 50 4648 ’
79 4646 106 4674 m.
119 4648 145 4683 u.
158 4617 208 4679 Sic
226 4618 310 4679 [teus
331 4615 443 4678 dilexit
464 4614 629 4692 mnndum,
647 4621 682 4675 ut
702 4613 903 4695 unigenitum
958 4636 1016 4699 pro
1045 4618 1168 4680 viribus
1197 4625 1369 4697 utcumque
1397 4617 1571 4697 rependere
1600 4618 1703 4681 vicem

54 4724 60 4735 ·
158 4714 271 4777 Filium
294 4732 388 4777 suum
409 4712 509 4776 daret.
959 4724 1046 4779 tanto
1060 4714 1268 4794 benefactori,
1286 4715 1398 4778 merito
1419 4733 1484 4777 non
1506 4716 1705 4796 solumque

84 4833 112 4861 α-
125 4834 147 4871 ιι,
196 4812 350 4894 lienique,
357 4819 488 4893 propter
498 4809 628 4873 nimiam
641 4811 804 4873 caritatem
816 4830 904 4873 suam
959 4814 1037 4875 tidie
1052 4812 1085 4874 in
1103 4832 1159 4875 suo
1174 4820 1296 4875 secreto
1311 4819 1342 4873 et
1357 4812 1389 4873 iu
1404 4813 1504 4875 llisste
1518 4811 1705 4893 ellici0,sed

100 4896 219 4992 '‘¹¹¹‘qua
242 4910 355 4973 dilexit
375 4927 446 4986 nos,
462 4909 545 4970 Deus
564 4909 654 4970 Pater
672 4908 786 4972 Filium
811 4930 903 4971 suurn
959 4920 991 4974 et
1015 4910 1245 4992 specialissime
1273 4910 1371 4972 semel
1401 4910 1433 4971 in
1462 4930 1557 4991 anno,
1583 4911 1615 4973 in
1644 4912 1705 4974 hoc

158 5008 245 5069 misit
259 5008 294 5069 in
310 5004 554 5068 similitudinem
576 5006 682 5067 carnis
697 5007 830 5088 peccati.
848 5008 905 5069 lle
960 5009 1041 5071 sesto
1061 5008 1233 5090 precipuo,
1250 5008 1328 5070 tanti
1356 5008 1543 5071 sacramenti
1568 5010 1634 5090 agit
1657 5027 1707 5071 so-

158 5106 231 5170 inde
246 5104 419 5169 Deiliilins
434 5102 627 5183 incarnatus,
643 5124 682 5167 ex
700 5104 810 5167 eadem
825 5105 907 5168 inef—
961 5107 1080 5187 lennia,
1110 5106 1286 5183 caritatem,
1317 5105 1549 5186 liberalitatem,
1586 5104 1707 5170 benefi-

206 5296 216 5335 ¹
233 5293 278 5347 Ex
293 5291 416 5346 editione
429 5289 589 5344 Coloniensi
603 5289 720 5344 loannis
733 5290 850 5353 Soteris,
865 5292 937 5343 1532.
