4309 6259
805 466 961 513 uxrosmo
983 464 1082 512 illm
1105 472 1112 510 :
1135 465 1289 523 HUBNTO,
1312 465 1436 512 saccus
1456 464 1576 511 AUCTOR

698 813 780 907 ab
828 814 1044 909 HORAS
1090 812 1375 908 cluullas
1421 812 1688 908 HYMNUS

528 1139 559 1199 l.
576 1136 754 1216 Memento,
775 1136 893 1199 salutis
911 1136 1038 1213 auctor,
1306 1135 1370 1197 Fer
1388 1151 1484 1215 opem
1503 1133 1601 1196 nobis
1619 1132 1775 1196 omnibus

507 1234 603 1308 Quod
621 1235 727 1297 nostri
746 1233 914 1315 quondam
932 1234 1092 1314 corporiS,
1307 1232 1359 1295 Ad
1377 1234 1409 1295 te
1428 1231 1707 1312 confugientibus.

504 1334 556 1396 Ex
573 1332 702 1397 illibata
720 1332 857 1413 Virgine

504 1432 688 1511 Nascendo,
705 1431 847 1495 formam
866 1430 1059 1511 sumpseris
1327 1431 1359 1493 4.
1380 1430 1445 1492 Per
1462 1429 1570 1508 tuum,
1587 1428 1702 1509 Virgo,
1718 1427 1855 1505 Filium,

1305 1528 1371 1591 Per
1387 1528 1532 1606 Patrem,
1548 1544 1607 1607 per
1626 1526 1844 1605 Paracletum,

525 1626 556 1690 2.
573 1626 687 1705 Maria,
710 1628 815 1690 mater
829 1626 955 1707 gratiae,
1305 1626 1406 1688 Adsis
1424 1642 1570 1706 presens
1588 1625 1630 1687 ad
1649 1623 1778 1687 obitum

483 1724 606 1788 -Mater
625 1725 872 1803 misericordie,
1304 1725 1530 1805 Nostrumque
1549 1724 1644 1786 muni
1659 1722 1800 1787 exitum.

502 1822 552 1885 'l'u
570 1839 632 1885 uos
650 1822 692 1885 ab
710 1822 805 1887 hoste
824 1824 958 1903 protege

502 1922 544 1984 Et
563 1921 644 1984 hora
663 1921 781 1984 mortis
799 1920 941 2001 suscipe.
1329 1921 1360 1981 5.
1377 1918 1491 1982 Gloria
1504 1918 1579 1998 tibi,
1595 1918 1750 1998 Domine,

1307 2017 1372 2090 Qui
1391 2019 1489 2080 natus
1508 2034 1544 2079 es
1562 2016 1604 2079 de
1622 2016 1772 2098 Virgine,

526 2116 557 2180 3.
579 2115 694 2193 Maria,
713 2115 818 2179 Mater
835 2114 984 2195 Domini,
1306 2115 1391 2178 Cum
1406 2115 1503 2177 Patre
1520 2116 1552 2177 et
1566 2114 1687 2179 Sancto
1701 2115 1840 2195 Spiritu,

507 2213 633 2276 AEterni
650 2213 760 2276 Patris
778 2212 868 2292 Filii,
1306 2213 1345 2275 In
1364 2213 1566 2294 sempiterna
1584 2214 1717 2276 saecula.
1734 2211 1853 2275 Amen.

923 2536 1234 2624 EXPOSITIO
1274 2539 1462 2625 HYMNI

455 2805 729 2869 commessurus
748 2804 780 2865 in
801 2822 839 2867 eo
858 2802 926 2865 Filii
945 2802 999 2866 Dei
1018 2803 1163 2866 incama-
1177 2802 1201 2863 Α
1217 2802 1327 2865 salutis
1342 2805 1445 2884 meaa),
1463 2828 1479 2863 u
1496 2815 1656 2869 memento
1672 2828 1701 2885 a,
1718 2808 1823 2888 idest,
1840 2811 1969 2873 exaudi-

415 2903 470 2981 tio,
497 2902 610 2965 erimia
634 2901 888 2964 clementissima
917 2900 1025 2963 matris
1054 2899 1162 2982 gratiae
1217 2902 1299 2964 eudo
1322 2920 1382 2965 uos
1405 2903 1542 2984 gratiose
1565 2906 1697 2968 ostende
1721 2915 1753 2969 te
1777 2926 1966 2989 memorem,

415 3009 446 3064 et
469 3000 692 3063 misericordior
715 3000 815 3063 blariae
839 2999 985 3081 dignitas,
1003 3000 1041 3061 ad
1066 3017 1161 3081 quam
1216 3003 1303 3079 quod
1317 3003 1424 3061 nostri
1437 3006 1600 3081 quondam
1616 3008 1822 3080 corpor-im
1837 3009 1970 3068 illibato

417 3107 577 3181 postremo
596 3097 739 3160 fidelium
759 3096 797 3160 fit
822 3096 1009 3180 supplicatio
1035 3104 1070 3159 ut
1094 3114 1160 3174 θοε,
1221 3099 1356 3175 Virgine
1371 3101 1689 3177 nascendaformam
1709 3105 1968 3179 sumpseris,hoc

416 3197 563 3280 precibus
583 3204 615 3257 et
634 3195 753 3257 meritis
776 3195 841 3257 suis
865 3194 1070 3277 dignissimis,
1087 3194 1162 3256 biuc
1216 3202 1274 3272 θεῖ,
1292 3196 1375 3275 quod
1397 3197 1638 3278 assumpseris«
1656 3201 1817 3280 quondam
1834 3223 1862 3282 a,
1879 3202 1968 3265 vide-

416 3294 614 3377 egredientes
630 3301 795 3374 protegere
810 3292 894 3355 etad
914 3293 1027 3372 gaudia
1050 3311 1162 3374 perpe
1217 3293 1292 3356 licet
1312 3293 1344 3355 iu
1369 3294 1446 3356 bora
1467 3294 1694 3360 incarnationis
1714 3306 1746 3361 et
1765 3299 1819 3361 ubi
1838 3301 1968 3363 advenit
1984 3324 2117 3367 samaa

417 3400 472 3455 tua
492 3392 649 3454 deducere
669 3390 826 3472 dignetur.
1217 3390 1381 3473 plenitudo
1406 3393 1569 3473 temporis,
1586 3394 1763 3476 imperante
1782 3396 1965 3478 Octaviano,

1217 3489 1301 3552 circa
1317 3489 1478 3552 exordium
1493 3490 1613 3554 ultimae
1627 3493 1727 3555 artatis
1742 3495 1889 3573 mundi,«
1902 3495 1968 3558 for-

333 3580 346 3636 i
495 3591 693 3659 EMENTO,
718 3590 836 3649 solutis
859 3596 985 3649 auctor.
1011 3586 1163 3649 Dominus
1217 3606 1301 3649 mam
1318 3587 1416 3650 nostri
1432 3589 1573 3669 corporis
1590 3611 1619 3667 a,
1630 3589 1661 3652 id
1678 3600 1726 3653 est
1740 3591 1966 3673 figurationem

509 3696 541 3750 et
560 3688 703 3751 Salvator
726 3687 901 3748 secuudum
921 3694 1088 3765 utramque
1109 3704 1163 3747 ua·
1217 3694 1249 3748 et
1264 3684 1456 3748 lineamenta
1475 3687 1616 3767 corporis
1635 3689 1785 3768 humaui3
1803 3691 1853 3753 vel
1869 3714 1887 3752 «
1903 3691 1968 3755 for-

416 3794 519 3849 turam
532 3785 711 3869 appellatur
726 3784 835 3845 muudi
851 3784 989 3846 salvator
1002 3790 1033 3845 et
1048 3790 1163 3846 uostrae
1217 3803 1301 3846 mam
1317 3806 1346 3862 a,
1359 3783 1391 3846 id
1406 3792 1455 3846 est
1469 3793 1614 3848 naturam
1630 3794 1661 3848 et
1677 3787 1880 3869 veritatem«
1897 3808 1967 3853 cor-

416 3884 525 3948 salutis
540 3891 650 3946 auctor
664 3882 862 3960 differenter,
874 3889 909 3942 ut
924 3880 1024 3962 patuit
1039 3881 1071 3942 in
1086 3882 1163 3943 duo-
1217 3881 1302 3962 poris
1324 3882 1422 3944 nostri
1446 3904 1475 3961 a,
1493 3892 1604 3964 utputa
1623 3903 1732 3947 veram
1752 3894 1848 3968 atque
1868 3888 1968 3969 passi-

265 4003 401 4057 pasaaos.
416 4002 486 4047 mm
521 3982 696 4064 primorum
732 3978 925 4060 expositione
959 3980 1160 4061 hymnorum.
1179 3979 1313 4043 Bbilem
1325 3999 1453 4042 caruem
1465 3981 1719 4063 humanam,uon
1731 3984 1967 4066 phantasticam

267 4065 324 4109 ²⁷⁸·
415 4080 537 4163 Nempe
553 4087 588 4141 ut
601 4078 696 4155 Deus,
714 4076 758 4139 sic
774 4075 842 4157 ipse
857 4084 888 4138 et
902 4076 992 4139 Pater
1010 4096 1045 4139 ac
1067 4077 1163 4158 Spiri-
1217 4097 1276 4140 uec
1301 4079 1341 4141 de
1365 4079 1445 4141 coelo
1470 4079 1609 4160 allatam,
1635 4083 1690 4144 sed
1716 4091 1832 4147 nostrae
1860 4084 1966 4148 consi-

416 4188 467 4241 tus
483 4179 616 4241 Souctrm
632 4182 706 4238 suut
720 4194 802 4236 unus
823 4183 942 4255 auctor,
958 4175 1059 4255 dator,
1075 4175 1163 4256 obje-
1217 4175 1337 4256 milem,
1368 4185 1520 4257 quantum
1549 4180 1588 4241 ad
1614 4180 1759 4243 esseutiae
1787 4182 1964 4263 veritatem,

416 4285 514 4357 ctum,
531 4294 626 4338 causa
641 4281 673 4336 et
688 4273 760 4336 fons
774 4280 889 4335 uostrae
904 4272 1034 4352 salutis3
1051 4292 1162 4337 verum
1217 4292 1281 4337 nou
1309 4282 1463 4354 quantum
1492 4276 1530 4337 ad
1560 4275 1679 4339 fomitis
1709 4279 1942 4361 corruptionem
1957 4303 1965 4360 3

417 4376 592 4439 secuudum
609 4380 752 4435 naturam
769 4380 974 4454 assumptam,
992 4373 1073 4436 sicut
1094 4374 1162 4455 ipse
1217 4370 1268 4433 vel
1284 4394 1301 4430 u
1318 4370 1453 4433 formam
1468 4372 1566 4435 nostri
1582 4373 1723 4455 corporis
1739 4397 1767 4454 a,
1784 4375 1880 4439 idest
1897 4378 1967 4440 aui-

416 4475 503 4539 solus
523 4475 625 4537 factus
645 4480 693 4534 est
717 4471 823 4551 bomo,
843 4470 888 4533 sic
912 4470 980 4554 ipse
1005 4471 1092 4535 solus
1116 4480 1164 4534 est
1218 4488 1303 4531 mam
1333 4469 1527 4550 rationalem,
1558 4490 1629 4552 quaa
1661 4472 1791 4535 humani
1822 4475 1966 4557 corporis

416 4582 527 4638 auctor
551 4582 581 4636 et
607 4578 770 4653 reparator
794 4569 1019 4651 ministerialis,
1038 4571 1164 4634 meritc
1218 4567 1432 4630 substantialis
1456 4576 1504 4630 est
1523 4569 1626 4631 forma
1646 4571 1691 4650 (iu
1711 4572 1824 4634 eodem
1848 4574 1967 4655 quippe

415 4673 492 4751 rius,
509 4668 770 4748 instrumentalis,
792 4668 978 4731 mediativus
1003 4688 1040 4731 ac
1063 4669 1165 4750 impe-
1219 4665 1347 4728 instanti
1362 4666 1560 4747 assumpsisti
1571 4686 1686 4751 corpus
1702 4677 1734 4731 et
1747 4669 1897 4750 animam,
1905 4672 1968 4735 boc

266 4794 399 4845 trimas.
416 4772 547 4834 trativus
575 4776 690 4832 uostrae
716 4766 908 4846 salvationis,
933 4768 1087 4830 mediator
1109 4767 1163 4829 Dei
1219 4771 1268 4827 est
1296 4783 1424 4827 caruem
1453 4764 1659 4845 animatam);
1691 4790 1708 4826 u
1739 4769 1899 4832 nascendo
1927 4790 1968 4832 cr

415 4877 447 4934 et
471 4868 647 4946 bominum,
672 4866 726 4949 qui
751 4864 902 4927 satisfecit
928 4884 985 4948 pro
1013 4866 1105 4929 nobis
1133 4874 1165 4927 et
1219 4862 1347 4945 Virgine
1362 4863 1482 4926 illibata
1499 4886 1526 4926 n.

266 4981 365 5025 fromn.
377 4996 400 5034 ιι.
415 4969 585 5032 advocatus
608 4970 716 5027 noster
731 4970 780 5024 est
795 4963 877 5042 apud
893 4962 1026 5025 Patrem,
1042 4963 1163 5042 ltaque,
1259 4962 1379 5043 Duplex
1394 4961 1522 5044 ponitur
1534 4963 1801 5027 nativitasPrima
1816 4965 1849 5027 iu
1865 4975 1968 5048 utero,

266 5045 286 5089 ¹·
416 5086 435 5131 o
455 5065 587 5141 Christe,
605 5085 622 5123 u
643 5067 754 5124 auctor
775 5082 792 5118 »
812 5059 959 5122 bumauae
978 5082 995 5120 u
1016 5060 1126 5122 salutis
1148 5082 1164 5119 n
1220 5062 1296 5122 dum
1312 5060 1433 5123 scilicet
1447 5080 1521 5124 caro
1535 5062 1713 5143 organizata
1728 5071 1759 5125 et
1773 5064 1848 5125 satis
1862 5066 1970 5148 dispo

417 5174 551 5247 utroque
576 5160 670 5224 modo
696 5162 804 5240 (quem
830 5176 956 5220 oramus
985 5158 1129 5221 diceutes
1156 5182 1162 5220 :
1185 5159 1281 5224 Csita
1309 5158 1441 5242 suscipit
1469 5158 1604 5223 formam
1635 5161 1874 5225 substantialem
1902 5188 1908 5225 :
1936 5174 1969 5228 et

292 5278 401 5332 rama
418 5265 529 5331 libera
557 5279 610 5325 me
638 5260 678 5322 de
711 5255 928 5339 sanguinibus,
958 5258 1052 5337 Deus,
1083 5258 1167 5322 Deus
1221 5265 1298 5322 tunc
1311 5257 1408 5323 bomo
1427 5277 1501 5322 vere
1520 5266 1700 5342 generatur,
1716 5259 1747 5324 id
1767 5268 1827 5342 esi,
1843 5262 1884 5327 de
1903 5281 1969 5327 nou
