4309 6259
888 502 979 599 DE

284 796 596 950 BONIS
658 794 1133 949 SPIRITUS
1193 786 1587 949 SANCTI'

488 1378 980 1507 TRAGTATUS
1050 1380 1375 1505 PRIMUS

644 1654 701 1705 DE
736 1652 877 1705 DONlS
911 1654 955 1704 lN
989 1651 1221 1705 constitut.

921 1882 945 1941 Α
984 1880 1045 1943 uod
1068 1900 1083 1941 s
1107 1880 1244 1943 irituale.
1261 1884 1308 1943 Au
1353 1882 1456 1945 stinus
1477 1882 1487 1944 i
1512 1882 1576 1946 itur
1596 1894 1627 1947 et
1648 1886 1711 1948 du-

304 1940 551 2005 ARTIGULUS
575 1938 752 2005 PRIMUS·
961 1898 1145 2058 getmusfae
1161 1979 1274 2061 reliqui
1290 1900 1390 2042 afficti
1405 1902 1566 2062 metgias,
1579 2000 1710 2047 eoncor-

235 2093 282 2151 ορ
308 2108 444 2149 numero
468 2096 498 2147 ec
522 2088 639 2147 ordine
663 2088 822 2147 donorum
960 2076 1042 2139 diter
1064 2086 1210 2139 asserunt
1234 2076 1267 2139 iu
1292 2078 1442 2159 predicta
1470 2080 1709 2145 enumeratione

380 2178 530 2252 Spiritus
550 2176 677 2237 Sancti.
959 2174 1116 2238 donorum
1131 2176 1334 2239 observatum
1355 2196 1426 2241 esse
1447 2178 1590 2241 ordinem
1606 2182 1710 2261 perle-

960 2272 1085 2353 ctionis,
1106 2273 1328 2337 descendendo
1352 2294 1370 2337 a
1395 2294 1520 2340 summo
1543 2277 1583 2339 ad
1607 2277 1709 2341 imum

215 2374 341 2437 ΕΡΤΕΜ
359 2390 429 2435 esse
451 2372 534 2435 dona
554 2370 688 2452 Spiritus
703 2370 821 2449 Sancti,
837 2387 904 2432 orn-
960 2388 1016 2451 per
1039 2370 1145 2433 media
1170 2372 1353 2435 coordinata
1376 2397 1382 2434 :
1411 2372 1453 2436 ita
1477 2375 1562 2455 quod
1587 2375 1707 2439 donum

229 2472 320 2535 nium
348 2478 449 2533 exstat
476 2468 643 2533 sententia,
669 2468 742 2543 Qua
772 2466 903 2529 illustris
959 2468 1120 2551 sapientiae
1149 2469 1192 2532 sit
1224 2470 1368 2534 omniurn
1396 2472 1552 2535 donorum
1587 2474 1708 2555 dignis-

39 2593 61 2637 1„
73 2609 96 2645 ῃ,
106 2600 144 2639 Η,
158 2570 209 2633 ille
223 2570 379 2654 propbeta
393 2568 488 2631 isaias
502 2586 692 2631 enumerans
703 2566 903 2647 :Egredietur
958 2566 1086 2647 simum,
1103 2568 1222 2630 donum
1244 2588 1320 2632 vero
1335 2570 1457 2633 timoris
1472 2571 1514 2633 sit
1534 2571 1704 2651 iulimum;

157 2669 283 2751 (inquit)
307 2666 395 2748 virga
419 2666 458 2729 de
481 2665 586 2729 radice
607 2664 704 2743 Jesse,
728 2672 760 2727 et
779 2664 841 2727 llos
863 2665 902 2727 de
957 2672 987 2727 et
1003 2684 1072 2746 quae
1087 2666 1171 2729 dono
1192 2667 1355 2749 sapientiae
1376 2668 1514 2731 vicinius
1533 2688 1707 2734 connume-

158 2768 258 2830 radice
280 2766 353 2847 ejus
374 2765 544 2841 ascondet;
560 2772 591 2827 et
613 2762 787 2844 requiescet
808 2782 902 2845 snper
957 2771 1077 2844 rantur,
1094 2763 1283 2845 perfectiora
1296 2766 1463 2829 exsistunt.
1480 2766 1634 2841 Quoniam
1651 2788 1706 2831 au-

157 2886 227 2929 euru
242 2864 380 2947 Spiritus
393 2862 530 2941 Domini,
547 2861 675 2944 spiritus
692 2860 854 2942 sapientise
871 2868 903 2923 et
960 2868 1023 2923 lem
1048 2862 1147 2925 nostri
1173 2862 1360 2926 incrementi
1386 2883 1552 2947 processus
1580 2875 1644 2929 tam
1671 2867 1703 2929 in

157 2964 347 3041 intellectus,
364 2961 493 3044 spiritus
509 2958 632 3025 consilii
648 2968 678 3022 et
695 2958 899 3039 tortitudinis,
957 2960 1175 3041 spiritualibus
1189 2980 1285 3043 quam
1301 2961 1333 3023 iu
1354 2963 1571 3045 corporalibus
1591 2965 1631 3028 ab
1645 2964 1705 3028 im-

156 3063 283 3144 spiritus
310 3060 450 3123 scientiae
479 3068 510 3121 et
538 3057 685 3141 pietatis;
711 3064 742 3120 et
767 3056 901 3139 replebit
916 3056 938 3119 B
956 3058 1098 3140 perlecto
1121 3059 1285 3123 exordium
1309 3061 1418 3138 sumit,
1441 3070 1533 3145 atque
1559 3083 1616 3145 per
1638 3084 1704 3128 rue

155 3179 224 3222 eum
240 3158 374 3242 spiritus
389 3155 512 3221 timoris
526 3153 662 3219 Domini.
955 3156 1009 3219 dia
1037 3157 1184 3220 ordinata
1217 3158 1255 3220 ad
1287 3158 1517 3241 perlectionem
1547 3162 1702 3244 paulatim

191 3260 223 3320 ln
246 3259 309 3321 boc
331 3264 437 3319 autern
460 3272 605 3317 sermone
628 3253 812 3337 prophetico
836 3272 899 3317 nou
956 3254 1108 3335 pertingit
1122 3254 1222 3336 (quia,
1235 3255 1385 3337 Dionysio
1399 3266 1578 3336 attestante,
1590 3268 1702 3323 natura
1725 3278 1848 3335 caesus

154 3356 254 3420 solum
269 3354 449 3419 ostenditur
463 3371 627 3432 numerus,
644 3351 698 3414 sed
713 3352 808 3413 etiarn
823 3352 900 3415 ordo
955 3370 1019 3415 non
1041 3353 1192 3415 transita
1212 3353 1343 3415 distanti
1367 3354 1400 3416 in
1420 3355 1541 3419 distans
1561 3358 1623 3420 nisi
1645 3377 1702 3439 per
1714 3341 1848 3453 {3242ss

153 3455 320 3517 donorum.
344 3453 404 3515 Sed
426 3450 654 3514 advertendum
679 3450 763 3530 quod
784 3450 901 3533 duplex
954 3450 1101 3531 media);
1132 3460 1299 3534 propterea
1328 3452 1432 3529 uobis,
1463 3454 1489 3516 si
1515 3456 1553 3517 ad
1581 3456 1701 3520 donum
1755 3440 1760 3455 ¹
1800 3440 1805 3458 '

152 3560 197 3613 est
221 3552 312 3627 ordo,
339 3549 489 3612 videlicet
517 3546 722 3629 perfectionis
751 3555 783 3610 et
806 3566 900 3629 gene-
955 3549 1119 3630 sapientiae
1137 3550 1304 3631 pervenire
1323 3551 1507 3631 satagimus,
1524 3572 1542 3614 a
1560 3552 1644 3616 dono
1664 3554 1703 3615 ti-

152 3650 290 3714 rationis.
319 3649 500 3711 Secundum
525 3646 669 3711 ordinem
695 3645 901 3728 perfectionis
955 3647 1052 3711 moris
1067 3655 1115 3709 est
1131 3647 1566 3725 inchoandum,ascendendo
1581 3670 1599 3713 a
1614 3650 1703 3715 tirno

151 3747 203 3811 illa
231 3754 421 3830 reputantur
447 3744 552 3828 priora
580 3764 650 3827 quae
677 3743 901 3807 excellentiora
956 3764 988 3807 re
1003 3746 1041 3807 ad
1057 3745 1219 3828 pietatem,
1242 3745 1391 3827 apiatate
1406 3747 1445 3808 ad
1461 3746 1523 3809 alia
1537 3749 1701 3829 quaedono

152 3852 378 3923 censentur,ut
391 3843 511 3926 prelati
528 3862 563 3905 ac
579 3841 812 3925 principes.Sic
824 3860 900 3923 quo
955 3843 1119 3925 sapientire
1135 3853 1208 3906 sunt
1222 3844 1459 3926 propinquiora.
1477 3845 1700 3910 Verumtamen

151 3963 209 4026 que
229 3946 315 4008 Deus
336 3941 521 4007 benedictus
543 3948 574 4003 et
596 3940 837 4023 supercoelestes
852 3959 900 4001 es-
955 3942 993 4004 de
1022 3942 1119 4023 hujus
1144 3960 1311 4023 processus
1339 3943 1492 4021 nranerie,
1513 3945 1552 4007 de
1574 3963 1702 4029 compa-

150 4043 269 4123 seutiae,
284 4040 436 4125 primain
451 4038 576 4103 entibus
592 4038 898 4122 appellantur.Uude
955 4040 1076 4103 ratione
1100 4042 1257 4103 donorum
1280 4040 1319 4103 ad
1342 4040 1480 4103 invicem
1508 4042 1541 4103 in
1565 4043 1703 4126 dignita-

34 4160 136 4217 mmn,
149 4140 292 4205 Salvator
307 4139 423 4203 Judaeis
438 4136 686 4216 sciscitantibus,
700 4136 745 4199 l'u
760 4136 832 4217 quis
847 4138 899 4199 esi
955 4147 997 4216 te,
1016 4138 1048 4200 in
1070 4138 1275 4221 sequentibus
1293 4138 1476 4220 diligentior
1494 4141 1554 4204 erit
1573 4141 1700 4225 indago.

34 4226 52 4265 ⁵·
150 4240 314 4323 respondit
332 4262 338 4299 :
355 4236 562 4320 Principium,
583 4234 637 4316 qui
660 4242 692 4297 et
713 4234 825 4316 loquor
847 4238 940 4301 vol]

34 4356 92 4411 sm,
105 4364 134 4406 u.
149 4339 207 4403 bis.
219 4340 259 4402 Et
274 4339 310 4401 iu
324 4336 405 4400 isaia
418 4336 457 4398 de
472 4335 535 4397 Deo
551 4334 595 4397 sic
612 4332 746 4414 legimns
761 4332 900 4395 :Primus
1169 4357 1415 4422 ARTICULUS
1439 4359 1484 4421 Π,

149 4438 192 4518 (ἰά
208 4446 257 4501 est
270 4438 370 4515 Deus)
384 4436 423 4497 ad
439 4434 514 4498 Sion
530 4432 624 4495 dicet.
642 4432 702 4494 Sed
723 4432 899 4493 secundum

146 4537 292 4600 ordinem
318 4530 531 4615 generationis
556 4549 594 4592 ca
618 4537 772 4593 vocantur
795 4528 900 4610 priora

147 4653 216 4715 quae
242 4632 434 4715 ignobiliora
459 4629 648 4709 consistunt,
672 4628 728 4690 illa
751 4628 901 4691 videlicet
1024 4629 1146 4693 UABUS
1160 4629 1288 4691 dernum
1304 4629 1467 4711 potentiis,
1484 4650 1556 4695 curn
1572 4632 1703 4698 immor·
1731 4633 1735 4639 ⁴

146 4752 215 4815 quae
241 4733 282 4795 ad
310 4728 538 4813 perlectionem
563 4727 827 4810 praesignatur:
853 4727 898 4789 sic
1037 4726 1153 4790 talibus
1168 4735 1262 4808 atque
1283 4727 1402 4789 divinis
1424 4728 1620 4810 substantiis,
1636 4732 1701 4795 imo

146 4832 283 4914 pueritia
309 4828 433 4891 virilem
458 4834 581 4890 arsum
606 4826 765 4909 praecedit,
791 4826 899 4889 elvia
954 4846 1027 4889 curu
1051 4826 1115 4889 Deo
1137 4826 1302 4906 altissimo,
1326 4828 1584 4891 communionem
1606 4830 1702 4894 habe·

147 4929 319 5013 purgativa
332 4926 589 4989 illuminativam.
606 4924 643 4986 Et
658 4924 697 4986 de
711 4925 772 4987 boc
788 4925 897 4988 ordine
953 4946 1024 4988 mus
1042 4948 1048 4987 :
1065 4944 1135 5008 quae
1151 4932 1223 4986 sunt
1245 4924 1426 4987 intellectus
1447 4934 1478 4989 et
1493 4928 1649 4992 voluutas.
1665 4930 1700 4992 ln

34 5044 86 5095 tce.
100 5064 132 5103 u,
147 5029 189 5091 ait
213 5026 387 5111 Apostolus
414 5025 454 5087 ad
479 5022 655 5087 Corinthios
684 5045 690 5083 :
716 5022 784 5085 Non
810 5023 898 5106 prius
953 5024 1066 5087 ceteris
1088 5041 1163 5087 vero
1185 5022 1299 5087 animae
1322 5023 1454 5103 viribus,
1476 5045 1548 5088 cum
1572 5025 1701 5091 interio-

34 5112 46 5153 ς·
146 5128 230 5210 quod
246 5124 424 5209 spirituale,
441 5124 495 5186 sed
515 5122 598 5205 quod
618 5121 766 5203 animale,
783 5122 897 5187 deinde
952 5124 1039 5186 ribus
1061 5142 1098 5185 ac
1120 5121 1326 5185 sensibilibus
1348 5124 1621 5188 communicamus
1644 5146 1699 5190 ua-

1034 4480 1082 4540 De
1104 4479 1234 4554 triplici
1248 4498 1369 4555 ponere
1390 4481 1622 4545 studiosorum.

192 5312 200 5349 ¹
218 5306 263 5357 Ex
281 5303 403 5355 editione
418 5301 578 5355 Coloniensi
592 5301 708 5353 loannis
723 5302 839 5363 Soteris,
856 5302 928 5353 15³2.
