4309 6259
446 479 504 543 {48
588 495 629 543 nn
650 494 798 542 muamus
813 474 1025 541 ‘sauorrssmn
1046 493 1084 538 nr
1104 490 1270 537 nvmvrnua
1291 490 1473 549 minuaris,
1495 491 1553 538 ran
1573 491 1681 539 nonan
1700 490 1851 539 anamma

546 666 616 729 Tibi
631 685 745 748 queam
760 673 795 727 ut
809 664 929 728 intente
1205 662 1230 723 Α
1246 659 1361 736 licptus
1375 669 1433 724 ast.
1450 661 1611 725 Fortitudo
1625 681 1696 725 mea
1710 669 1743 724 et
1755 662 1825 724 laus
1843 682 1915 725 mea
1934 663 1992 727 Do-

545 764 711 827 Adhaerere
726 764 790 825 lixa
804 772 920 826 manta.
1247 759 1364 837 minus,
1381 758 1529 822 attactus
1544 759 1684 821 astmihi
1701 760 1734 821 in
1753 761 1900 823 salutem.
1917 760 1990 835 Quis
2014 780 2102 831 raaia

565 862 623 926 Uni
638 862 785 943 trinoque
799 862 934 925 Domino
1247 857 1361 919 similis
1376 858 1420 920 tui
1437 858 1470 919 in
1485 856 1633 935 fortibus,
1649 858 1800 921 Dominel
1815 858 1890 933 Quis
1905 859 1992 921 simi·
2004 848 2032 885 ¹¹·

546 961 593 1023 Sit
608 960 799 1043 sempiterna
813 959 915 1041 gloria
932 982 938 1020 :
1247 954 1286 1017 lis
1305 955 1362 1033 tui,
1379 954 1572 1037 magnificus
1593 954 1626 1016 in
1646 955 1824 1033 sanctitate,
1841 957 1991 1019 terribilis

544 1060 602 1134 Qui
618 1059 716 1122 vitam
731 1058 799 1122 sina
814 1057 950 1121 termino
1247 1061 1340 1135 atque
1355 1053 1535 1132 laudabilis,
1547 1061 1578 1115 et
1592 1051 1715 1116 iaciens
1729 1054 1905 1117 mirabilial
1918 1056 1991 1117 Date
2009 1076 2103 1120 nana

545 1157 642 1223 Nobis
656 1159 753 1221 donat
767 1157 800 1219 in
815 1156 926 1239 patria.
944 1158 1056 1217 Amen.
1247 1149 1519 1232 magnificentiam
1540 1151 1604 1213 Deo
1623 1160 1731 1215 nostro
1748 1175 1755 1213 ε
1772 1152 1826 1214 Dei
1852 1152 1992 1235 perfecta
2004 1142 2020 1187 ²·
2031 1142 2047 1181 ‘¹

721 1257 921 1331 Capitulum.
1248 1258 1322 1311 suut
1344 1267 1452 1331 opera,
1478 1258 1509 1311 et
1535 1268 1646 1312 omnes
1674 1248 1734 1311 viae
1761 1249 1832 1330 ejus
1858 1250 1990 1330 judicia.

300 1366 433 1416 hom-nat·
486 1354 653 1418 Oaltitudo
667 1353 852 1417 divitiarum
867 1350 1029 1434 sapientiae
1044 1358 1075 1412 et
1090 1348 1193 1410 scien·
1247 1346 1329 1409 Deus
1347 1345 1454 1410 fidelis
1473 1356 1505 1409 et
1523 1347 1642 1428 absque
1661 1346 1727 1409 ulla
1745 1346 1927 1428 iniquitate,
1944 1348 1994 1429 ju·

301 1433 335 1473 ³⁶·
448 1454 498 1516 tie
526 1454 600 1516 [leit
628 1452 726 1527 Quam
755 1448 1091 1532 incomprehensibilia
1119 1454 1193 1508 sunt
1248 1454 1314 1507 stus
1333 1453 1364 1507 et
1383 1453 1497 1507 reatus.
1514 1444 1667 1507 Dominus
1687 1445 1833 1527 regnabit
1851 1445 1885 1507 in
1905 1456 1993 1509 aetar·
2011 1460 2104 1506 aaa

445 1548 566 1633 judicia
590 1550 672 1631 ejus,
693 1558 726 1612 et
749 1548 988 1630 investigabiles
1013 1546 1073 1608 viee
1098 1544 1189 1625 ejus!
1248 1562 1324 1605 num
1346 1550 1377 1604 at
1397 1543 1489 1605 ultra.
2006 1528 2034 1566 ¹⁸·

444 1648 519 1724 Quis
540 1646 625 1711 enim
646 1646 796 1728 cognovit
820 1665 949 1708 sensum
969 1643 1116 1707 bominit
1132 1644 1194 1704 hut
1287 1652 1319 1703 v.
1336 1641 1480 1719 Domine,
1495 1640 1620 1721 exaudi,
1637 1651 1694 1703 etc.

445 1746 517 1827 quis
536 1744 736 1808 consiliarius
752 1744 822 1825 ejus
837 1742 919 1805 luitl
935 1744 997 1804 Aut
1014 1741 1087 1823 quis
1107 1740 1193 1821 prior
1286 1759 1319 1813 a.
1335 1739 1374 1801 Et
1387 1739 1507 1802 clamor
1521 1758 1622 1818 meus,
1637 1749 1696 1799 ate.

444 1844 532 1906 dedit
555 1844 614 1923 illi,
638 1851 669 1906 at
692 1842 886 1905 retribuetur
910 1841 961 1903 aii
977 1839 1132 1914 Quoniam
1154 1858 1192 1900 ex
1210 1846 1233 1906 Β
1549 1836 1692 1900 Oramus.

444 1943 524 2025 ipso,
541 1948 573 2005 et
586 1961 643 2024 per
657 1941 774 2023 ipsum,
790 1948 823 2002 et
837 1940 870 2001 in
890 1940 960 2023 ipso
980 1946 1053 2000 sunt
1071 1937 1189 2000 omnia.
1287 1935 1423 1997 Trinitas
1438 1936 1657 2018 supervivens,
1674 1936 1767 2017 cujus
1787 1934 1993 1999 beatitudinis

483 2061 516 2116 a.
534 2041 598 2104 Deo
614 2040 740 2122 gratias.
1246 2033 1347 2115 gloria
1366 2033 1399 2093 iu
1421 2052 1455 2095 se
1474 2032 1543 2114 ipsa
1562 2033 1751 2116 simpliciter
1770 2034 1900 2096 infinita
1924 2042 1992 2113 est3

296 2158 428 2212 acervam,
483 2158 517 2213 a.
538 2136 765 2199 benedicentes
790 2135 970 2212 Dominum,
997 2133 1131 2196 exaltata
1156 2133 1194 2195 il·
1247 2131 1318 2194 lons
1332 2131 1416 2209 vitae,
1433 2150 1503 2211 quaa
1518 2149 1645 2193 omnem
1659 2131 1837 2211 angelicam
1852 2141 1993 2195 mentem

297 2225 377 2274 ³³⁸³*
445 2237 511 2298 lum
526 2244 679 2316 quantum
695 2233 886 2315 potestis;et
901 2233 1071 2295 exaltantes
1087 2231 1189 2308 illum,
1246 2228 1440 2310 intelligibili
1460 2228 1580 2290 lumine
1601 2228 1727 2310 impleS,
1748 2238 1780 2292 et
1798 2247 1928 2293 omnem
1948 2249 1995 2293 ra·

445 2333 612 2416 replemini
641 2330 767 2394 virtute.
794 2333 814 2412 †
838 2330 882 2393 Na
910 2330 1058 2393 laboretis
1090 2353 1097 2391 :
1127 2348 1191 2392 non
1247 2346 1317 2389 rum
1331 2327 1475 2389 ordinem
1490 2327 1623 2409 pulchre
1643 2326 1825 2409 distinguis,
1842 2346 1939 2391 ornas
1958 2349 1994 2391 ac

445 2432 533 2494 anim
554 2429 756 2513 pervenietis.
1246 2424 1342 2505 ragis,
1362 2425 1420 2487 tibi
1444 2444 1502 2507 per
1525 2434 1555 2487 te
1579 2424 1667 2487 etin
1691 2433 1721 2488 te
1745 2426 1876 2490 omnino
1901 2426 1995 2490 sulli-

295 2551 430 2600 matus.
485 2541 517 2592 v.
534 2528 688 2603 Quoniam
703 2546 837 2609 magnus
851 2526 1004 2591 Dominus
1024 2533 1143 2605 noster,
1160 2533 1192 2588 et
1247 2522 1442 2604 ciens3quae
1461 2542 1495 2584 es
1518 2522 1661 2585 omnium
1682 2542 1787 2586 rerum
1807 2524 1944 2586 creatrix
1965 2534 1996 2586 et

444 2646 560 2709 magna
579 2626 680 2688 virtus
700 2625 782 2707 ejus,
799 2632 831 2687 et
850 2624 1014 2707 sapientiae
1034 2624 1105 2705 ejus
1127 2642 1191 2686 non
1247 2620 1343 2698 finis3
1373 2639 1468 2701 quam
1495 2620 1624 2698 intueri,
1653 2620 1876 2685 universomm
1902 2621 1996 2684 intel·

444 2733 493 2788 ast
507 2743 670 2787 numerus.
686 2723 731 2786 Ne
747 2722 907 2787 laboretis.
1247 2718 1387 2780 leetuum
1424 2726 1643 2781 consummata
1678 2728 1779 2781 exstat
1810 2718 1951 2782 felicitas
1984 2744 1992 2781 :

483 2834 516 2886 v.
532 2822 638 2885 Gloria
652 2822 744 2884 Patri.
762 2820 830 2884 Non
846 2820 941 2883 enim.
1247 2816 1386 2879 animam
1415 2823 1554 2879 nostram
1585 2817 1680 2880 reduc
1707 2825 1739 2879 at
1767 2818 1873 2880 stabili
1897 2828 1994 2900 atque

482 2932 514 2983 v.
531 2920 621 2983 Sicut
635 2938 891 3000 unamquamque
906 2919 1075 2981 Personam
1092 2918 1191 2980 mum
1247 2932 1401 2977 conserva
1424 2913 1458 2976 in
1479 2922 1519 2991 te,
1541 2933 1668 2978 omnam
1692 2934 1711 2976 a
1734 2922 1765 2977 te
1790 2916 1995 2997 elongantem

443 3037 479 3081 ac
499 3018 669 3081 Dominum
695 3017 843 3080 confiteri
865 3016 1038 3079 christiana
1059 3015 1191 3078 veritate
1210 3012 1488 3093 Coccupationem
1511 3033 1530 3075 a
1558 3013 1650 3077 nobis
1679 3032 1805 3096 semper
1832 3024 1992 3078 avertens.

443 3113 686 3197 compellimur:
1247 3109 1303 3173 Cui
1327 3110 1439 3189 honor,
1456 3111 1629 3189 beatitudo,
1645 3111 1710 3174 vita
1732 3120 1764 3173 et
1783 3132 1919 3194 regnum
1939 3133 1997 3197 per

483 3231 515 3288 a.
533 3212 578 3275 lta
592 3221 655 3274 tres
670 3213 750 3276 Deos
770 3220 823 3273 ant
841 3212 991 3276 Dominus
1013 3211 1119 3273 dicere
1141 3230 1192 3273 ca·
1247 3209 1362 3272 saeeula
1376 3209 1514 3272 infinita.
1531 3211 1641 3272 Amen.

444 3311 561 3374 tholica
582 3310 737 3392 religione
759 3310 975 3393 prohibemur.
1286 3319 1318 3370 v.
1336 3308 1478 3389 Domine,
1494 3308 1620 3387 eraudi,
1636 3318 1695 3370 etc.

730 3413 820 3471 Laus
833 3410 904 3470 Dei.
1285 3426 1318 3481 a.
1335 3406 1373 3468 Et
1387 3407 1507 3469 clamor
1520 3426 1621 3488 mauS,
1638 3417 1697 3468 etc.

303 3531 334 3575 ιι.
344 3533 429 3583 arata.
483 3506 548 3589 Ego
563 3525 633 3569 sum
649 3506 742 3585 Deus,
754 3514 786 3568 at
800 3524 863 3568 nou
879 3513 926 3567 est
941 3513 1028 3569 extra
1042 3525 1094 3569 me
1108 3508 1190 3570 alius
1286 3516 1317 3568 v.
1334 3505 1562 3567 Benedicamus
1575 3505 1720 3569 Domino.

295 3630 429 3680 ccxxxvii,
443 3606 537 3683 Deus,
553 3624 613 3667 nac
628 3612 675 3667 est
690 3603 804 3666 similis
819 3604 893 3665 mei.
907 3603 963 3665 Ubi
979 3624 1048 3667 eras
1063 3607 1191 3686 quando
1285 3622 1317 3676 n.
1334 3604 1397 3666 Deo
1411 3602 1538 3685 gratias

296 3695 357 3738 ⁴⁴¹·
445 3702 650 3766 fundamenta
674 3710 763 3765 terrae
788 3702 968 3783 ponebaml
984 3703 1059 3777 Quis
1084 3704 1191 3785 posuit
1286 3713 1317 3764 v.
1334 3701 1456 3764 Anima
1470 3700 1614 3765 omnium
1629 3700 1787 3780 fidelium,
1803 3713 1862 3763 etc.

443 3820 608 3864 mensuras
631 3800 723 3881 ejust
749 3800 806 3861 Vel
833 3800 905 3881 quis
933 3801 1067 3863 tetendit
1096 3821 1192 3884 super

442 3919 513 3963 eam
537 3898 676 3962 lineaml
693 3898 794 3979 Super
813 3916 875 3980 quo
895 3898 985 3961 bases
1006 3898 1092 3961 illius
1117 3900 1191 3963 soli-

442 3998 522 4059 datae
538 3999 627 4059 suntl
639 3998 700 4058 Aut
714 3996 785 4076 quis
800 3996 928 4058 demisit
942 3996 1081 4078 lapidem
1096 4018 1192 4080 angu-
1285 3995 1374 4057 Adsit
1388 3994 1490 4072 nobis,
1508 4005 1566 4055 etc.

444 4094 543 4156 lavem
558 4093 641 4174 ejus,
658 4112 754 4174 quum
770 4112 821 4155 me
836 4093 1001 4156 laudarent
1020 4104 1104 4157 astra
1125 4116 1191 4159 ma·
1285 4104 1317 4155 r.
1333 4094 1470 4171 Illustra,
1486 4093 1629 4170 Domine,
1645 4092 1763 4156 faciam
1785 4101 1872 4157 tuam
1895 4115 1998 4179 super
2009 4115 2127 4186 rame

442 4190 556 4269 tutiua,
573 4199 605 4253 et
617 4190 791 4271 jubilarent
806 4209 916 4253 omnes
936 4190 999 4253 lilii
1020 4192 1075 4255 Dei
1088 4196 1100 4253 t
1115 4193 1190 4268 Quis
1205 4198 1230 4258 D
1245 4210 1372 4253 servum
1393 4198 1494 4252 tuum.

442 4288 600 4352 conclusit
623 4288 712 4352 ostiis
737 4307 834 4367 mare,
856 4290 981 4370 quaudo
1004 4292 1190 4373 erumpebat
1283 4310 1316 4364 a.
1333 4289 1462 4351 Salvum
1486 4288 1660 4351 malacin
1680 4290 1901 4353 misericordia
1927 4300 1996 4355 tua.

442 4386 533 4468 quasi
548 4386 588 4449 de
603 4388 698 4450 vulva
717 4388 904 4468 procedens,
920 4407 1018 4470 quum
1037 4408 1189 4471 ponerem
1284 4398 1317 4449 v.
1333 4387 1427 4466 Deus,
1443 4386 1477 4448 in
1492 4386 1696 4467 adjutorium,
1713 4397 1770 4449 etc.

443 4484 560 4547 nubem
575 4484 799 4548 vestimentum
814 4485 896 4565 ejus,
913 4493 943 4547 at
958 4486 1095 4567 ealigine
1110 4487 1190 4550 illud
1285 4504 1317 4558 a.
1334 4484 1478 4563 Domine,
1495 4484 1534 4545 ad
1549 4483 1777 4564 adjuvandum,
1794 4496 1850 4549 etc.

442 4584 532 4666 quasi
563 4582 678 4666 parmis
707 4581 849 4645 infantiae
877 4581 1102 4646 obvolverent
1126 4583 1191 4646 Cir·
1285 4594 1317 4647 v.
1334 4582 1438 4645 Gloria
1453 4581 1545 4643 Patri.
1563 4581 1708 4645 Alleluia.

444 4681 590 4745 cumdadi
620 4680 699 4743 illud
733 4679 878 4743 terminis
912 4680 1003 4758 meis,
1034 4681 1190 4763 posuique
1540 4683 1702 4757 Hymnus.

1454 3847 1517 3918 An
1544 3846 1778 3919 visamus.

444 4887 475 4943 et
494 4897 558 4942 non
578 4878 730 4960 pmcedas
750 4876 899 4958 amplius,
915 4876 1030 4958 hicque
1050 4877 1191 4941 confriu·
1334 4877 1480 4939 Coaevum
1495 4874 1634 4937 fundans
1649 4876 1785 4953 radium,

308 5002 369 5047 aa,
387 5007 427 5055 aa,
443 4996 498 5059 gas
512 4974 631 5038 fluctus
651 4983 721 5037 tuos
743 4981 911 5036 tumentes.
928 4972 1087 5056 Numquid
1106 4978 1190 5040 nosti
1333 4975 1466 5053 Bonum,
1482 4992 1597 5055 purum
1612 4982 1643 5036 et
1657 4992 1830 5055 amoenum,

294 5078 374 5117 ‘¹¹¹⁸'
394 5070 426 5109 ¹⁸·
443 5073 587 5137 ordinem
610 5072 765 5135 coelorum
785 5090 865 5152 quos
885 5071 1025 5149 condidi,
1041 5072 1096 5153 qui
1117 5074 1191 5136 soli·
1333 5073 1512 5135 Producens
1526 5089 1657 5152 germen
1671 5072 1848 5153 optimum3

443 5172 567 5235 dissimi
583 5177 668 5247 sunt,
685 5170 776 5251 quasi
797 5188 858 5232 aare
880 5168 965 5232 lusit
981 5168 1070 5234 Nunc
1094 5172 1191 5253 igitur
1352 5171 1438 5235 biens
1453 5178 1593 5251 paterna,
1611 5170 1839 5252 sempiternum

294 5290 348 5341 aa.
377 5259 382 5271 ’
422 5258 606 5334 'cantamus
626 5266 760 5331 Domino
778 5291 784 5329 :
802 5266 938 5350 gloriose
959 5268 1045 5332 enim
1067 5271 1190 5352 magni·
1335 5268 1473 5332 Verbum
1488 5269 1521 5331 iu
1536 5278 1566 5333 te
1581 5288 1707 5351 semper
1720 5270 1867 5353 gignens,

2126 4191 2127 4226 l

446 4788 567 4844 vectem
583 4788 614 4842 at
627 4778 720 4857 ostia,
732 4787 763 4841 at
776 4778 841 4839 dixi
859 4802 866 4840 :
884 4779 1052 4859 Hucusque
1068 4781 1188 4859 venies,
1354 4779 1474 4840 Lumen
1489 4795 1612 4855 verum,
1629 4776 1750 4857 vivum,
1766 4779 1912 4861 plenum,

305 5224 419 5271 Eeadxv
