4309 6259
547 496 705 545 rxrosmo
726 496 824 543 uram
849 503 856 541 :
878 495 992 555 nmen,
1016 496 1104 555 naus,
1126 496 1228 545 rmex
1248 497 1341 546 vroor
1665 482 1723 546 ttt

96 671 111 725 2
211 668 354 745 largire
367 670 495 729 etcrrtm
511 686 650 745 vespere,
663 668 695 731 id
710 675 768 749 est,
784 668 920 751 gratiose
934 670 959 731 Α
974 668 1123 731 videlicet
1137 691 1154 729 e
1169 668 1272 751 gloria
1285 666 1446 751 perennis,
1459 666 1556 731 instet
1570 690 1599 748 a,
1616 667 1648 731 id
1662 677 1721 749 est,

173 764 262 827 nobis
291 766 432 828 concede
464 766 615 829 virtutem
643 766 850 849 perveniendi
880 768 919 830 ad
974 766 1066 831 nobis
1093 768 1255 831 incumbat
1282 786 1319 830 ae
1348 767 1554 831 condonetur.
1582 766 1723 831 Christus

173 881 338 943 vesperam
360 870 392 925 et
412 862 512 926 finem
531 864 629 945 hujus
648 864 711 927 diei
732 864 800 927 sine
821 865 920 927 sordi·
974 865 1093 947 quippe
1108 885 1147 928 ex
1161 884 1286 929 summa
1299 866 1441 944 caritate
1453 865 1645 945 obedientia,
1658 866 1725 948 pie-

173 959 231 1023 bus
256 960 417 1041 vitiorum,
434 970 469 1024 ut
488 984 505 1021 e
532 963 653 1025 clarum
679 985 695 1021 n
715 982 752 1025 ac
777 962 918 1025 lucidum
975 970 1049 1043 tate,
1067 964 1216 1045 patiendo
1230 972 1262 1027 et
1276 965 1442 1027 moriendo
1456 981 1514 1045 pro
1535 964 1639 1044 nobis,
1657 963 1724 1046 glo-

173 1079 189 1117 «
210 1077 341 1140 vespera
362 1082 379 1117 »
403 1060 583 1137 sortiamur,
600 1068 664 1125 toto
689 1060 753 1123 diei
779 1070 920 1143 tempore
974 1061 1053 1123 riam
1069 1061 1162 1124 nobis
1177 1061 1351 1143 promeruit
1364 1061 1557 1141 eetemalem,
1573 1072 1609 1125 ut
1622 1062 1725 1144 patuit
1738 1080 1868 1133 paone...

173 1156 205 1217 in
217 1156 366 1238 operibus
378 1157 458 1220 lucis
472 1166 503 1220 et
516 1157 706 1239 gratiae,non
719 1158 919 1221 tenebramm
974 1159 1039 1239 jam
1065 1158 1258 1240 frequentor.
1279 1161 1318 1222 Et
1341 1160 1450 1223 Petrus
1476 1159 1520 1223 ait
1547 1184 1554 1221 ι
1581 1160 1723 1224 Christus
1738 1143 1861 1253 'fssgffin

173 1274 209 1317 ao
234 1255 424 1333 daemonum,
441 1254 603 1319 fructuose
628 1257 775 1337 deducto,
791 1275 920 1339 prteser-
976 1258 1073 1320 semel
1090 1278 1147 1340 pro
1162 1259 1300 1341 peccatis
1316 1258 1434 1322 nostris
1449 1268 1592 1322 mortuus
1612 1268 1671 1339 est,
1690 1268 1725 1322 ut
1740 1272 1816 1320 teti.
1863 1240 1870 1261 '

174 1354 229 1415 tim
255 1352 331 1433 quia
353 1362 425 1435 post
449 1355 629 1436 prandium,
651 1362 761 1417 ventre
787 1353 917 1436 repleto,
975 1373 1033 1417 nos
1048 1354 1180 1419 offerret
1193 1357 1269 1435 Deo,
1285 1355 1494 1419 mortificatos
1507 1356 1637 1438 quidem
1657 1376 1724 1419 car-

174 1451 275 1513 solent
300 1452 446 1515 homines
470 1451 510 1514 ad
534 1472 615 1515 vana
640 1460 672 1514 et
697 1452 823 1514 inutilia
850 1472 920 1515 csso
975 1472 1027 1524 ne,
1055 1453 1236 1517 vivificatos
1260 1463 1365 1518 autem
1395 1455 1520 1537 spiritu,
1544 1455 1724 1538 deglutiens

173 1549 392 1631 procliviores,
428 1549 626 1631 aliquantula
662 1550 729 1632 jam
768 1551 920 1614 servitute
976 1560 1110 1614 mortem
1125 1561 1161 1614 ut
1176 1552 1247 1615 vitae
1261 1562 1386 1616 eternas
1406 1552 1614 1616 efficeremur
1634 1554 1726 1617 bere-

172 1656 246 1710 ante
271 1648 440 1730 prandium
464 1648 527 1711 fleo
551 1649 701 1727 exhibita,
727 1649 817 1730 quasi
843 1668 921 1711 uno-
976 1651 1042 1713 des,
1069 1650 1156 1713 Unde
1181 1660 1212 1713 et
1236 1651 1371 1733 ipsemet
1396 1651 1499 1713 fassus
1523 1660 1572 1715 est
1595 1676 1602 1714 :
1625 1654 1724 1716 titius
1744 1670 1869 1720 raanan.

173 1765 299 1827 quoque
321 1746 432 1809 talium
454 1747 533 1810 illud
554 1747 794 1811 Proverbiomm
816 1749 921 1811 dieen-
976 1748 1115 1811 hominis
1129 1768 1194 1813 non
1210 1750 1296 1812 venit
1310 1758 1345 1812 ut
1358 1749 1480 1831 judicet
1493 1751 1724 1831 mundum,sed
1742 1736 1774 1776 ¹⁷·

127 1876 159 1913 vl,
174 1854 203 1908 te
234 1869 242 1907 ε
274 1845 426 1908 Victimas
454 1864 511 1927 pro
540 1846 640 1909 salute
669 1846 796 1927 devovi,
826 1842 957 1911 hodieB
977 1855 1011 1909 ut
1026 1848 1167 1910 salvetur
1180 1848 1319 1910 mundus
1334 1866 1390 1930 per
1405 1848 1520 1930 ipsum.

172 1944 297 2007 reddidi
313 1952 386 2007 vote
400 1964 490 2023 mea3
507 1944 625 2008 idcirco
640 1964 786 2027 egressus
801 1965 871 2007 sum
887 1952 922 2007 ut

172 2044 316 2106 viderem
339 2051 380 2106 te.
1015 2044 1123 2125 ltaque
1138 2052 1169 2106 et
1183 2045 1268 2107 hunc
1283 2045 1438 2126 hymnum
1453 2045 1500 2108 sie
1519 2046 1725 2110 decantemus

211 2146 281 2211 Quo
300 2161 443 2225 vespere,
460 2142 510 2205 vel
530 2143 635 2225 potius
654 2164 671 2202 u
691 2161 755 2224 quo
776 2166 804 2221 a,
821 2142 853 2205 id
873 2151 919 2205 est
976 2150 1011 2203 ut
1024 2141 1062 2203 ad
1085 2141 1206 2203 clarum
1223 2160 1355 2223 vespere
1377 2142 1519 2223 quotidie
1544 2151 1576 2205 et
1596 2144 1724 2207 undam

170 2261 227 2323 per
247 2260 343 2323 quam
369 2248 454 2303 tuem
484 2241 683 2323 largitionem
713 2250 776 2303 tam
805 2242 921 2323 gratio-
976 2240 1014 2302 ad
1030 2256 1216 2321 prosperum
1232 2238 1330 2301 finem
1347 2238 1420 2303 vitae
1434 2241 1725 2322 perducamur,sic-

170 2360 251 2419 sam,
269 2342 335 2399 uite
352 2360 513 2419 nusquam
530 2342 672 2409 decidat,
688 2340 748 2402 hoc
770 2346 828 2415 est,
846 2358 921 2403 eon·
976 2357 1037 2419 que
1053 2356 1127 2399 vere
1146 2336 1317 2420 participes
1335 2338 1436 2401 simus
1455 2338 1559 2402 meriti
1585 2359 1621 2403 ac
1646 2359 1724 2422 preo-

169 2438 309 2501 versatio
326 2445 435 2501 nostra
459 2437 587 2501 interim
607 2456 808 2519 nequaquam
828 2438 920 2500 eadat
977 2436 1031 2499 mii
1054 2436 1108 2499 Dei
1129 2445 1161 2499 et
1180 2436 1362 2517 Salvatoris,
1378 2445 1411 2500 et
1428 2438 1619 2520 impleamus
1638 2440 1723 2521 quod

169 2538 319 2600 deorsum
339 2536 379 2599 ab
398 2535 565 2599 altitudine
583 2537 692 2617 gratiae
711 2556 747 2599 ac
767 2536 919 2599 virtutum
975 2535 1119 2598 hortatur
1139 2535 1311 2617 Apostolus
1334 2559 1342 2597 :
1369 2536 1426 2599 Per
1445 2537 1631 2618 patientiam
1653 2556 1724 2601 cur·
1750 2555 1819 2599 neor.
1832 2568 1869 2607 ιιι,

169 2635 202 2697 in
219 2636 285 2697 ima
300 2634 478 2716 culparum,
495 2653 553 2697 nec
568 2634 690 2697 defluat
709 2635 778 2698 sine
799 2635 916 2698 fructu.
976 2652 1082 2695 ramus
1096 2633 1135 2696 ad
1150 2634 1347 2715 propositum
1367 2635 1460 2698 nobis
1481 2643 1653 2716 certamen,
1670 2638 1723 2699 ad·
1738 2622 1783 2661 Μ·

169 2733 300 2816 Propter
322 2734 408 2814 quod
434 2734 471 2795 ed
497 2733 642 2797 Hebraeos
666 2734 820 2815 expressit
838 2736 920 2817 Apo-
975 2732 1145 2814 spicientes
1170 2731 1203 2793 in
1228 2741 1389 2796 auctorem
1414 2732 1490 2797 fidei
1517 2742 1549 2795 et
1575 2753 1724 2797 consum·

37 2850 96 2893 ree.
106 2864 125 2901 ιι,
137 2854 154 2901 ι,
169 2833 271 2895 stolus
285 2854 292 2892 :
306 2832 526 2895 Abundantius
539 2840 663 2914 oportet
677 2851 735 2895 nos
750 2832 919 2895 observare
975 2838 1128 2893 matorem
1143 2830 1324 2912 lesum,qui
1340 2832 1501 2914 proposito
1516 2831 1577 2894 sibi
1593 2833 1721 2914 gaudio,

37 2916 54 2955 ³·
168 2950 205 2993 ea
220 2950 293 3012 quae
308 2930 499 3009 audivimus,
516 2950 557 2993 ue
571 2930 653 2993 forte
668 2929 917 3012 pereffluamus,
976 2930 1127 2991 sustinuit
1155 2948 1295 3009 crucem,
1325 2929 1513 2993 confusione
1541 2939 1724 3014 contempta

167 3030 330 3110 quomodo
351 3029 437 3091 enim
452 3027 657 3110 effugiemus,
675 3030 701 3091 si
725 3038 843 3092 mutam
865 3050 920 3093 no-
937 3034 959 3098 C
974 3028 1020 3107 (id
1050 3036 1099 3091 est
1126 3047 1184 3111 pro
1213 3027 1314 3091 nihilo
1343 3031 1521 3110 reputata);
1551 3030 1722 3112 recogitate

167 3128 362 3210 glexerimus
381 3128 537 3190 saluteml
553 3130 619 3190 Sed
633 3130 811 3205 preamium
835 3150 920 3189 mor-
975 3147 1047 3189 eum
1067 3128 1123 3208 qui
1144 3126 1239 3189 talem
1260 3126 1411 3189 sustinuit
1431 3127 1584 3189 adversus
1609 3138 1723 3191 semet-

167 3230 210 3287 tis
231 3248 336 3289 saeroe
352 3230 508 3303 perennis
527 3229 625 3288 instet
641 3229 763 3305 pluria,
779 3226 839 3291 boc
859 3235 917 3305 est,
975 3225 1080 3307 ipsum
1096 3225 1391 3305 contradictionem,
1407 3234 1441 3287 ut
1460 3244 1524 3289 non
1544 3224 1723 3308 fatigemini

166 3326 333 3389 beatitudo
357 3334 474 3389 aetema
496 3325 671 3405 immineat,
688 3326 919 3409 appropinquet
974 3324 1091 3386 animis
1106 3324 1230 3387 vestris.
1248 3324 1327 3386 Hine
1343 3342 1401 3386 nos
1415 3342 1541 3405 quoque
1563 3324 1723 3387 indefesse

167 3424 365 3506 praefixoque
381 3432 522 3505 tempore
537 3423 918 3507 nobispreastetureprae·
974 3422 1190 3485 adhereamus
1214 3421 1358 3503 justitiae,
1384 3430 1416 3483 et
1440 3440 1498 3503 pro
1522 3441 1559 3483 ea
1588 3422 1724 3486 libenter

166 3524 271 3585 mium
283 3546 316 3601 a,
333 3523 364 3585 id
380 3531 429 3585 est
442 3540 499 3604 pro
514 3524 672 3599 mercede,
689 3544 705 3581 e
722 3540 818 3585 sacrae
837 3541 919 3585 mor·
974 3520 1131 3601 patiamur
1155 3522 1299 3599 adversa,
1316 3518 1504 3583 confusione
1528 3528 1721 3602 contempta,

165 3624 208 3684 tis
240 3645 271 3701 n,
302 3621 334 3684 id
361 3628 411 3683 est
437 3620 570 3683 virtuosi
600 3620 767 3701 felicisque
799 3620 916 3699 obitus,
974 3618 1005 3681 id
1037 3626 1095 3697 est,
1125 3637 1253 3681 omnem
1282 3617 1516 3696 confusionem,
1545 3618 1722 3700 despectio-

166 3740 266 3801 quem
282 3720 392 3801 utique
407 3718 607 3797 babebimus,
624 3720 650 3781 si
664 3719 755 3800 juxta
776 3728 917 3783 tenorem
974 3736 1058 3796 nem,
1071 3716 1337 3798 vituperationem
1352 3735 1447 3797 quam
1462 3715 1503 3779 ob
1517 3716 1578 3778 hoe
1592 3736 1722 3800 perpes-

89 3884 92 3887 .
165 3817 519 3899 orationispraemissae,
537 3817 569 3879 in
591 3817 684 3880 bonis
703 3817 827 3881 actibus
849 3837 919 3899 per·
974 3816 1000 3877 si
1037 3814 1204 3895 fuerimus,
1234 3813 1323 3897 parvi
1352 3815 1538 3895 pendentes,
1569 3815 1634 3878 imo
1662 3835 1721 3898 pro

166 3935 364 3995 sereremus
381 3922 474 3997 atque
494 3916 527 3977 in
548 3916 742 3999 praetactise
768 3924 797 3978 te
823 3915 919 3978 fueri·
973 3914 1075 3977 nihilo
1097 3922 1278 3995 reputantes
1300 3913 1488 3992 :quianon
1513 3921 1588 3974 sunt
1612 3914 1722 3977 condi·
1747 3947 1866 4004 Rom,

166 4034 239 4077 mus
254 4014 394 4077 exauditi
413 4036 420 4075 :
437 4033 563 4095 nempe,
580 4023 615 4077 ut
635 4014 678 4076 ait
692 4014 846 4093 Salvator,
862 4015 917 4095 qui
973 4032 1043 4094 gnae
1062 4012 1228 4094 passiones
1247 4010 1344 4097 hujus
1368 4011 1520 4092 temporis
1544 4012 1584 4073 ad
1609 4031 1722 4093 peren·
1735 4014 1767 4055 ¹⁸·

44 4122 49 4133 '
165 4113 421 4197 perseveraverit
436 4134 535 4195 usque
551 4114 583 4176 in
599 4089 710 4191 libem,
726 4113 834 4176 salvus
844 4115 915 4175 erit.
973 4130 1045 4174 nem
1066 4110 1199 4193 gloriam
1224 4128 1320 4191 quam
1345 4108 1499 4171 Dominus
1521 4118 1554 4171 et
1577 4109 1721 4175 Salvator

166 4213 237 4292 l'el,
265 4235 282 4272 e
309 4211 475 4293 premium
500 4212 610 4275 mortis
636 4231 732 4275 sacrae
757 4235 784 4288 a,
812 4212 844 4275 id
869 4213 1030 4275 estDsua
1065 4208 1279 4272 sacratissima
1315 4215 1416 4271 morte
1452 4208 1627 4290 promeruit
1661 4228 1719 4273 no·

164 4311 260 4374 beata
292 4328 414 4373 merces
442 4330 478 4373 ae
507 4310 671 4373 retributio
699 4310 857 4392 passionis
885 4318 917 4373 et
973 4308 1022 4371 bis
1039 4332 1046 4369 ι
1063 4327 1159 4391 quam
1185 4326 1428 4391 consequemur,
1451 4308 1477 4369 si
1504 4315 1609 4371 tamen
1634 4324 1793 4371 eom-reu.
1808 4330 1841 4375 rr.

30 4428 150 4486 spansa.
166 4409 280 4473 mortis
306 4408 431 4491 Christi,
447 4409 501 4490 qui
525 4409 653 4472 tradidit
677 4428 710 4471 se
734 4426 792 4491 pro
813 4408 917 4491 nobis,
973 4408 1121 4491 patimur.

473 4718 555 4815 All
606 4714 1106 4816 COMPLETORIUM
1155 4714 1418 4815 HYMNUS

282 4999 315 5061 t.
331 4997 471 5077 Christe,
488 4998 546 5078 qui
561 4998 619 5061 lux
633 5014 668 5060 es
683 4998 715 5061 et
728 4996 811 5077 dies,
1084 4996 1115 5059 2.
1132 4996 1321 5077 Precamur,
1337 4998 1448 5060 sancte
1462 4994 1615 5077 Domine,

258 5096 375 5159 Noctis
389 5095 539 5159 tenebras
552 5095 691 5175 detegis,
1061 5094 1209 5157 Defende
1223 5112 1285 5157 nos
1300 5095 1334 5157 in
1349 5094 1410 5157 hae
1424 5096 1541 5175 nocte3

258 5195 425 5274 Lucioque
440 5193 551 5257 lumen
567 5192 721 5272 crederis
1061 5193 1111 5256 Sit
1126 5192 1222 5255 nohis
1235 5193 1270 5255 in
1287 5195 1319 5256 te
1334 5193 1476 5273 requies,

258 5293 388 5357 Lumen
407 5292 540 5357 beatum
560 5291 754 5375 predicans.
1060 5290 1216 5365 Quietem
1234 5292 1366 5355 noctem
1384 5290 1503 5355 tribue.
