4309 6259
31 962 213 1039 Jpaanaxr,

39 1356 83 1412 Cf.
98 1356 214 1409 LXXV,

32 1434 56 1477 p.
67 1423 98 1461 st
116 1419 213 1465 Dete.

33 2148 117 2192 Prot.
126 2164 151 2199 v,
160 2150 208 2192 ΞΕ.

111 2420 135 2475 b

643 486 801 534 carosum
821 487 921 533 urruu
946 488 952 531 :
975 487 1057 544 anso,
1080 488 1239 533 saavnron
1259 488 1371 535 sacam
1723 469 1780 537 tot

227 674 295 737 prae
317 655 432 719 ceteris
457 662 506 719 est
528 655 652 736 collata,
673 674 769 737 quem
791 664 822 717 et
841 655 980 719 Christus
994 654 1020 717 Α
1036 656 1097 737 piis
1117 655 1281 719 desideriis
1302 664 1446 719 nostmm
1467 656 1712 739 supplicantium
1736 659 1782 723 eis

227 754 320 817 lesus
336 754 471 817 instituit
485 753 677 837 generalem,
695 754 823 836 plenum
844 773 880 816 ac
896 774 980 817 snm·
1035 755 1240 835 acquiescant
1267 774 1304 817 ac
1330 762 1550 837 cooperentur,
1575 766 1606 816 et
1633 759 1708 817 vitre
1728 776 1783 833 po

228 870 318 915 mum
341 870 436 914 suum
457 852 609 915 vicarium
635 872 732 935 super
754 852 918 915 universos
943 853 980 914 li·
1035 863 1127 913 scam
1151 855 1342 929 praemium,
1372 853 1404 915 id
1433 861 1481 916 est
1509 855 1689 916 mercedem
1719 873 1783 918 coe·

228 950 329 1028 deleS,
351 951 498 1028 dicendo,
519 950 614 1013 Pasce
635 968 711 1013 oves
733 969 831 1027 meas,
853 958 888 1012 nt
909 970 980 1013 san-
1035 950 1146 1013 lestem
1171 970 1228 1014 seu
1252 949 1431 1015 beatificam
1457 950 1622 1032 visionem,
1643 971 1713 1033 qum
1734 962 1783 1016 est

229 1058 301 1111 ctus
315 1057 348 1110 et
361 1048 517 1130 gloriosus
536 1047 669 1129 Gyrillus
689 1048 721 1109 in
738 1047 818 1111 libro
832 1048 979 1111 disseruit
1034 1048 1199 1129 praemium
1220 1050 1291 1111 vitae
1312 1050 1418 1130 gratiae
1442 1068 1498 1113 seu
1522 1050 1685 1131 praemium
1709 1049 1781 1114 vitae

229 1147 979 1229 Tbesaumrum,sanctusatquebeatusBemar-
1033 1146 1188 1227 gloriose,
1205 1148 1418 1211 construendo
1439 1147 1499 1211 hoo
1521 1146 1728 1227 intransitive,
1749 1148 1780 1210 id

229 1246 290 1307 dus
309 1246 342 1307 in
366 1246 445 1309 libro
466 1246 505 1309 de
520 1244 787 1325 consideratione,
803 1254 835 1309 et
850 1246 880 1309 S.
899 1245 978 1309 Tho-
1033 1250 1083 1307 est
1111 1244 1275 1326 premium
1299 1245 1383 1325 quod
1412 1252 1461 1306 est
1487 1244 1557 1327 ipsa
1581 1245 1646 1307 vita
1674 1245 1781 1327 gloriae

229 1362 299 1407 mas
334 1364 431 1427 snper
465 1354 624 1427 quartum,
657 1354 751 1427 atque
786 1346 819 1408 in
849 1345 978 1407 Summa
1034 1360 1090 1405 seu
1104 1342 1169 1403 vita
1182 1342 1330 1423 gloriosa,
1347 1342 1386 1404 de
1400 1361 1464 1422 qua
1484 1342 1623 1424 loquitur
1640 1342 1780 1406 Christus

228 1450 341 1505 eontra
363 1442 508 1524 gentiles,
533 1442 566 1505 in
591 1443 720 1507 Summa
748 1443 842 1506 etiam
868 1450 977 1507 contra
1033 1440 1106 1503 lons
1129 1440 1212 1518 vite,
1235 1440 1318 1523 apud
1343 1440 1495 1504 loannem
1519 1464 1526 1502 ε
1548 1441 1620 1503 llaec
1643 1450 1692 1503 est
1716 1441 1928 1517 vilarentum,

226 1537 364 1619 Grecos,
379 1560 453 1601 cum
468 1544 584 1601 ceteris
596 1544 771 1617 Apostotis,
788 1540 848 1603 boc
862 1548 911 1603 est
924 1540 977 1603 alii
1032 1546 1161 1617 eterna,
1187 1546 1221 1600 ut
1250 1547 1443 1621 cognoscant
1470 1546 1501 1601 te
1529 1557 1641 1600 verum
1666 1539 1778 1604 Deum
1793 1531 1813 1571 ³·

225 1655 355 1719 quoque
385 1638 484 1701 sancti
514 1638 654 1721 Apostoli
685 1638 778 1701 simul
804 1657 877 1701 cum
901 1638 974 1719 illis,
1032 1636 1120 1712 Quod
1135 1636 1300 1719 premium
1316 1637 1378 1699 tale
1393 1657 1430 1699 ac
1443 1644 1565 1699 tantum
1576 1645 1626 1699 est
1639 1645 1674 1700 ut
1684 1637 1780 1700 lsaias

226 1755 287 1796 nos
309 1740 437 1797 solvant
461 1756 550 1797 nece
574 1738 740 1807 criminis,
765 1736 795 1799 id
821 1746 880 1816 est,
906 1756 976 1819 pre·
1032 1744 1063 1798 et
1085 1735 1199 1798 Paulus
1220 1735 1323 1798 testati
1345 1744 1420 1797 sunt
1441 1759 1448 1796 :
1466 1735 1581 1799 Oculus
1603 1753 1668 1799 non
1689 1735 1778 1814 vidit,
1793 1751 1925 1803 nemu

225 1832 318 1896 cibus
339 1832 405 1896 suis
426 1854 463 1897 ac
485 1834 604 1897 meritis
626 1834 798 1917 impetrent
819 1834 910 1899 nobis
930 1834 977 1897 di·
992 1833 1016 1896 B
1031 1852 1091 1897 nec
1124 1832 1209 1895 auris
1237 1832 1368 1913 audivit,
1398 1852 1458 1895 nec
1491 1832 1525 1895 in
1560 1850 1616 1896 cor
1642 1832 1779 1896 hominis
1794 1812 1861 1857 ¹⁰⁰⁸
1872 1827 1894 1866 ¹¹·
1903 1817 1925 1857 ⁹·

224 1930 345 1995 vinitus
375 1939 409 1994 ut
436 1932 477 1995 ab
505 1932 592 1997 omni
621 1932 749 1997 vinculo
774 1933 976 1996 absolvamur
1031 1931 1242 1995 ascenderunt
1256 1949 1327 2012 quae
1341 1930 1529 2013 praeparavit
1542 1930 1624 1993 Deus
1645 1930 1780 2013 diligen-

225 2029 406 2111 cnlpamm‚
429 2031 468 2095 de
488 2031 604 2113 quibus
625 2030 658 2093 in
680 2031 760 2095 libro
780 2032 881 2095 lertnr
904 2031 975 2095 Pro-
1031 2029 1116 2093 tibus
1130 2049 1175 2093 se.

224 2128 408 2193 verbiorum
435 2152 442 2191 :
470 2128 652 2211 iniquitates
677 2148 742 2193 suae
766 2130 894 2212 capiunt
918 2130 975 2193 im·
1070 2127 1160 2190 Certe
1178 2127 1222 2190 ait
1242 2146 1332 2189 sacra
1353 2126 1513 2207 Scriptura
1530 2126 1712 2190 :Bonorum
1734 2126 1778 2189 la·
1792 2146 1925 2204 saeuis.

224 2226 327 2309 pium,
343 2235 375 2289 et
390 2225 520 2290 lunibus
536 2236 739 2310 peccatorum
755 2246 884 2291 suornm
900 2246 975 2293 con·
1031 2227 1143 2293 borum
1158 2225 1312 2307 gloriosus
1327 2232 1376 2287 est
1389 2224 1694 2307 lmctus.Quumque
1705 2244 1778 2308 spes

224 2324 401 2407 stringitur.
1031 2324 1152 2406 praemii
1168 2322 1289 2390 minuat
1309 2321 1373 2384 vim
1395 2322 1516 2403 llagelli
1530 2325 1674 2404 (propter
1693 2324 1777 2404 quod

266 2425 391 2485 Chorus
405 2433 567 2497 sacratas,
583 2424 644 2489 boc
665 2432 714 2487 est
735 2424 903 2489 multitudo
918 2444 974 2487 seu
1030 2423 1172 2485 secundo
1193 2421 1455 2503 Paralipomenon
1477 2420 1592 2483 dicitur
1608 2444 1616 2481 :
1632 2419 1701 2485 Non
1715 2421 1778 2484 dis·
1792 2441 1925 2494 urm.

223 2520 425 2598 universitas,
434 2531 623 2602 martyrum
635 2523 975 2599 beatorum,confessio
1030 2520 1194 2583 solvantur
1209 2539 1322 2582 manns
1337 2527 1459 2597 vestrae,
1477 2519 1536 2582 erit
1550 2519 1635 2582 enim
1656 2538 1778 2582 merces

223 2621 445 2689 sacerdotum,
461 2620 491 2683 id
508 2628 555 2683 est
570 2621 670 2683 sancti
690 2620 880 2699 sacerdotes,
897 2639 975 2702 pre
1029 2618 1119 2701 operi
1133 2628 1253 2696 vestr03
1266 2617 1368 2700 prima
1383 2636 1509 2699 quoqne
1524 2618 1563 2679 ad
1578 2616 1754 2680 Corinthios
1769 2640 1775 2677 :

224 2715 293 2795 lati,
324 2716 535 2796 confessores,
570 2726 723 2801 pastores,
754 2720 974 2801 predicatores
1030 2717 1163 2779 Stabiles
1187 2725 1287 2779 estote
1313 2725 1345 2778 et
1368 2715 1557 2793 immobiles,
1580 2714 1777 2777 abundantes
1801 2734 1871 2778 reor.
1887 2749 1923 2787 n,

224 2812 349 2895 felices,
365 2824 395 2875 et
417 2818 595 2894 virginalis
615 2818 761 2886 castitas,
783 2816 813 2879 id
836 2826 883 2879 est
904 2837 975 2879 san-
1029 2815 1061 2877 in
1088 2834 1184 2897 opere
1213 2815 1335 2878 Domini
1365 2834 1502 2896 semper,
1528 2814 1663 2876 scientes
1692 2813 1776 2893 quod
1792 2799 1826 2840 ⁵⁸·

224 2921 286 2975 ctae
314 2912 452 2995 virgines
482 2914 593 2977 merito
622 2914 813 2978 castimoniae
837 2935 873 2978 ac
904 2934 974 2977 san-
1030 2913 1120 2978 labor
1143 2923 1248 2977 vester
1272 2931 1336 2977 non
1361 2922 1410 2975 est
1433 2912 1535 2974 inanis
1559 2912 1592 2973 in
1616 2911 1774 2991 Domino),

224 3011 385 3074 etimoniae
399 3031 474 3092 suec,
491 3033 548 3073 nos
563 3034 583 3073 a
594 3015 736 3090 peccatis
751 3016 898 3075 abluant.
992 3012 1103 3081 chine
1129 3031 1193 3075 non
1223 3011 1371 3094 fatigetur
1395 3011 1518 3073 animus
1542 3016 1651 3073 noster
1677 3033 1685 3070 ι
1711 3027 1775 3073 non
1803 3029 1922 3082 neem,

266 3112 501 3171 ,honestorum
514 3111 754 3189 suffragiahoe
770 3120 818 3174 est
832 3111 974 3173 omnium
1029 3112 1113 3173 enim
1139 3119 1212 3173 sunt
1237 3110 1400 3192 condigne
1424 3108 1587 3193 passiones
1611 3116 1664 3169 aut
1688 3107 1775 3189 digni
1789 3092 1921 3199 ganemu.

225 3206 446 3287 religiosarum
468 3226 673 3289 personarum
696 3209 846 3287 subsidia,
863 3228 973 3291 preces
1029 3210 1152 3272 labores
1176 3208 1273 3290 hujus
1298 3208 1447 3291 temporis
1468 3208 1508 3270 ad
1531 3205 1663 3289 gloriam
1688 3206 1774 3267 illam

222 3323 262 3366 ac
287 3304 408 3383 merita,
431 3326 602 3385 orestesque
625 3308 710 3366 cives
733 3308 849 3376 roelici,
871 3306 901 3368 id
926 3315 974 3369 est
1028 3308 1179 3369 futuram.
1198 3308 1315 3369 Vemm
1329 3306 1409 3369 absit
1426 3314 1460 3368 ut
1473 3306 1538 3369 Deo
1560 3304 1777 3387 principaliter

220 3400 415 3465 habitatores
442 3403 512 3466 coeli
537 3404 689 3486 empyrei,
712 3404 796 3485 quod
821 3404 903 3467 sicut
926 3413 973 3467 est
1027 3406 1242 3485 obsequamur
1270 3404 1384 3466 intuitu
1414 3404 1532 3487 premii
1562 3412 1616 3466 aut
1644 3403 1775 3465 horrore

220 3500 456 3563 nobilissimum
484 3521 521 3564 ac
551 3502 811 3565 sublimissimum
843 3520 970 3584 corpus,
1029 3503 1186 3585 supplicii,
1203 3503 1258 3565 sed
1281 3503 1384 3583 primo
1405 3509 1436 3563 et
1457 3502 1591 3563 maxime
1613 3521 1651 3564 er
1673 3501 1775 3563 since

219 3598 268 3660 sie
293 3607 341 3662 est
361 3599 665 3681 congruentissimus
689 3600 777 3663 locus
803 3618 970 3684 corporum
1029 3601 1153 3664 rissimo
1174 3600 1244 3681 ejus
1268 3618 1386 3675 amore,
1410 3606 1539 3680 propter
1562 3597 1719 3660 infinitam
1743 3605 1776 3659 et

220 3696 473 3777 glorificatomm
497 3707 529 3761 et
554 3699 696 3761 omnium
723 3699 838 3761 civium
864 3718 974 3781 auper-
1029 3699 1188 3781 propriam
1217 3698 1402 3777 bonitatem,
1432 3695 1706 3759 honorabilitatem
1742 3702 1774 3757 et

221 3813 349 3871 norum,
366 3806 518 3857 annuant
535 3800 616 3859 votis
629 3800 826 3874 supplicum,
839 3798 898 3860 hoc
914 3806 972 3879 est,
1028 3796 1303 3861 honorificentiam
1318 3796 1398 3877 ejus.
