4309 6259
443 482 503 548 486
722 503 762 549 nn
783 502 941 551 rancorem
960 503 999 549 nr
1018 502 1182 549 nrsuuars
1202 500 1320 566 ulain,
1342 502 1431 549 urana
1451 502 1473 549 1.
1494 520 1535 533 -
1555 502 1627 549 ιιιτ.
1649 502 1705 549 xnr

446 772 633 855 concupivit
656 774 814 852 decorem,
838 792 902 837 non
926 774 1043 835 mirum
1067 772 1093 834 si
1118 791 1191 835 cum
1248 790 1285 834 eo
1306 790 1432 853 quoque
1453 772 1493 836 ab
1515 772 1682 854 Unigenito
1702 789 1760 834 suo
1780 772 1900 835 bonore
1918 772 1981 834 snb

445 872 654 936 exsultatione
667 871 935 952 festinationeque
954 873 993 934 ad
1008 870 1041 935 te'
1061 872 1192 934 descen·
1247 870 1401 951 limatam,
1427 888 1490 952 quo
1515 890 1534 934 a
1561 870 1615 932 tali
1644 871 1723 933 Filio
1747 869 1873 933 ldatrenr
1896 870 1981 932 talen

446 970 518 1034 dit:
536 971 693 1052 siquidem
713 970 747 1033 in
767 979 940 1049 momento,
957 970 990 1032 in
1010 970 1075 1033 ictu
1095 969 1191 1048 oculi,
1247 969 1395 1032 bonorari
1416 969 1570 1051 congruit.
1591 968 1739 1051 Legimus
1760 976 1865 1031 autem
1885 969 1919 1031 in
1937 988 1982 1031 re

447 1087 467 1131 a
499 1087 624 1133 summo
658 1069 739 1132 coelo
768 1069 802 1131 in
838 1078 963 1131 uterum
997 1077 1088 1131 tuum
1122 1087 1195 1151 pro-
1248 1068 1307 1130 teri
1327 1086 1472 1150 novaque
1497 1067 1578 1149 lege,
1600 1066 1817 1131 sanctificatos
1840 1068 1979 1149 quosdam
2094 1116 2095 1151 ,

448 1166 554 1230 cessit.
1249 1166 1283 1227 in
1305 1166 1458 1228 maternis
1478 1167 1588 1244 uteris,
1605 1166 1871 1247 quemadmodum
1892 1167 2060 1236 delenti.

300 1279 369 1324 eros.
391 1293 435 1332 vm,
489 1265 594 1344 Porro,
612 1265 638 1327 si
652 1264 775 1329 deliciae
790 1264 846 1328 bei
861 1265 925 1327 sint
939 1284 1008 1328 esse
1024 1284 1097 1327 cum
1117 1263 1194 1326 liliis
1250 1263 1350 1327 remia
1370 1272 1464 1345 atque
1486 1264 1606 1327 Joenne
1628 1264 1791 1346 Scriptura
1811 1263 2071 1340 salmonciacus

300 1346 335 1388 ⁸¹·
448 1362 627 1443 bominum,
647 1382 711 1427 non
739 1364 847 1444 utique
870 1382 944 1426 cum
967 1364 1018 1425 bis
1042 1362 1097 1445 qui
1121 1380 1195 1425 caro
1250 1363 1282 1424 id
1298 1362 1330 1422 in
1347 1360 1480 1443 liguram
1496 1362 1617 1425 llessiae
1631 1362 1715 1444 regis
1735 1362 1981 1426 sanctificationis

316 1478 435 1530 omme.
449 1468 533 1539 sunt,
555 1461 589 1523 in
610 1461 725 1543 quibus
745 1462 876 1542 spiritus
897 1462 968 1543 ejus
986 1480 1050 1525 non
1072 1480 1197 1542 perma-
1250 1460 1369 1522 eisdem
1395 1460 1664 1524 communicatum
1688 1480 1867 1524 censemus.
1891 1462 1980 1542 Pono,

448 1559 539 1621 nebit
551 1558 584 1620 in
606 1567 771 1637 aeternum,
788 1577 826 1622 eo
846 1560 931 1641 quod
953 1577 1026 1623 caro
1047 1558 1123 1637 sint,
1140 1558 1195 1621 sed
1250 1557 1363 1619 borum
1384 1557 1499 1620 Christi
1521 1558 1677 1621 nativitati
1699 1558 1847 1638 vicinior,
1866 1560 1983 1641 amplio

302 1673 386 1717 rma.
403 1687 434 1723 u.
449 1676 523 1719 cum
542 1656 592 1719 bis
613 1656 667 1737 qui
690 1656 724 1718 in
745 1656 857 1738 spiritu
876 1666 907 1719 et
927 1658 1059 1719 verime
1073 1657 1195 1719 Patrem
1251 1675 1317 1718 rem
1348 1655 1467 1741 utique!
1486 1656 1747 1720 sanctificationis
1775 1658 1907 1739 gratiam
1929 1677 1983 1721 sor-
2095 1720 2096 1723 ,

302 1739 336 1781 ²⁸·
449 1753 559 1818 colunt
583 1763 678 1836 atque
703 1756 835 1818 adorant
856 1778 863 1816 :
884 1764 1004 1837 quanto
1024 1754 1127 1836 magis
1151 1762 1197 1815 te·
1251 1753 1326 1815 titus
1357 1761 1414 1816 est.
1445 1754 1506 1817 Sed
1535 1754 1668 1836 gratiam
1698 1754 1854 1818 ministris
1881 1757 1981 1835 daura,

449 1872 522 1917 cum
550 1872 631 1934 esse,
661 1854 782 1917 deliciae
809 1854 880 1935 ejus
915 1855 1081 1917 credendae
1109 1860 1193 1931 sunt,
1211 1847 1234 1909 B
1251 1852 1344 1914 matri
1374 1861 1520 1934 negatam
1549 1872 1701 1932 asserere,
1732 1853 1824 1916 nefas
1853 1854 1979 1918 arbitror.

297 693 430 745 ramis
445 691 557 754 regum
591 681 623 737 et
650 674 803 738 Dominus
835 674 1066 739 dominantium
1102 680 1191 736 tuum
1206 672 1232 735 A
1247 672 1314 735 veri
1333 672 1474 737 laturam
1497 672 1687 737 Genitrioem
1711 672 1830 736 babere
1848 672 1979 754 docebat,

446 1952 481 2014 in
500 1971 562 2034 qua
582 1952 708 2015 carnale
728 1951 774 2014 nil
794 1952 923 2031 exstitit,
940 1970 1010 2033 quae
1025 1952 1089 2015 Deo
1108 1952 1196 2014 unita
1250 1950 1284 2013 ln
1309 1950 1418 2012 matris
1442 1950 1539 2031 igitur
1563 1960 1653 2014 utero
1677 1951 1773 2014 llario
1796 1959 1905 2014 sancta
1923 1951 1980 2026 luit,

446 2049 553 2113 fueras
568 2068 627 2131 per
640 2048 956 2132 lidem,transposita
970 2050 1003 2112 in
1018 2050 1124 2131 ipsum
1139 2068 1196 2131 per
1251 2066 1288 2111 eo
1317 2048 1530 2111 abundantius
1558 2067 1621 2129 quo
1651 2068 1715 2129 praa
1744 2048 1875 2112 famulis
1899 2056 1983 2111 mater

447 2167 548 2230 spem,
567 2148 891 2229 indissolubiliterque
915 2148 944 2211 ei
970 2148 1119 2229 colligata
1139 2168 1196 2230 per
1251 2147 1431 2209 veneranda
1446 2146 1576 2209 exstitit.
1592 2148 1633 2209 dt
1647 2164 1734 2225 vero,
1751 2156 1817 2209 tam
1833 2147 1981 2209 excellenti

448 2247 631 2309 cantateml
648 2246 767 2325 Denuo,
791 2246 915 2308 nullum
937 2250 986 2327 (ut
1005 2248 1132 2327 opinor)
1151 2248 1196 2309 la-
1250 2244 1386 2326 puritate
1402 2245 1599 2307 venustanda
1614 2243 1733 2307 exstitit
1746 2243 1897 2326 puellaris
1910 2262 1980 2321 caro,

447 2352 503 2422 tet,
519 2345 604 2425 quod
618 2343 795 2407 amantium
814 2363 848 2406 se
867 2352 977 2407 mutua
996 2344 1195 2407 conversatio
1251 2350 1286 2403 ut
1313 2360 1382 2403 eam
1411 2341 1688 2423 supersplendenti
1717 2342 1881 2405 Divinitati
1913 2340 1982 2403 uniri

447 2442 647 2506 delectabilis
673 2442 724 2505 sit.
745 2442 852 2519 Porro,
873 2461 936 2524 quo
961 2461 1051 2506 amor
1071 2442 1193 2521 fortior,
1250 2439 1384 2520 dignum
1409 2447 1493 2502 osset
1513 2462 1520 2500 :
1541 2439 1676 2519 ideoque
1698 2438 1739 2501 ab
1760 2440 1849 2503 omni
1870 2458 1981 2521 prorsus

447 2557 486 2603 eo
506 2539 571 2602 vita
589 2538 657 2601 baec
680 2538 861 2619 jucundior.
882 2539 942 2601 Sed
962 2540 1034 2620 quis
1052 2547 1195 2601 mutuam
1251 2536 1375 2599 macula
1390 2538 1610 2618 preservande
1626 2536 1741 2615 luerat,
1757 2556 1821 2620 quo
1836 2546 1918 2600 tanto
1934 2537 1982 2598 nri-

447 2636 535 2700 illam
563 2636 676 2699 Gbristi
705 2635 872 2717 ldatrisque
898 2636 967 2717 ejus
990 2636 1195 2700 dilectionem
1250 2634 1381 2698 nisterio
1407 2642 1605 2715 congrueret.
1634 2633 1759 2714 Optime
1788 2653 1864 2717 ergo
1886 2634 1982 2712 tibi,o

448 2735 551 2797 metiri
575 2743 631 2797 ant
654 2743 740 2797 certe
763 2735 933 2815 concipere
957 2738 1072 2816 queatl
1094 2733 1133 2796 Et
1155 2735 1196 2797 ob
1251 2731 1370 2812 optima
1393 2731 1500 2813 Virgo,
1523 2731 1675 2812 competit
1697 2733 1782 2813 quod
1806 2732 1839 2794 in
1864 2731 1982 2794 Canticis

449 2833 482 2895 id
506 2851 610 2913 neque
635 2851 730 2914 quam
759 2831 931 2895 deliciosus
958 2840 1025 2894 erat
1053 2832 1195 2914 ipsorum
1252 2830 1386 2911 Spiritus
1410 2830 1552 2892 veritatis
1578 2830 1717 2893 asseruit
1738 2854 1745 2892 :
1767 2831 1845 2895 Tota
1867 2830 2073 2913 pulchrescat.

449 2930 624 3009 convictus,
641 2930 911 3010 comprehendere
925 2930 1084 3013 quispiam
1100 2931 1193 2993 valet.
1252 2946 1297 3006 es,
1314 2928 1415 2990 amica
1434 2946 1518 3006 mea,
1535 2935 1568 2989 et
1588 2928 1715 2991 macula
1736 2946 1801 2992 non
1823 2928 1920 2991 estin
1939 2936 1980 3002 tc;

450 3028 496 3090 dd
525 3029 592 3091 baeo
621 3036 738 3105 autem,
768 3028 840 3108 quis
870 3028 977 3110 sponsi
1006 3047 1044 3091 ac
1073 3047 1197 3109 sponsae
1214 3025 1237 3089 C
1253 3033 1284 3088 et
1305 3027 1411 3089 denuo
1429 3049 1435 3087 :
1452 3025 1588 3088 Pulchra
1609 3046 1655 3105 es,
1672 3026 1776 3089 amica
1797 3046 1877 3105 mea,
1892 3024 2069 3088 suavisonae

450 3125 598 3206 copulam
624 3124 727 3187 laetam
754 3123 822 3187 lore
847 3125 992 3206 ignoretl
1011 3126 1049 3187 Et
1069 3125 1198 3188 Mariam
1253 3130 1284 3185 et
1305 3124 1440 3200 decora;
1464 3140 1636 3204 rursusque
1660 3123 1775 3186 :Siout
1796 3122 1895 3186 lilium
1915 3123 2069 3184 internus·-

450 3222 645 3304 singularem
665 3241 734 3284 esse
749 3221 863 3284 Christi
883 3241 1032 3304 sponsam
1052 3223 1124 3303 quis
1143 3242 1198 3285 no-
1253 3220 1371 3301 spinas,
1389 3221 1436 3283 sio
1457 3221 1560 3283 amica
1579 3238 1650 3283 mea
1671 3221 1756 3285 inter
1773 3220 1867 3284 illias.

451 3322 547 3383 sciatl
563 3318 771 3400 Singulariter
785 3319 892 3399 itaque
907 3320 1049 3401 ipsorum
1064 3321 1199 3402 conjun-
1292 3317 1446 3391 Quoniam
1475 3317 1582 3398 itaque
1611 3326 1710 3397 tanta,
1737 3326 1772 3381 ut
1799 3338 1883 3381 nuno
1908 3318 1983 3379 indu-

450 3419 515 3482 ctio
535 3418 685 3500 gaudiosa
708 3416 923 3498 deliciosaque
946 3418 1016 3481 luit.
1039 3418 1196 3500 Amplius,
1253 3424 1339 3479 ctum
1369 3424 1428 3493 est,
1454 3416 1604 3479 sanctitas
1632 3416 1761 3479 llariam
1789 3417 1904 3494 decuit,
1927 3433 1983 3497 que

450 3516 523 3599 quis
541 3516 629 3578 unici
649 3514 709 3577 lilii
727 3515 1015 3597 amantissimisque
1030 3516 1150 3595 matris,
1167 3525 1198 3578 et
1253 3515 1384 3577 Fontem
1412 3514 1590 3577 sanctitatis
1621 3515 1772 3596 concepit
1800 3522 1831 3577 et
1860 3513 1982 3597 pmtulit,
2098 3520 2099 3537 ¹

451 3633 562 3678 eornm
589 3613 763 3694 praesertim
791 3631 927 3695 quorum
955 3614 1035 3675 alter
1062 3614 1197 3676 altorum
1253 3613 1294 3675 ab
1316 3611 1463 3694 originali
1491 3630 1617 3693 quoque
1642 3612 1738 3693 culpa
1761 3612 1909 3675 immunis
1927 3628 1983 3673 esse

451 3730 614 3792 nunquam
642 3710 790 3791 offendit,
820 3730 880 3774 nec
913 3712 997 3792 quod
1032 3712 1199 3794 displiceat
1254 3710 1373 3787 debuit,
1396 3709 1571 3790 praesertim
1593 3728 1692 3791 quum
1714 3710 1834 3773 decens
1854 3715 1984 3792 appareat

450 3809 546 3872 babet
560 3809 691 3891 (quippe
705 3808 738 3871 in
753 3809 871 3889 quibus
886 3809 981 3891 culpa
995 3809 1094 3888 nulla,
1111 3810 1199 3872 nulla
1253 3816 1289 3869 ut
1309 3808 1370 3870 boc
1392 3807 1487 3870 etiam
1509 3808 1629 3870 bonore
1651 3807 1751 3870 Filius
1772 3809 1842 3890 ejus
1860 3826 1922 3871 eam
1942 3825 1984 3867 ve

452 3909 647 3987 inhonestas,
660 3908 715 3969 sed
731 3908 832 3970 virtus
847 3906 981 3985 sincera,
991 3915 1023 3969 et
1037 3907 1114 3969 item
1129 3926 1200 3989 per·
1254 3913 1382 3969 neratus
1402 3906 1451 3967 sit.
1469 3905 1516 3966 Ad
1532 3906 1599 3968 bec
1614 3913 1732 3986 autem,
1750 3907 1776 3968 si
1795 3915 1856 3970 tota
1871 3904 1984 3987 pulchra

451 4005 548 4068 lectio
581 4007 825 4085 consummata),
856 4013 999 4068 mutuam
1031 4024 1199 4069 conversa·
1254 4014 1312 4083 est,
1336 4023 1411 4086 orgo
1441 4023 1501 4068 neo
1529 4004 1695 4086 originalis
1721 4006 1823 4088 culpe
1847 4005 1984 4068 maculam

451 4104 571 4166 tionem
602 4103 914 4166 delectabilissimam
952 4123 1021 4166 esse
1055 4123 1120 4168 non
1153 4105 1199 4167 vi·
1253 4102 1388 4184 accepit,
1421 4110 1534 4184 utputa
1568 4102 1608 4165 ab
1642 4102 1790 4185 originali
1825 4104 1984 4182 actualique

451 4202 546 4265 deatl
1214 4195 1238 4257 Ι)
1255 4201 1349 4281 culpa
1370 4200 1508 4263 innoxia.
1525 4200 1691 4280 Praeterea,
1707 4208 1795 4264 tanta
1811 4205 1859 4283 (ut
1877 4202 1917 4263 ait
1935 4202 1985 4261 ln-

1255 4299 1385 4377 selmus)
1406 4306 1454 4360 est
1472 4297 1573 4361 llariae
1596 4298 1758 4379 sanctitas,
1779 4319 1842 4381 qua
1863 4299 1917 4361 sub
1933 4297 1983 4358 lle-o

1255 4396 1358 4477 major
1385 4396 1521 4477 intelligi
1550 4396 1671 4477 nequit.
1697 4396 1747 4460 Nil
1779 4398 1875 4479 igitur
1901 4394 1983 4474 culpe

643 4507 888 4572 ARTIGULUS
910 4508 1005 4571 xffl,
1254 4494 1288 4556 in
1304 4514 1341 4557 ea
1355 4514 1490 4576 usquam
1507 4494 1613 4557 locum
1629 4495 1776 4560 sortitum
1796 4504 1855 4559 est.
1870 4494 1905 4558 Et
1917 4494 1982 4555 banc

1254 4593 1442 4674 positionem
1468 4592 1682 4656 defenderunt
1704 4594 1759 4673 qui
1784 4612 1879 4657 sacre
1901 4589 1984 4669 t'irgi

477 4686 526 4744 De
539 4682 797 4761 tamlififfltt‘ffllss
809 4689 840 4740 ³2
850 4683 1000 4758 puritate
1013 4684 1173 4758 deificam
1254 4690 1286 4753 ni
1312 4690 1508 4753 devotissimi
1533 4690 1674 4769 luerunt,
1697 4691 1728 4753 S.
1750 4692 1923 4769 Anselnrus,
1940 4688 1983 4748 da·

757 4772 887 4831 Marioe·
1254 4789 1437 4853 votissimus
1463 4788 1652 4866 Bernardus,
1675 4788 1706 4851 S.
1728 4788 1874 4867 Thomas
1893 4796 1921 4850 et
1941 4802 1983 4846 vo·

1253 4886 1403 4949 nerabilis
1431 4886 1580 4949 dlbertus
1608 4894 1703 4968 atque
1729 4887 1867 4969 AEgidius
1892 4910 1898 4948 :
1922 4881 1984 4965 quia

306 5001 402 5054 ram,
416 5006 435 5047 s.
512 4986 748 5048 ANCTIFICA
757 4986 829 5045 VIT
842 4985 1088 5043 tabernaculum
1102 5004 1197 5045 suam
1251 4984 1353 5047 Mariae
1381 4984 1476 5046 Filius
1505 4983 1658 5063 Christus,
1683 4986 1737 5066 qui
1767 4994 1816 5048 est
1843 4985 1935 5049 virtus
1959 4982 2070 5041 eticae

341 5107 436 5147 ιιιιη..
525 5084 725 5144 ditissimus.
747 5079 842 5143 Paulo
862 5087 935 5141 ante
954 5079 1131 5143 ellicaciter
1149 5101 1198 5144 sa·
1252 5082 1407 5163 sapientia
1435 5082 1544 5162 Patris,
1575 5082 1682 5145 omnia
1711 5083 1854 5146 ordinate
1884 5077 1981 5153 elficit,

450 5179 492 5241 tis
517 5178 565 5259 (ni
587 5178 693 5257 fallor)
719 5185 928 5241 monstratum
953 5186 1011 5257 est,
1038 5178 1070 5240 id
1095 5178 1196 5241 llariae
1251 5180 1369 5261 quippe
1393 5179 1447 5261 qui
1473 5180 1506 5241 in
1530 5198 1676 5259 numero,
1698 5181 1837 5262 pondere
1861 5187 1891 5242 et
1910 5176 2068 5239 men-saed¹

451 5276 574 5340 coelitus
589 5276 751 5354 collatum,
763 5275 916 5358 quidquid
930 5294 1038 5338 veram
1052 5294 1125 5339 mox
1139 5276 1194 5340 Dei
1251 5296 1325 5341 sura
1339 5277 1487 5341 universa
1502 5277 1687 5358 constituit;
1704 5285 1736 5343 ot
1750 5279 1791 5343 ob
1809 5279 1851 5359 id,
1863 5278 1919 5341 boo
1931 5272 1981 5337 sibi
