4309 6259
483 488 521 537 oc
542 486 631 535 nouis
654 484 927 542 salamanassar,
950 486 1125 534 ττττττττε
1147 488 1178 533 u.
1201 506 1242 517 -
1263 486 1331 533 sur.
1355 488 1387 533 rr
1648 470 1708 534 tro

170 656 283 737 judicat
299 680 307 717 :
324 657 407 719 scire
431 658 528 734 enim,
545 666 594 719 est
618 677 683 720 rem
706 676 762 739 per
781 659 949 720 causamA
1175 714 1420 779 ARTICULUS
1440 714 1485 776 VI

171 773 364 836 cognoscere.
381 755 438 817 llla
453 774 528 818 vero
543 756 760 838 scientiaque
781 776 908 817 causam
1491 761 1497 774 '

171 852 351 933 simpliciter
384 854 519 935 primam
554 854 692 934 itemque
721 854 907 916 altissimam
1131 866 1179 924 De
1212 864 1368 937 bipertito
1392 861 1536 938 judicio.

170 950 405 1031 contemplatur,
433 951 567 1013 maxime
596 960 690 1031 atque
719 951 909 1032 simpliciter

170 1049 316 1129 sapientia
331 1048 518 1129 appellatur.
534 1049 619 1111 Unde
635 1048 843 1129 Philosophus
859 1066 907 1111 so-
1033 1047 1175 1111 {toulant
1189 1048 1272 1109 dona
1292 1064 1366 1109 cum
1381 1045 1551 1108 virtutihus
1572 1045 1606 1107 in
1627 1045 1708 1107 mul-

169 1146 224 1207 lam
239 1146 487 1226 nietaphysicam
509 1146 552 1209 ait
575 1146 762 1226 sapientiam
785 1146 907 1227 simpli·
963 1044 1087 1245 Otia
1106 1145 1312 1223 conveniunt,
1329 1144 1400 1205 ideo
1419 1162 1549 1224 prorsus
1570 1142 1707 1205 difficile

168 1246 239 1306 citer
267 1244 506 1321 nominandam,
535 1263 634 1325 quum
663 1246 702 1306 sit
732 1246 771 1306 (le
803 1244 906 1325 primo
960 1254 1007 1305 est
1033 1244 1115 1305 inter
1138 1262 1175 1305 ea
1197 1242 1392 1322 distinguere
1419 1264 1426 1303 :
1453 1242 1537 1303 uude
1562 1240 1705 1302 etmulti

167 1343 381 1405 universorum
397 1343 567 1424 principio,
584 1363 620 1405 ac
641 1342 793 1423 separatis
816 1342 907 1404 intel·
961 1360 1023 1403 nou
1039 1341 1250 1403 distinxerunt
1269 1360 1307 1401 ea
1326 1339 1462 1402 realiter.
1481 1340 1707 1419 Supematura·

168 1441 300 1521 ligentiis
314 1448 346 1503 et
359 1441 478 1503 divinis
493 1440 688 1503 substantiis
701 1440 785 1502 l'alis
799 1448 905 1503 autem
961 1440 999 1501 lis
1019 1448 1125 1502 autem
1145 1439 1312 1520 sapientia,
1328 1457 1399 1519 quae
1412 1438 1501 1519 juxta
1521 1437 1703 1520 prahahita,
1721 1476 1745 1505 η
1756 1495 1761 1504 ,
1773 1474 1802 1511 a,
1814 1475 1842 1504 a.

168 1540 316 1621 sapientia
341 1540 479 1621 primum
509 1540 664 1601 veraciter
691 1538 842 1601 discernit
868 1558 904 1601 ac
960 1558 1029 1601 esse
1044 1546 1148 1620 potest
1164 1537 1310 1600 informis
1334 1545 1366 1599 et
1384 1536 1510 1599 habitus
1529 1535 1708 1599 intellectu-

166 1636 278 1718 judicat
304 1638 342 1699 de
367 1638 524 1701 contentis
550 1638 581 1697 in
609 1636 675 1717 ipsa
702 1660 708 1697 :
735 1635 794 1698 soit
811 1636 904 1709 ¹euim
960 1636 1019 1698 alis
1034 1656 1092 1717 per
1110 1636 1249 1698 studium
1264 1635 1450 1716 acquisitus,
1467 1653 1540 1696 cum
1554 1634 1638 1696 dono
1659 1654 1708 1697 sa·

167 1736 235 1817 quid
249 1736 291 1797 de
305 1736 420 1797 talibus
441 1736 558 1797 sentire
578 1743 731 1817 oporteat,
748 1735 905 1815 quemodo
961 1735 1088 1816 pientia
1110 1734 1142 1796 in
1165 1734 1273 1796 multis
1289 1733 1504 1796 communicat
1520 1756 1527 1793 :
1544 1731 1708 1813 utriusque

167 1835 202 1895 oh
215 1833 285 1895 aliis
301 1833 464 1913 differant,
480 1834 556 1914 qnid
580 1834 657 1913 ipsis
673 1833 712 1894 sit
728 1832 902 1915 proprium.
923 1840 946 1903 Β
961 1834 1047 1896 enim
1061 1841 1109 1896 est
1122 1834 1220 1895 Deum
1240 1850 1444 1913 cognoscere,
1460 1832 1569 1893 diviua
1590 1832 1709 1893 discer-

166 1932 354 1995 Socuudario
375 1950 500 2014 quoque
519 1932 558 1993 de
580 1930 785 1994 inferioribus
804 1930 906 1993 scien·
960 1952 1047 2012 nere,
1063 1940 1157 2012 alque
1173 1950 1229 2011 per
1242 1950 1280 1993 ea
1294 1930 1333 1992 dc
1349 1930 1463 1993 ceteris
1475 1930 1635 2010 judicare3
1652 1929 1708 1991 sed

167 2030 214 2092 tiis
235 2030 358 2111 judicat
382 2050 515 2112 persua
540 2028 709 2111 principia,
732 2048 830 2109 quum
852 2028 906 2091 illa
960 2030 1154 2093 dillormiter
1174 2028 1277 2091 valde.
1294 2028 1529 2091 advertendum
1550 2034 1599 2089 est
1619 2027 1709 2108 equi·

166 2130 223 2189 sint
244 2129 508 2191 communissima
532 2137 562 2191 et
591 2126 807 2191 causalissima
835 2150 841 2188 :
868 2148 906 2189 ex
960 2129 1031 2189 dem
1051 2126 1126 2207 quia
1147 2126 1318 2207 dupliciter
1337 2124 1414 2187 ferri
1434 2133 1537 2205 potest
1555 2126 1594 2185 de
1615 2124 1708 2186 rehus

165 2228 272 2309 quihus
301 2226 488 2289 inferiorum
514 2226 718 2289 scientiarum
748 2225 906 2307 principia
959 2223 1128 2306 judicium.
1155 2224 1256 2285 Aliter
1279 2223 1365 2285 enim
1389 2222 1429 2285 de
1453 2222 1564 2285 morho
1586 2222 1710 2303 judicat

165 2326 368 2405 deducuntur,
385 2333 416 2387 et
438 2325 471 2385 in
490 2344 559 2406 quas
579 2324 720 2386 finaliter
745 2324 907 2387 resolvun-
962 2323 1029 2404 ipse
1044 2330 1190 2403 aegrotus,
1199 2329 1230 2383 et
1243 2321 1337 2383 aliter
1351 2321 1506 2383 medicus.
1522 2320 1622 2382 Aliter
1635 2338 1711 2400 quo

165 2432 219 2503 tur,
243 2443 301 2505 per
328 2442 397 2504 quae
425 2432 456 2485 et
484 2422 687 2485 stabiliuntur
714 2431 806 2503 atque
836 2440 906 2503 pro
960 2440 1022 2501 que
1045 2421 1085 2483 de
1111 2420 1280 2482 sobrietate
1300 2428 1332 2481 et
1351 2419 1494 2481 castitate
1512 2418 1635 2499 judicat
1653 2419 1709 2499 qui

166 2521 282 2584 huntur.
961 2520 1045 2602 ipsas
1060 2519 1194 2581 virtutes
1208 2519 1345 2581 morales
1358 2518 1491 2599 adeptus
1506 2526 1604 2597 est,et
1617 2518 1710 2579 aliter

199 2620 266 2681 flac
290 2638 365 2681 vero
384 2637 454 2699 quac
474 2618 656 2681 Aristoteles
680 2619 718 2679 de
744 2618 906 2700 metaphy-
960 2618 1013 2700 qui
1038 2618 1137 2681 solam
1158 2617 1311 2681 moralem
1332 2617 1500 2679 scientiam
1521 2616 1625 2679 hahet.
1642 2616 1709 2680 Uno

164 2718 223 2779 sica
237 2717 372 2779 adstruit
387 2736 460 2779 vera
476 2724 560 2796 sunt,
577 2716 735 2797 loquendo
755 2716 794 2779 de
815 2724 906 2778 natu·
960 2734 1035 2796 ergo
1064 2715 1158 2777 modo
1181 2714 1344 2795 judicatur
1367 2714 1407 2775 de
1432 2733 1465 2775 re
1494 2732 1551 2793 per
1576 2713 1707 2795 plenum

164 2816 275 2878 ralibus
301 2834 407 2878 rerum
427 2814 559 2877 notitiis.
578 2814 637 2876 Sed
657 2813 818 2895 theologia
836 2832 905 2895 quae
960 2833 1052 2876 osum
1068 2814 1212 2893 rationis,
1228 2833 1284 2876 seu
1304 2813 1425 2875 clarum
1444 2812 1594 2873 intuitum
1616 2812 1708 2875 intel-

164 2922 206 2975 est
230 2912 479 2996 supernaturalis
508 2912 652 2989 scientia,
680 2912 815 2993 primam
840 2930 907 2975 em·
960 2912 1060 2973 lectus
1083 2912 1184 2993 ipsam
1205 2912 1370 2975 veritatem
1396 2910 1556 2973 cernentis
1573 2934 1580 2971 :
1597 2911 1707 2992 sicque

164 3012 245 3075 nium
273 3011 397 3075 entium
422 3030 549 3074 eausam
575 3020 605 3073 et
629 3010 777 3074 ultimum
806 3009 904 3073 finem
921 3000 943 3066 C
960 3011 998 3071 de
1013 3009 1133 3071 divinis
1152 3028 1189 3072 ac
1210 3010 1282 3072 aliis
1300 3009 1423 3089 judicat
1441 3008 1597 3089 sapientia
1617 3017 1707 3070 natu-

164 3109 256 3173 multo
275 3109 446 3172 sublimius
464 3128 559 3191 quam
584 3127 792 3190 quaecumque
816 3115 905 3169 uatu-
960 3108 1034 3169 ralis
1053 3116 1206 3189 quantum
1227 3108 1267 3170 ad
1292 3126 1329 3170 ea
1352 3125 1422 3187 qua
1447 3107 1632 3169 naturaliter
1655 3125 1708 3169 co-

164 3208 232 3269 ralis
260 3208 384 3271 theoria
416 3208 647 3289 contemplans,
677 3209 716 3269 de
749 3208 800 3269 his
833 3225 904 3287 quaa
958 3215 1166 3287 gnoscuntur,
1202 3214 1234 3267 et
1266 3204 1422 3287 sapientia
1458 3204 1706 3286 supernaturalis

161 3306 367 3389 theologicam
383 3306 566 3368 facultatem
582 3306 769 3387 respiciunt,
783 3314 902 3367 rectum
958 3308 1042 3385 (quas
1057 3304 1233 3365 secundum
1248 3310 1396 3384 praetacta
1410 3303 1529 3364 donum
1541 3306 1602 3380 est)
1612 3322 1707 3384 quan·
1720 3330 1853 3384 „epm

162 3403 191 3463 in
217 3404 328 3484 primis
356 3404 486 3467 sortitur
513 3403 694 3484 judicium3
720 3404 834 3465 deinde
863 3404 903 3466 de
959 3411 1024 3464 tum
1040 3403 1078 3465 ad
1094 3422 1131 3465 ea
1150 3420 1220 3483 quae
1235 3402 1268 3462 in
1283 3419 1373 3464 sacra
1394 3401 1558 3482 Scriptura
1579 3401 1707 3462 tradun-

162 3501 361 3565 inloriorihus
385 3502 509 3565 cunctis
529 3502 684 3581 scientiis,
701 3510 763 3564 tam
787 3502 903 3564 infusis
959 3509 1019 3563 tur.
1040 3500 1111 3563 Alio
1130 3508 1235 3562 autem
1254 3499 1349 3561 modo
1367 3498 1524 3579 judicium
1546 3496 1648 3559 fertur
1666 3500 1706 3561 de

160 3618 250 3679 quam
273 3600 485 3679 naturalibus,
499 3600 643 3682 judicare
667 3608 760 3681 atque
785 3600 903 3662 discor·
959 3598 1063 3676 rebus,
1090 3617 1147 3679 per
1175 3596 1471 3660 connaturalitatem
1497 3614 1553 3657 seu
1580 3594 1707 3659 confor-

159 3716 230 3759 nere
249 3698 344 3761 hahet
369 3717 425 3780 per
449 3718 506 3760 sua
532 3697 701 3779 principia,
718 3698 749 3759 id
775 3706 822 3760 est
847 3717 904 3780 per
958 3697 1100 3759 mitatem
1123 3695 1298 3778 judicantis
1321 3695 1360 3757 ad
1384 3694 1481 3775 ipsas,
1502 3712 1572 3775 qua
1596 3694 1705 3775 utique

160 3796 376 3859 sacratissimas
391 3796 466 3858 fidei
482 3797 662 3859 christianae
677 3796 837 3874 articulos
847 3816 902 3878 per
958 3795 1165 3858 conformitas
1187 3794 1220 3855 in
1245 3792 1453 3874 dispositione
1474 3790 1611 3855 affectus
1630 3811 1705 3855 con-

160 3913 234 3975 quos
258 3904 407 3976 unquam
424 3913 480 3976 per
496 3896 580 3976 leges
595 3914 631 3957 ac
648 3895 783 3975 regulas,
800 3896 904 3958 noscit
958 3894 1041 3957 sistit
1059 3918 1065 3955 :
1083 3892 1351 3975 quemadmodum
1373 3899 1478 3953 castus
1499 3890 1539 3953 de
1560 3891 1704 3953 castitate

160 3994 231 4073 quid
246 3995 286 4056 de
302 3994 375 4055 aliis
391 4012 496 4055 rerum
511 3992 654 4055 scientiis
673 3994 901 4075 acceptandum
957 3993 1076 4075 optime
1103 3992 1235 4073 judicat.
1267 3990 1319 4051 Sic
1346 4008 1473 4071 quoque
1501 4007 1558 4070 per
1585 3989 1704 4053 donum

160 4092 197 4152 sit
211 4101 263 4153 aut
278 4100 364 4155 certe
385 4092 609 4172 spernendum.
626 4092 726 4165 Quum
747 4092 833 4153 enim
854 4092 904 4173 ju·
958 4091 1121 4173 sapientiae
1140 4088 1303 4171 judicatur
1320 4088 1359 4151 de
1378 4087 1497 4149 divinis
1516 4106 1586 4169 qua
1605 4086 1704 4150 fidem

159 4190 275 4253 dicium
291 4191 331 4253 de
347 4210 381 4252 re
396 4188 619 4271 proferendum
640 4190 681 4251 sit
700 4209 757 4271 per
775 4182 942 4252 causamll
959 4188 1144 4269 respiciunt,
1165 4195 1197 4249 et
1218 4182 1371 4268 deinceps
1389 4187 1429 4248 de
1448 4185 1520 4247 aliis
1543 4185 1703 4267 omnihus,

160 4288 268 4368 ipsius,
286 4288 490 4351 illascientia
509 4306 577 4369 qua
600 4306 727 4350 causam
751 4288 903 4369 simplici·
958 4287 1134 4351 secundum
1170 4286 1309 4349 rationes
1344 4284 1530 4366 regulasque
1565 4283 1702 4349 divinas.

159 4393 204 4447 ter
227 4386 362 4467 primam
389 4386 577 4465 considerat,
594 4386 633 4448 de
657 4386 807 4448 omnihus
832 4387 903 4449 aliis
958 4386 1029 4448 llaec
1054 4404 1130 4447 vero
1155 4382 1362 4447 conformitas
1386 4382 1501 4445 mentis
1526 4381 1566 4443 ad
1594 4382 1705 4445 divina

160 4483 287 4565 reliquis
309 4484 452 4565 judicare
470 4484 588 4567 optime
609 4492 712 4563 potest
735 4492 766 4547 et
790 4486 903 4549 merito
957 4485 1127 4563 credenda,
1151 4482 1295 4545 efficitur
1317 4501 1375 4564 per
1402 4481 1548 4562 sapidum
1576 4488 1705 4561 gustum

159 4582 259 4644 dehet.
277 4582 433 4657 Quoniam
448 4582 552 4663 itaque
575 4582 635 4644 tale
657 4582 812 4662 judicium
834 4604 904 4666 per·
957 4602 1014 4645 seu
1028 4579 1247 4662 sapientialem
1263 4578 1444 4641 divinorum
1459 4595 1615 4658 saporem,
1627 4579 1704 4641 dum

160 4680 234 4762 cipit
261 4682 358 4745 homo
382 4700 401 4743 a
425 4680 542 4761 Spiritu
567 4680 694 4761 Sancto,
713 4681 801 4762 juxta
825 4682 902 4745 illud
958 4682 1018 4763 ipsi
1054 4679 1195 4743 credenti
1232 4678 1379 4740 veritates
1407 4676 1523 4739 divinas
1551 4677 1612 4739 suh
1637 4676 1704 4741 fide

49 4776 239 4841 cor.·1.r⁵.heati
276 4779 431 4862 Apostoli,
462 4778 641 4861 Spiritualis
675 4779 770 4843 homo
798 4781 904 4844 omnia
958 4782 1107 4843 cadentes
1141 4796 1206 4841 nen
1240 4776 1342 4839 solum
1377 4774 1553 4837 clarissime
1581 4775 1705 4840 innote-

159 4876 290 4957 judicat‚
307 4878 421 4959 etipse
437 4897 454 4939 a
469 4877 596 4940 nemine
614 4877 794 4959 judicatur;
811 4880 905 4941 idcir·
958 4886 1051 4940 scunt
1069 4897 1128 4960 per
1145 4877 1265 4939 donum
1285 4873 1476 4951 intellectus,
1493 4874 1547 4935 sed
1573 4874 1705 4955 insuper

160 4976 366 5057 cosapientia
382 4994 438 5056 per
456 4993 550 5056 quam
570 4976 663 5038 datur
681 4975 815 5038 facultas
837 4977 905 5039 tali·
958 4976 1095 5039 dulciter
1127 4975 1264 5057 sapiunt,
1295 4974 1405 5054 sicque
1433 4971 1607 5035 verissimae
1634 4992 1703 5035 esse

160 5080 206 5133 ter
218 5073 383 5155 judicandi
406 5075 445 5136 de
465 5074 614 5138 omnihus
633 5093 691 5155 per
710 5075 847 5137 rationes
867 5095 904 5139 ac
958 5078 1194 5155 discernuntur,
1210 5083 1242 5137 et
1262 5074 1332 5136 alie
1358 5072 1505 5135 veritates
1530 5072 1705 5134 secundum

160 5168 245 5251 leges
265 5190 322 5233 seu
343 5172 468 5253 regulas
489 5171 624 5253 diviuaS,
641 5174 760 5235 donum
776 5183 906 5237 vocatur
959 5196 1012 5239 eas
1028 5175 1211 5257 regulautur
1225 5182 1256 5236 et
1269 5172 1468 5251 ordinantur,
1484 5169 1637 5231 falsitates
1652 5189 1706 5233 ve·

160 5268 297 5353 Spiritus
319 5270 436 5333 Sancti.
962 5295 996 5341 ro
1015 5284 1110 5357 atque
1129 5273 1273 5355 perfidiae
1292 5272 1492 5335 refutantur:
1509 5286 1579 5349 quse
1597 5270 1706 5336 omnia
