4309 6259
297 758 331 799 2⁰.

443 496 501 563 186

443 803 507 847 non
522 804 593 867 ego,
610 786 688 849 vivit
702 805 778 850 vero
799 787 833 849 in
855 808 906 851 me
928 788 1089 867 Christus3
1107 790 1190 869 quod

443 892 549 946 autem
571 903 656 947 nune
681 885 755 948 vivo
780 886 944 964 incarne,
969 886 1001 947 in
1027 887 1092 949 fide
1117 886 1190 949 vivo

359 1070 362 1073 ξ
443 982 515 1043 Filii
530 981 597 1060 Dei,
613 982 669 1063 qui
683 983 795 1045 dilexit
815 1004 866 1046 me
887 993 919 1048 et
932 985 1061 1047 tradidit
1076 993 1190 1047 semet-

310 2977 346 3031 (ΣΙ.
354 2976 433 3019 deCoe·

444 1078 549 1160 ipsum
565 1100 622 1160 pro
637 1100 698 1143 me.
715 1081 753 1142 Et
767 1083 841 1164 quia
854 1083 917 1145 Deo
933 1083 1085 1145 debemus
1100 1083 1190 1163 quid-

444 1176 520 1258 quid
550 1197 659 1239 sumus
688 1178 755 1241 sive
783 1179 949 1257 habemus,
980 1181 1100 1244 idcirco
1129 1180 1188 1242 boe

445 1276 538 1338 modo
554 1276 691 1339 vivendo
712 1296 868 1339 summam
889 1278 1046 1359 justitiam
1066 1298 1191 1341 exerce-

445 1392 517 1435 mus
534 1397 542 1435 :
559 1394 653 1455 quam
668 1377 854 1453 exercendo,
872 1376 1071 1457 sapientiam,
1089 1378 1120 1439 id
1143 1386 1190 1439 est

445 1471 608 1553 sapientiai
639 1473 884 1554 incrementum,
915 1475 1108 1553 invenimuS,
1138 1475 1188 1538 vel

445 1579 530 1633 certe
545 1572 699 1633 sentimus
714 1580 808 1653 atque
822 1582 997 1653 gustamus,

635 1836 880 1899 ARTICULUS
904 1836 996 1898 XIV.

445 1984 596 2050 Qualiter
610 1983 772 2058 supientia
788 1984 851 2041 ista
866 1984 1061 2059 dignissima
1081 1986 1191 2063 acqui-

486 2081 584 2131 ratur
608 2091 629 2130 α
652 2072 811 2139 Demeam·
832 2075 987 2149 quomodo
1011 2074 1110 2133 etiam
1134 2094 1191 2133 au·

482 2170 603 2238 petatur
616 2181 654 2219 ac
664 2162 872 2237 perficiatur.

517 2357 645 2420 UANTO
668 2358 819 2439 deinceps
844 2358 999 2438 perfectio
1027 2358 1122 2420 altior
1145 2366 1192 2420 est

531 2462 625 2536 atque
649 2456 799 2535 divinior,
820 2464 907 2518 tanto
929 2456 1054 2517 videtur
1073 2454 1194 2518 diffici-

446 2554 508 2616 lius
524 2572 616 2635 posse
631 2553 755 2634 attingi.
772 2555 830 2616 Ars
851 2554 937 2616 enim
953 2561 983 2617 ct
999 2554 1099 2616 virtus
1120 2562 1193 2616 sunt

447 2653 533 2715 circa
556 2650 716 2713 difficilia.
742 2651 829 2713 Unde
853 2651 1021 2733 Gregorius
1047 2676 1053 2713 :
1082 2650 1191 2731 Nemo,

446 2750 502 2828 ait,
519 2757 648 2831 repente
662 2748 822 2831 perfectus
837 2749 989 2811 efficitur.
1006 2750 1044 2811 Et
1063 2750 1194 2812 Bernar-

447 2849 506 2910 dus
530 2871 537 2908 ι
560 2846 650 2925 Nolo,
675 2846 789 2928 inquit,
813 2847 918 2909 subito
942 2846 1013 2909 fieri
1036 2868 1192 2925 summuS,

448 2945 600 3028 paulatim
628 2944 712 3008 volo.
737 2944 869 3025 Nempe,
895 2953 929 3006 ut
951 2946 1119 3027 Dionysius
1147 2966 1195 3008 as-

756 518 797 564 DE
817 518 907 565 DONlS
928 519 1062 566 saturnus
1084 519 1204 581 SANGTl,
1226 518 1399 567 saturatus
1421 521 1452 567 ΙΙ.
1476 540 1516 550 -·
1536 522 1605 568 ART·
1628 522 1681 569 XlV

311 694 387 737 aaut·
405 707 428 746 ι.
442 686 593 767 Apostolo
614 686 720 750 dicere
741 698 835 769 queat
857 712 864 751 :
886 690 966 753 Vivo
987 699 1103 768 autem,
1125 690 1191 771 jam
1206 688 1232 753 Α
1247 710 1358 754 vocem
1380 711 1495 772 meam,
1517 693 1655 757 introibo
1676 692 1854 774 adipsum,
1877 701 1908 756 et
1930 712 1986 757 coe·

1246 790 1327 852 nabo
1343 810 1416 851 cum
1432 790 1498 867 illo,
1516 791 1630 871 etipse
1645 810 1782 857 meeum.
1800 791 1837 853 Et
1857 792 1985 854 lacobus

1246 888 1290 949 ait
1311 910 1318 949 ι
1340 887 1371 949 Si
1392 888 1464 968 quis
1484 888 1605 970 indiget
1625 889 1791 971 sapientia,
1814 889 2088 971 postulatione.

1245 986 1319 1065 Deo,
1345 987 1399 1067 qui
1424 986 1477 1048 dat
1500 987 1649 1050 omnibus
1672 986 1853 1063 affluenter,
1880 997 1912 1050 et
1939 989 1987 1049 da-

1246 1083 1332 1145 bitur
1346 1085 1387 1147 ei.

1285 1184 1520 1246 Advertendum
1551 1191 1598 1247 est
1631 1194 1749 1263 autem,
1779 1186 1862 1265 quod
1891 1204 1985 1265 quum

1246 1281 1328 1343 dona
1343 1282 1478 1362 Spiritus
1491 1282 1596 1345 Sancti
1614 1282 1677 1344 sint
1693 1284 1815 1345 caritati
1832 1302 1868 1344 ac
1883 1283 1987 1364 gratian

1246 1379 1500 1460 inseparabiliter
1525 1399 1677 1459 connexa,
1704 1381 1825 1443 ideireo
1850 1381 1920 1462 ipsa
1945 1400 1987 1442 sa-

1246 1477 1366 1558 pientia
1381 1487 1534 1558 quantum
1550 1480 1589 1541 ad
1604 1499 1693 1541 suam
1710 1479 1846 1561 primam
1860 1498 1896 1541 ac
1919 1478 1988 1541 sim-

1247 1575 1362 1655 plicam
1377 1576 1619 1657 perfectionem,
1636 1596 1692 1639 seu
1714 1584 1866 1658 quantum
1882 1577 1923 1638 ad
1939 1577 1988 1639 ha-

1245 1673 1358 1751 bitum,
1390 1693 1452 1737 non
1482 1683 1530 1737 est
1558 1675 1621 1737 nisi
1650 1694 1707 1756 per
1739 1675 1933 1737 creationem
1961 1684 1989 1737 et

1247 1770 1487 1851 inspirationem
1517 1772 1671 1851 divinam,
1702 1774 1785 1835 sicut
1818 1782 1848 1835 et
1878 1774 1989 1835 caritas

1208 1864 1282 1931 Bac
1307 1870 1418 1951 gratia.
1442 1870 1499 1945 Qui
1529 1890 1603 1935 vero
1628 1872 1691 1934 Deo
1715 1870 1907 1952 conjunctus
1933 1880 1988 1948 est,

1245 1968 1362 2030 dicitur
1384 1969 1572 2049 sapientiam
1594 1970 1722 2048 mereri,
1740 1970 1895 2048 invenire,
1915 1970 1991 2031 reci-

1244 2072 1490 2146 pere‚quautum
1506 2067 1665 2128 adactum
1682 2073 1776 2147 atque
1787 2074 1989 2146 augmentum

1243 2162 1355 2243 ipsius.
1373 2162 1424 2225 Sic
1440 2164 1526 2225 enim
1540 2164 1659 2226 dieitur
1679 2162 1835 2246 sapientia
1851 2164 1989 2226 inveniri
2003 2184 2097 2236 sepau,

1245 2260 1284 2323 ab
1312 2261 1363 2322 his
1392 2260 1447 2340 qui
1475 2262 1613 2343 diligunt
1637 2262 1736 2339 illam,
1763 2281 1861 2342 quum
1886 2270 1990 2325 tamen

1246 2377 1339 2421 nemo
1354 2359 1466 2440 diligat
1480 2378 1549 2421 eam
1565 2359 1626 2421 nisi
1642 2360 1696 2442 qui
1711 2360 1816 2436 habet,
1835 2360 1992 2441 loquendo

1246 2458 1284 2518 de
1301 2456 1471 2520 dilectione
1487 2459 1644 2539 completa
1666 2467 1697 2520 ct
1711 2458 1874 2521 meritoria
1891 2482 1898 2520 :
1917 2477 1992 2539 prm

1247 2554 1356 2617 sertim
1373 2574 1470 2635 quum
1488 2556 1676 2637 sapientiam
1692 2557 1836 2638 diligere,
1848 2566 1940 2619 actus
1954 2556 1991 2617 sit

1247 2654 1421 2735 sapientiae.
1449 2655 1542 2717 Porro
1571 2656 1836 2736 quemadmodum
1866 2655 1991 2731 caritas,

1248 2750 1291 2813 ita
1313 2760 1344 2813 et
1365 2752 1520 2835 sapientia
1542 2760 1681 2815 meretur
1702 2752 1822 2834 aligeri,
1837 2761 1993 2833 quatenus

1248 2857 1340 2911 aucta
1355 2859 1513 2912 mereatur
1527 2858 1558 2911 et
1574 2850 1697 2931 perfici.

1288 2947 1441 3027 Denique,
1472 2948 1555 3010 sicut
1583 2942 1765 3030 cupiditatis
1795 2969 1850 3011 seu
1879 2949 1992 3031 privati

299 3039 348 3081 ¹⁶⁸²·
380 3039 433 3081 ¹¹³³·
450 3044 537 3121 serit,
561 3045 585 3105 A
607 3043 736 3105 distanti
759 3044 791 3104 in
814 3044 935 3105 distans
958 3064 1022 3108 non
1044 3046 1109 3106 itur
1131 3041 1230 3106 nisit}
1250 3046 1366 3108 amoris
1388 3045 1558 3108 diminutio
1582 3055 1787 3127 augmentum
1812 3054 1860 3109 est
1883 3047 1994 3109 carita·

298 3114 434 3150 osannam

300 3172 435 3221 flammant.

300 3852 393 3905 Sapei,
404 3856 434 3903 ta.

302 3920 333 3959 rt.

301 4037 310 4056 ·
318 4034 403 4077 ridetur

300 5224 383 5312 aaaron.
403 5235 433 5274 ru,

451 3162 507 3223 per
535 3142 638 3204 media
666 3142 820 3203 ordinata.
848 3143 907 3203 Sed
937 3151 969 3205 et
996 3163 1065 3223 quan
1090 3163 1108 3205 a
1132 3144 1195 3205 Deo

450 3248 534 3316 sunt,
551 3239 695 3301 ordinata
717 3247 800 3301 sunt.
817 3241 918 3315 Quum
941 3259 1016 3320 ergo
1032 3240 1195 3320 sapientias

450 3338 568 3401 donum
590 3338 632 3399 sit
655 3346 830 3400 ceterorum
856 3339 1011 3401 donorum
1035 3338 1133 3400 finale
1159 3357 1195 3400 ac

449 3435 718 3518 perfectissimum
747 3445 778 3499 et
806 3455 929 3498 summe
952 3435 1110 3514 divinum,
1137 3437 1196 3498 mi-

451 3554 521 3595 rum
550 3534 677 3597 videtur
704 3535 788 3616 quod
816 3554 905 3597 saera
934 3534 1097 3617 Scriptura
1126 3553 1195 3615 per-

448 3632 538 3694 hibet
565 3633 752 3713 sapientiam
779 3640 841 3694 tam
867 3632 960 3695 facile
983 3652 1020 3695 ac
1050 3640 1195 3714 prompte

449 3750 542 3812 posse
557 3731 693 3793 inveniri
709 3739 740 3793 et
762 3731 895 3813 adipisci
919 3732 1096 3795 aDomino.
1114 3732 1196 3795 Scri-

450 3839 539 3913 ptum
562 3838 610 3891 est
631 3830 717 3892 enim
739 3830 772 3890 in
795 3829 876 3891 libro
898 3830 1066 3911 Sapientiae
1084 3854 1090 3891 :
1107 3830 1196 3892 Clara

449 3938 497 3992 est
512 3937 543 3991 et
565 3948 633 4009 quaa
654 3946 817 4007 nunquam
839 3928 1006 3990 marcescit
1027 3929 1194 4009 sapientia,

449 4037 482 4090 et
507 4027 600 4089 facile
625 4025 808 4087 invenitur¹
832 4026 872 4086 ab
895 4025 946 4086 bis
974 4026 1030 4107 qui
1058 4026 1196 4107 diligunt

450 4144 532 4201 eam,
564 4133 595 4186 et
623 4124 785 4186 invenitur
813 4123 852 4184 ab
881 4123 932 4184 bis
960 4124 1014 4204 qui
1050 4131 1196 4205 quaeruut

1250 3143 1310 3219 tis3
1329 3163 1415 3205 mera
1435 3162 1509 3206 vero
1530 3164 1585 3205 seu
1605 3144 1727 3225 integra
1746 3153 1839 3226 atque
1855 3144 1994 3226 perfecta

1251 3241 1421 3302 inordinati
1452 3260 1507 3303 seu
1532 3242 1647 3323 privati
1673 3244 1790 3305 amoris
1815 3243 1993 3309 exstinctio.

1250 3338 1389 3400 caritatis
1406 3347 1505 3401 exstat
1519 3340 1672 3420 perfectio
1691 3364 1697 3401 :
1715 3340 1761 3402 sic
1777 3340 1885 3420 utique
1906 3360 1996 3402 mun-

1250 3438 1390 3499 danaae
1407 3437 1542 3499 carnalis
1558 3438 1733 3519 sapientiae,
1747 3458 1802 3500 seu
1818 3438 1952 3501 curiosae
1966 3444 1995 3497 et

1251 3556 1339 3599 raum
1361 3536 1512 3614 scientim,
1533 3536 1713 3614 diminutio,
1735 3538 1807 3599 doni
1832 3536 1996 3618 sapientiae

1251 3636 1437 3716 perhibetur
1457 3642 1683 3715 augmentum;
1706 3634 1846 3717 perfecta
1869 3656 1946 3699 vero
1967 3645 1997 3699 et

1252 3734 1373 3815 integra
1389 3734 1460 3796 talis
1477 3734 1597 3797 vitiosa
1610 3734 1773 3815 sapientiae
1788 3743 1881 3815 atque
1898 3736 1997 3797 scien-

1251 3833 1302 3894 tiae
1318 3832 1472 3913 expulsio,
1490 3851 1571 3894 verae
1586 3831 1749 3913 sapientias
1768 3831 1924 3913 perfectio
1940 3833 1997 3894 rite

1252 3938 1408 3992 censetur.
1432 3929 1511 3991 Hinc
1533 3930 1652 4011 quippe
1674 3929 1842 4011 Apostolus
1864 3930 1909 3992 ait
1934 3953 1941 3991 :
1966 3931 1997 3992 Si
2011 3942 2108 3985 llant-

1252 4028 1322 4109 quis
1339 4028 1463 4090 videtur
1484 4027 1566 4089 inter
1587 4047 1643 4090 vos
1665 4028 1792 4110 sapiens
1811 4048 1892 4103 esse,
1912 4029 1998 4090 vide-

1253 4126 1327 4188 licet
1352 4125 1384 4187 in
1409 4125 1509 4188 oculis
1533 4126 1683 4207 pmpriis,
1706 4146 1762 4188 seu
1787 4128 1998 4208 aggregandis

451 4224 559 4300 illam3
589 4230 789 4303 praeoccupat
818 4239 872 4283 eos
900 4221 955 4302 qui
984 4242 1017 4283 se
1047 4223 1343 4303 concupi-Dbonis
1374 4224 1517 4304 terrenis,
1550 4224 1598 4286 vel
1628 4224 1842 4305 adipiscendis
1871 4225 2000 4288 bonori-

452 4330 555 4384 seunt.
586 4322 646 4383 Sed
675 4320 742 4382 baec
772 4320 908 4382 facilitas
937 4320 1120 4383 inveniendi
1150 4342 1197 4383 sa-

450 4420 578 4502 pientiai
612 4421 743 4497 donum,
776 4417 912 4499 intelligi
946 4419 1064 4501 optime
1095 4428 1198 4502 potest

450 4538 489 4581 ex
510 4527 598 4600 parte
619 4518 735 4595 dantiS,
759 4536 823 4581 non
845 4517 1041 4598 recipientis,
1065 4518 1127 4580 nisi
1150 4538 1197 4580 se-

450 4619 590 4680 cundum
605 4617 742 4698 aliquem
765 4617 909 4698 gradum.
926 4616 1007 4677 Deus
1026 4617 1125 4691 enim,
1142 4616 1196 4696 qui

450 4716 614 4797 sapientiae
629 4716 692 4777 dux
711 4724 769 4792 est,
786 4722 940 4795 quantum
961 4714 993 4775 in
1014 4733 1047 4776 se
1068 4724 1126 4791 est,
1144 4733 1198 4795 pa-

451 4815 629 4876 ratissimus
644 4821 691 4875 est
706 4814 793 4875 omni
809 4812 906 4874 ment-i
924 4821 1035 4874 creatae
1046 4812 1195 4875 lucifluos

450 4930 595 4993 supernae
626 4911 788 4991 sapientiai
817 4910 922 4972 radios
947 4911 1193 4987 communicare,

449 5010 716 5092 quemadmodum
741 5008 882 5070 increata
905 5009 1002 5071 Patris
1022 5010 1194 5090 Sapientia,

449 5110 592 5171 Christus
620 5106 806 5189 Unigenitus
839 5107 907 5187 Dei,
938 5108 969 5167 in
1005 5108 1195 5189 Apocalypsi

450 5214 605 5271 testatur:
622 5206 687 5287 Ego
708 5213 757 5268 sto
778 5206 817 5267 ad
839 5206 967 5282 ostium,
985 5214 1016 5267 et
1038 5206 1128 5287 pulso
1144 5229 1151 5283 ;
1169 5206 1195 5267 si

448 5307 520 5388 quis
544 5303 703 5387 aperuerit
726 5302 805 5365 mihi
829 5303 970 5385 januam,
1001 5312 1032 5367 et
1059 5304 1196 5367 audierit

1253 4324 1322 4401 buS,
1340 4324 1454 4385 stultus
1476 4323 1545 4401 fiat,
1563 4322 1594 4384 id
1614 4330 1673 4396 est,
1691 4323 1786 4385 talam
1808 4324 1999 4406 sapientiam

1252 4422 1461 4502 derelinquat,
1492 4429 1522 4484 et
1551 4422 1591 4483 ab
1625 4420 1809 4483 bominibus
1843 4421 1999 4503 vilipendi

1252 4520 1420 4597 desideret,
1439 4529 1472 4581 ut
1487 4520 1527 4581 sit
1543 4520 1681 4601 sapienS,
1701 4518 1731 4579 ld
1753 4527 1812 4596 est,
1834 4527 1869 4580 ut
1890 4540 2000 4581 veram

1252 4618 1439 4699 sapientiam
1463 4637 1575 4698 capere
1599 4626 1630 4679 et
1652 4635 1762 4698 sapere
1784 4625 1889 4697 queat.
1912 4618 2001 4680 Unde

1252 4723 1283 4777 et
1299 4734 1406 4777 rursus
1423 4723 1554 4777 testatur
1566 4738 1572 4775 :
1585 4716 1656 4790 Quae
1672 4714 1769 4777 stulta
1784 4724 1858 4777 sunt
1873 4716 2000 4793 mundi,
2017 4736 2082 4778 inan¹
2093 4730 2107 4771 a

1252 4813 1284 4874 id
1312 4821 1360 4875 est
1388 4831 1442 4875 eos
1467 4830 1546 4894 quos
1570 4814 1707 4874 mundus
1733 4812 1835 4875 fatuos
1862 4824 2000 4896 reputat,

1250 4911 1346 4991 elegit
1375 4912 1468 4989 fleus,
1494 4920 1528 4973 ut
1556 4910 1728 4973 confundat
1757 4911 1929 4991 sapientes.
1960 4914 2002 4974 lle

1251 5008 1367 5071 talibus
1383 5009 1579 5089 sapientibus
1593 5008 1646 5089 qui
1662 5008 1772 5071 divino
1785 5009 1907 5090 judicio
1924 5012 2002 5071 stul-

1250 5108 1273 5169 ti
1299 5107 1466 5187 exsistunt,
1489 5107 1546 5169 tob
1570 5106 1686 5168 fatetur
1708 5130 1715 5168 :
1739 5107 1948 5170 Simulatores
1972 5116 2051 5171 etta
2068 5136 2107 5167 ιιι·

1252 5205 1359 5268 callidi
1375 5212 1549 5288 provocant
1565 5204 1642 5265 iram
1660 5205 1724 5266 Dei.
2018 5196 2045 5233 ¹²·

1291 5304 1401 5367 Adhuc
1423 5312 1539 5382 autem,
1557 5303 1824 5384 quemadmodum
1840 5302 2003 5367 inordina-
