<?xml version="1.0" encoding="UTF-8"?>
<!DOCTYPE html PUBLIC "-//W3C//DTD XHTML 1.0 Transitional//EN"
    "http://www.w3.org/TR/xhtml1/DTD/xhtml1-transitional.dtd">
<html xmlns="http://www.w3.org/1999/xhtml" xml:lang="en" lang="en">
 <head>
  <title>
</title>
<meta http-equiv="Content-Type" content="text/html;charset=utf-8" />
  <meta name='ocr-system' content='tesseract 3.04.00' />
  <meta name='ocr-capabilities' content='ocr_page ocr_carea ocr_par ocr_line ocrx_word'/>
</head>
<body>
  <div class='ocr_page' id='page_1' title='image "./doctorisecstati02unkngoog/doctorisecstati02unkngoog_0118.png"; bbox 0 0 4309 6259; ppageno 0'>
   <div class='ocr_carea' id='block_1_1' title="bbox 427 456 1586 525">
    <p class='ocr_par' dir='ltr' id='par_1_1' title="bbox 427 456 1586 525">
     <span class='ocr_line' id='line_1_1' title="bbox 427 456 1586 525; baseline 0.002 -4"><span class='ocrx_word' id='word_1_1' title='bbox 427 456 484 522; x_wconf 90' lang='lat' dir='ltr'><strong>tto</strong></span> <span class='ocrx_word' id='word_1_2' title='bbox 833 474 989 523; x_wconf 83' lang='lat' dir='ltr'><strong>uxrosrrro</strong></span> <span class='ocrx_word' id='word_1_3' title='bbox 1010 474 1110 522; x_wconf 76' lang='lat' dir='ltr'><strong>nram</strong></span> <span class='ocrx_word' id='word_1_4' title='bbox 1133 481 1140 519; x_wconf 74' lang='grc' dir='ltr'><strong>ε</strong></span> <span class='ocrx_word' id='word_1_5' title='bbox 1163 474 1292 521; x_wconf 77' lang='lat' dir='ltr'><strong>maun</strong></span> <span class='ocrx_word' id='word_1_6' title='bbox 1312 474 1416 525; x_wconf 80' lang='lat' dir='ltr'><strong>amun</strong></span> <span class='ocrx_word' id='word_1_7' title='bbox 1435 476 1586 524; x_wconf 79' lang='lat' dir='ltr'><strong>coxormn</strong></span> 
     </span>
    </p>
   </div>
   <div class='ocr_carea' id='block_1_2' title="bbox 425 643 2146 3677">
    <p class='ocr_par' dir='ltr' id='par_1_2' title="bbox 425 643 2146 3677">
     <span class='ocr_line' id='line_1_2' title="bbox 425 643 1988 726; baseline 0 -20"><span class='ocrx_word' id='word_1_8' title='bbox 425 644 526 707; x_wconf 83' lang='lat' dir='ltr'><strong>tiamf</strong></span> <span class='ocrx_word' id='word_1_9' title='bbox 551 646 665 710; x_wconf 82' lang='lat' dir='ltr'><strong>Noctis</strong></span> <span class='ocrx_word' id='word_1_10' title='bbox 684 647 863 725; x_wconf 74' lang='lat' dir='ltr'><strong>profunde</strong></span> <span class='ocrx_word' id='word_1_11' title='bbox 887 648 1044 723; x_wconf 77' lang='lat' dir='ltr'><strong>percipit,</strong></span> <span class='ocrx_word' id='word_1_12' title='bbox 1069 646 1101 708; x_wconf 95' lang='lat' dir='ltr'><strong>id</strong></span> <span class='ocrx_word' id='word_1_13' title='bbox 1129 653 1178 707; x_wconf 90' lang='lat' dir='ltr'><strong>est</strong></span> <span class='ocrx_word' id='word_1_14' title='bbox 1193 646 1218 707; x_wconf 83' lang='lat' dir='ltr'>A</span> <span class='ocrx_word' id='word_1_15' title='bbox 1234 646 1308 726; x_wconf 88' lang='lat' dir='ltr'><strong>galli</strong></span> <span class='ocrx_word' id='word_1_16' title='bbox 1329 655 1440 709; x_wconf 91' lang='lat' dir='ltr'><strong>cantus</strong></span> <span class='ocrx_word' id='word_1_17' title='bbox 1460 655 1557 710; x_wconf 85' lang='lat' dir='ltr'><strong>nauta</strong></span> <span class='ocrx_word' id='word_1_18' title='bbox 1574 646 1659 708; x_wconf 89' lang='lat' dir='ltr'><strong>vires</strong></span> <span class='ocrx_word' id='word_1_19' title='bbox 1679 645 1810 709; x_wconf 77' lang='lat' dir='ltr'><strong>resumit</strong></span> <span class='ocrx_word' id='word_1_20' title='bbox 1828 654 1862 708; x_wconf 90' lang='lat' dir='ltr'><strong>et</strong></span> <span class='ocrx_word' id='word_1_21' title='bbox 1880 643 1988 707; x_wconf 71' lang='lat' dir='ltr'><strong>laetifi-</strong></span> 
     </span>
     <span class='ocr_line' id='line_1_3' title="bbox 426 743 1983 827; baseline 0 -22"><span class='ocrx_word' id='word_1_22' title='bbox 426 744 562 825; x_wconf 87' lang='lat' dir='ltr'><strong>vigilans</strong></span> <span class='ocrx_word' id='word_1_23' title='bbox 586 754 618 807; x_wconf 92' lang='lat' dir='ltr'><strong>et</strong></span> <span class='ocrx_word' id='word_1_24' title='bbox 642 744 746 809; x_wconf 87' lang='lat' dir='ltr'><strong>alacer</strong></span> <span class='ocrx_word' id='word_1_25' title='bbox 776 747 926 809; x_wconf 87' lang='lat' dir='ltr'><strong>excitator</strong></span> <span class='ocrx_word' id='word_1_26' title='bbox 953 745 1176 808; x_wconf 76' lang='lat' dir='ltr'>dormientium</span> <span class='ocrx_word' id='word_1_27' title='bbox 1235 753 1324 805; x_wconf 90' lang='lat' dir='ltr'><strong>eatur</strong></span> <span class='ocrx_word' id='word_1_28' title='bbox 1346 765 1384 807; x_wconf 86' lang='lat' dir='ltr'><strong>ex</strong></span> <span class='ocrx_word' id='word_1_29' title='bbox 1408 744 1713 827; x_wconf 74' lang='lat' dir='ltr'><strong>appropinquatione</strong></span> <span class='ocrx_word' id='word_1_30' title='bbox 1740 744 1820 805; x_wconf 91' lang='lat' dir='ltr'><strong>lucis</strong></span> <span class='ocrx_word' id='word_1_31' title='bbox 1848 743 1983 818; x_wconf 72' lang='lat' dir='ltr'><strong>diuma,</strong></span> 
     </span>
     <span class='ocr_line' id='line_1_4' title="bbox 426 841 1986 925; baseline 0 -22"><span class='ocrx_word' id='word_1_32' title='bbox 426 841 459 903; x_wconf 92' lang='lat' dir='ltr'><strong>in</strong></span> <span class='ocrx_word' id='word_1_33' title='bbox 484 842 553 923; x_wconf 93' lang='lat' dir='ltr'><strong>ipsa</strong></span> <span class='ocrx_word' id='word_1_34' title='bbox 578 850 671 906; x_wconf 88' lang='lat' dir='ltr'><strong>nocto</strong></span> <span class='ocrx_word' id='word_1_35' title='bbox 696 843 853 923; x_wconf 90' lang='lat' dir='ltr'><strong>profunda</strong></span> <span class='ocrx_word' id='word_1_36' title='bbox 871 868 877 905; x_wconf 95' lang='lat'><strong>:</strong></span> <span class='ocrx_word' id='word_1_37' title='bbox 894 844 978 924; x_wconf 95' lang='lat' dir='ltr'><strong>quod</strong></span> <span class='ocrx_word' id='word_1_38' title='bbox 1004 844 1036 905; x_wconf 92' lang='lat' dir='ltr'><strong>in</strong></span> <span class='ocrx_word' id='word_1_39' title='bbox 1061 862 1178 925; x_wconf 83' lang='lat' dir='ltr'><strong>praece-</strong></span> <span class='ocrx_word' id='word_1_40' title='bbox 1233 850 1265 902; x_wconf 90' lang='lat' dir='ltr'><strong>et</strong></span> <span class='ocrx_word' id='word_1_41' title='bbox 1288 842 1361 923; x_wconf 94' lang='lat' dir='ltr'><strong>quia</strong></span> <span class='ocrx_word' id='word_1_42' title='bbox 1386 843 1526 924; x_wconf 89' lang='lat' dir='ltr'><strong>pericula</strong></span> <span class='ocrx_word' id='word_1_43' title='bbox 1552 842 1647 903; x_wconf 92' lang='lat' dir='ltr'><strong>maris</strong></span> <span class='ocrx_word' id='word_1_44' title='bbox 1676 842 1873 904; x_wconf 90' lang='lat' dir='ltr'><strong>minuuntur.</strong></span> <span class='ocrx_word' id='word_1_45' title='bbox 1895 842 1986 904; x_wconf 90' lang='lat' dir='ltr'><strong>Unda</strong></span> 
     </span>
     <span class='ocr_line' id='line_1_5' title="bbox 427 940 1986 1022; baseline -0.003 -21"><span class='ocrx_word' id='word_1_46' title='bbox 427 940 514 1003; x_wconf 92' lang='lat' dir='ltr'><strong>denti</strong></span> <span class='ocrx_word' id='word_1_47' title='bbox 530 941 648 1022; x_wconf 81' lang='lat' dir='ltr'><strong>hymno</strong></span> <span class='ocrx_word' id='word_1_48' title='bbox 663 961 846 1022; x_wconf 90' lang='lat' dir='ltr'><strong>expressum</strong></span> <span class='ocrx_word' id='word_1_49' title='bbox 862 950 921 1018; x_wconf 89' lang='lat' dir='ltr'><strong>est,</strong></span> <span class='ocrx_word' id='word_1_50' title='bbox 936 960 993 1002; x_wconf 95' lang='lat' dir='ltr'><strong>cur</strong></span> <span class='ocrx_word' id='word_1_51' title='bbox 1008 960 1069 1003; x_wconf 92' lang='lat' dir='ltr'><strong>nox</strong></span> <span class='ocrx_word' id='word_1_52' title='bbox 1086 959 1178 1003; x_wconf 77' lang='lat' dir='ltr'><strong>voce·</strong></span> <span class='ocrx_word' id='word_1_53' title='bbox 1232 940 1435 1021; x_wconf 87' lang='lat' dir='ltr'><strong>subjungitur</strong></span> <span class='ocrx_word' id='word_1_54' title='bbox 1461 965 1467 1002; x_wconf 95' lang='lat'><strong>:</strong></span> <span class='ocrx_word' id='word_1_55' title='bbox 1492 942 1648 1019; x_wconf 82' lang='lat' dir='ltr'><strong>pontique.</strong></span> <span class='ocrx_word' id='word_1_56' title='bbox 1677 941 1851 1000; x_wconf 65' lang='lat' dir='ltr'><strong>enitescunt</strong></span> <span class='ocrx_word' id='word_1_57' title='bbox 1879 943 1986 1017; x_wconf 83' lang='lat' dir='ltr'><strong>freta,</strong></span> 
     </span>
     <span class='ocr_line' id='line_1_6' title="bbox 428 1036 1988 1119; baseline -0.001 -19"><span class='ocrx_word' id='word_1_58' title='bbox 428 1047 479 1100; x_wconf 90' lang='lat' dir='ltr'><strong>tur</strong></span> <span class='ocrx_word' id='word_1_59' title='bbox 506 1038 673 1119; x_wconf 90' lang='lat' dir='ltr'><strong>profunda.</strong></span> <span class='ocrx_word' id='word_1_60' title='bbox 705 1042 878 1102; x_wconf 77' lang='lat' dir='ltr'><strong>Nocturna</strong></span> <span class='ocrx_word' id='word_1_61' title='bbox 907 1044 968 1101; x_wconf 77' lang='lat' dir='ltr'><strong>luc</strong></span> <span class='ocrx_word' id='word_1_62' title='bbox 998 1042 1176 1109; x_wconf 77' lang='lat' dir='ltr'><strong>viantibus,</strong></span> <span class='ocrx_word' id='word_1_63' title='bbox 1233 1036 1263 1099; x_wconf 94' lang='lat' dir='ltr'><strong>id</strong></span> <span class='ocrx_word' id='word_1_64' title='bbox 1283 1047 1342 1115; x_wconf 88' lang='lat' dir='ltr'><strong>est,</strong></span> <span class='ocrx_word' id='word_1_65' title='bbox 1359 1038 1478 1101; x_wconf 90' lang='lat' dir='ltr'><strong>fluctus</strong></span> <span class='ocrx_word' id='word_1_66' title='bbox 1497 1046 1529 1101; x_wconf 93' lang='lat' dir='ltr'><strong>et</strong></span> <span class='ocrx_word' id='word_1_67' title='bbox 1548 1037 1782 1118; x_wconf 80' lang='lat' dir='ltr'><strong>inquietudines</strong></span> <span class='ocrx_word' id='word_1_68' title='bbox 1807 1038 1903 1099; x_wconf 91' lang='lat' dir='ltr'><strong>maris</strong></span> <span class='ocrx_word' id='word_1_69' title='bbox 1927 1037 1988 1099; x_wconf 93' lang='lat' dir='ltr'><strong>ali-</strong></span> 
     </span>
     <span class='ocr_line' id='line_1_7' title="bbox 428 1134 1987 1216; baseline -0.003 -17"><span class='ocrx_word' id='word_1_70' title='bbox 428 1136 459 1199; x_wconf 92' lang='lat' dir='ltr'><strong>id</strong></span> <span class='ocrx_word' id='word_1_71' title='bbox 475 1144 533 1215; x_wconf 86' lang='lat' dir='ltr'><strong>est,</strong></span> <span class='ocrx_word' id='word_1_72' title='bbox 553 1136 706 1200; x_wconf 91' lang='lat' dir='ltr'><strong>luminare</strong></span> <span class='ocrx_word' id='word_1_73' title='bbox 721 1146 924 1213; x_wconf 90' lang='lat' dir='ltr'><strong>nocturnum,</strong></span> <span class='ocrx_word' id='word_1_74' title='bbox 940 1136 1086 1199; x_wconf 87' lang='lat' dir='ltr'><strong>videlicet</strong></span> <span class='ocrx_word' id='word_1_75' title='bbox 1102 1136 1177 1198; x_wconf 94' lang='lat' dir='ltr'><strong>luna</strong></span> <span class='ocrx_word' id='word_1_76' title='bbox 1232 1144 1385 1215; x_wconf 91' lang='lat' dir='ltr'><strong>quantum</strong></span> <span class='ocrx_word' id='word_1_77' title='bbox 1402 1137 1561 1212; x_wconf 85' lang='lat' dir='ltr'><strong>sedantur,</strong></span> <span class='ocrx_word' id='word_1_78' title='bbox 1569 1144 1622 1198; x_wconf 90' lang='lat' dir='ltr'><strong>aut</strong></span> <span class='ocrx_word' id='word_1_79' title='bbox 1638 1135 1764 1216; x_wconf 87' lang='lat' dir='ltr'><strong>penitus</strong></span> <span class='ocrx_word' id='word_1_80' title='bbox 1779 1134 1987 1216; x_wconf 90' lang='lat' dir='ltr'><strong>tranquillan-</strong></span> 
     </span>
     <span class='ocr_line' id='line_1_8' title="bbox 429 1232 1985 1316; baseline -0.001 -19"><span class='ocrx_word' id='word_1_81' title='bbox 429 1254 484 1297; x_wconf 90' lang='lat' dir='ltr'><strong>seu</strong></span> <span class='ocrx_word' id='word_1_82' title='bbox 500 1235 591 1297; x_wconf 88' lang='lat' dir='ltr'><strong>stella</strong></span> <span class='ocrx_word' id='word_1_83' title='bbox 607 1234 770 1312; x_wconf 89' lang='lat' dir='ltr'><strong>matutina,</strong></span> <span class='ocrx_word' id='word_1_84' title='bbox 789 1234 912 1315; x_wconf 89' lang='lat' dir='ltr'><strong>supple,</strong></span> <span class='ocrx_word' id='word_1_85' title='bbox 928 1233 994 1316; x_wconf 89' lang='lat' dir='ltr'><strong>jam</strong></span> <span class='ocrx_word' id='word_1_86' title='bbox 1015 1233 1177 1313; x_wconf 82' lang='lat' dir='ltr'><strong>refulgens</strong></span> <span class='ocrx_word' id='word_1_87' title='bbox 1235 1241 1295 1309; x_wconf 90' lang='lat' dir='ltr'><strong>tur,</strong></span> <span class='ocrx_word' id='word_1_88' title='bbox 1320 1233 1386 1297; x_wconf 92' lang='lat' dir='ltr'><strong>sole</strong></span> <span class='ocrx_word' id='word_1_89' title='bbox 1405 1234 1470 1295; x_wconf 92' lang='lat' dir='ltr'><strong>suis</strong></span> <span class='ocrx_word' id='word_1_90' title='bbox 1491 1234 1585 1296; x_wconf 90' lang='lat' dir='ltr'><strong>radiis</strong></span> <span class='ocrx_word' id='word_1_91' title='bbox 1609 1232 1810 1315; x_wconf 81' lang='lat' dir='ltr'><strong>dispergente</strong></span> <span class='ocrx_word' id='word_1_92' title='bbox 1836 1233 1985 1296; x_wconf 84' lang='lat' dir='ltr'><strong>materias</strong></span> 
     </span>
     <span class='ocr_line' id='line_1_9' title="bbox 428 1331 1986 1415; baseline -0.002 -20"><span class='ocrx_word' id='word_1_93' title='bbox 428 1341 459 1395; x_wconf 91' lang='lat' dir='ltr'><strong>ot</strong></span> <span class='ocrx_word' id='word_1_94' title='bbox 474 1352 642 1415; x_wconf 90' lang='lat' dir='ltr'><strong>apparens,</strong></span> <span class='ocrx_word' id='word_1_95' title='bbox 660 1354 676 1391; x_wconf 82' lang='lat' dir='ltr'><strong>&lt;r</strong></span> <span class='ocrx_word' id='word_1_96' title='bbox 694 1332 852 1395; x_wconf 82' lang='lat' dir='ltr'><strong>viantibus</strong></span> <span class='ocrx_word' id='word_1_97' title='bbox 870 1356 897 1411; x_wconf 77' lang='lat' dir='ltr'><strong>a,</strong></span> <span class='ocrx_word' id='word_1_98' title='bbox 916 1333 946 1395; x_wconf 93' lang='lat' dir='ltr'><strong>id</strong></span> <span class='ocrx_word' id='word_1_99' title='bbox 962 1341 1020 1406; x_wconf 83' lang='lat' dir='ltr'><strong>est,</strong></span> <span class='ocrx_word' id='word_1_100' title='bbox 1035 1332 1066 1393; x_wconf 95' lang='lat' dir='ltr'><strong>in</strong></span> <span class='ocrx_word' id='word_1_101' title='bbox 1084 1340 1176 1394; x_wconf 89' lang='lat' dir='ltr'><strong>nocte</strong></span> <span class='ocrx_word' id='word_1_102' title='bbox 1234 1331 1557 1412; x_wconf 84' lang='lat' dir='ltr'><strong>tempestatnm,r.1tin</strong></span> <span class='ocrx_word' id='word_1_103' title='bbox 1575 1331 1654 1394; x_wconf 91' lang='lat' dir='ltr'><strong>libro</strong></span> <span class='ocrx_word' id='word_1_104' title='bbox 1668 1332 1876 1393; x_wconf 87' lang='lat' dir='ltr'><strong>Meteororum</strong></span> <span class='ocrx_word' id='word_1_105' title='bbox 1892 1350 1986 1413; x_wconf 83' lang='lat' dir='ltr'><strong>expo</strong></span> 
     </span>
     <span class='ocr_line' id='line_1_10' title="bbox 427 1429 1329 1513; baseline -0.002 -20"><span class='ocrx_word' id='word_1_106' title='bbox 427 1432 487 1494; x_wconf 91' lang='lat' dir='ltr'><strong>iter</strong></span> <span class='ocrx_word' id='word_1_107' title='bbox 506 1431 681 1513; x_wconf 84' lang='lat' dir='ltr'><strong>agentibus,</strong></span> <span class='ocrx_word' id='word_1_108' title='bbox 699 1452 719 1493; x_wconf 88' lang='lat' dir='ltr'><strong>a</strong></span> <span class='ocrx_word' id='word_1_109' title='bbox 739 1442 829 1493; x_wconf 83' lang='lat' dir='ltr'><strong>nocte</strong></span> <span class='ocrx_word' id='word_1_110' title='bbox 849 1441 971 1491; x_wconf 81' lang='lat' dir='ltr'><strong>noctem</strong></span> <span class='ocrx_word' id='word_1_111' title='bbox 992 1450 1176 1508; x_wconf 74' lang='lat' dir='ltr'><strong>seprepcus,</strong></span> <span class='ocrx_word' id='word_1_112' title='bbox 1233 1429 1329 1491; x_wconf 89' lang='lat' dir='ltr'><strong>nitur.</strong></span> 
     </span>
     <span class='ocr_line' id='line_1_11' title="bbox 427 1528 1985 1609; baseline -0.001 -17"><span class='ocrx_word' id='word_1_113' title='bbox 427 1530 457 1592; x_wconf 93' lang='lat' dir='ltr'><strong>id</strong></span> <span class='ocrx_word' id='word_1_114' title='bbox 474 1540 636 1607; x_wconf 67' lang='lat' dir='ltr'><strong>estunam</strong></span> <span class='ocrx_word' id='word_1_115' title='bbox 652 1539 779 1593; x_wconf 91' lang='lat' dir='ltr'><strong>noctem</strong></span> <span class='ocrx_word' id='word_1_116' title='bbox 794 1530 835 1592; x_wconf 92' lang='lat' dir='ltr'><strong>ab</strong></span> <span class='ocrx_word' id='word_1_117' title='bbox 848 1530 909 1591; x_wconf 88' lang='lat' dir='ltr'><strong>alia</strong></span> <span class='ocrx_word' id='word_1_118' title='bbox 924 1528 1057 1591; x_wconf 89' lang='lat' dir='ltr'><strong>divisam</strong></span> <span class='ocrx_word' id='word_1_119' title='bbox 1073 1537 1178 1590; x_wconf 89' lang='lat' dir='ltr'><strong>osten·</strong></span> <span class='ocrx_word' id='word_1_120' title='bbox 1273 1532 1342 1590; x_wconf 92' lang='lat' dir='ltr'><strong>Hoc</strong></span> <span class='ocrx_word' id='word_1_121' title='bbox 1356 1528 1440 1609; x_wconf 92' lang='lat' dir='ltr'><strong>gallo</strong></span> <span class='ocrx_word' id='word_1_122' title='bbox 1454 1538 1602 1600; x_wconf 79' lang='lat' dir='ltr'><strong>canente,</strong></span> <span class='ocrx_word' id='word_1_123' title='bbox 1613 1531 1684 1605; x_wconf 83' lang='lat' dir='ltr'><strong>ipsa</strong></span> <span class='ocrx_word' id='word_1_124' title='bbox 1699 1532 1803 1591; x_wconf 87' lang='lat' dir='ltr'><strong>Petra</strong></span> <span class='ocrx_word' id='word_1_125' title='bbox 1818 1531 1985 1599; x_wconf 79' lang='lat' dir='ltr'><strong>Ecclesioe,</strong></span> 
     </span>
     <span class='ocr_line' id='line_1_12' title="bbox 428 1626 1983 1710; baseline -0.001 -19"><span class='ocrx_word' id='word_1_126' title='bbox 428 1630 518 1707; x_wconf 87' lang='lat' dir='ltr'><strong>dens,</strong></span> <span class='ocrx_word' id='word_1_127' title='bbox 550 1628 699 1692; x_wconf 90' lang='lat' dir='ltr'><strong>radiando</strong></span> <span class='ocrx_word' id='word_1_128' title='bbox 735 1628 817 1691; x_wconf 85' lang='lat' dir='ltr'><strong>inter</strong></span> <span class='ocrx_word' id='word_1_129' title='bbox 850 1636 975 1689; x_wconf 89' lang='lat' dir='ltr'><strong>noctem</strong></span> <span class='ocrx_word' id='word_1_130' title='bbox 1011 1646 1107 1688; x_wconf 93' lang='lat' dir='ltr'><strong>unam</strong></span> <span class='ocrx_word' id='word_1_131' title='bbox 1141 1646 1177 1688; x_wconf 91' lang='lat' dir='ltr'><strong>ac</strong></span> <span class='ocrx_word' id='word_1_132' title='bbox 1234 1626 1263 1687; x_wconf 92' lang='lat' dir='ltr'><strong>id</strong></span> <span class='ocrx_word' id='word_1_133' title='bbox 1289 1634 1337 1688; x_wconf 92' lang='lat' dir='ltr'><strong>est</strong></span> <span class='ocrx_word' id='word_1_134' title='bbox 1360 1626 1479 1707; x_wconf 88' lang='lat' dir='ltr'><strong>Petrus,</strong></span> <span class='ocrx_word' id='word_1_135' title='bbox 1505 1636 1577 1709; x_wconf 92' lang='lat' dir='ltr'><strong>post</strong></span> <span class='ocrx_word' id='word_1_136' title='bbox 1599 1626 1758 1689; x_wconf 87' lang='lat' dir='ltr'><strong>Christum</strong></span> <span class='ocrx_word' id='word_1_137' title='bbox 1784 1627 1983 1710; x_wconf 72' lang='lat' dir='ltr'><strong>precipuum</strong></span> 
     </span>
     <span class='ocr_line' id='line_1_13' title="bbox 428 1724 1982 1809; baseline 0.001 -20"><span class='ocrx_word' id='word_1_138' title='bbox 428 1727 521 1790; x_wconf 91' lang='lat' dir='ltr'><strong>aliam</strong></span> <span class='ocrx_word' id='word_1_139' title='bbox 540 1750 547 1788; x_wconf 76' lang='grc' dir='ltr'><em>ι</em></span> <span class='ocrx_word' id='word_1_140' title='bbox 563 1727 648 1809; x_wconf 94' lang='lat' dir='ltr'><strong>quod</strong></span> <span class='ocrx_word' id='word_1_141' title='bbox 665 1726 711 1789; x_wconf 91' lang='lat' dir='ltr'><strong>sol</strong></span> <span class='ocrx_word' id='word_1_142' title='bbox 733 1746 789 1789; x_wconf 93' lang='lat' dir='ltr'><strong>sno</strong></span> <span class='ocrx_word' id='word_1_143' title='bbox 805 1734 877 1790; x_wconf 92' lang='lat' dir='ltr'><strong>ortu</strong></span> <span class='ocrx_word' id='word_1_144' title='bbox 896 1734 929 1787; x_wconf 90' lang='lat' dir='ltr'><strong>ot</strong></span> <span class='ocrx_word' id='word_1_145' title='bbox 947 1745 1043 1787; x_wconf 91' lang='lat' dir='ltr'><strong>cursu</strong></span> <span class='ocrx_word' id='word_1_146' title='bbox 1063 1725 1179 1807; x_wconf 89' lang='lat' dir='ltr'><strong>princi·</strong></span> <span class='ocrx_word' id='word_1_147' title='bbox 1234 1724 1382 1787; x_wconf 75' lang='lat' dir='ltr'><strong>Ecclesia</strong></span> <span class='ocrx_word' id='word_1_148' title='bbox 1398 1724 1636 1787; x_wconf 78' lang='lat' dir='ltr'><strong>firmamentum</strong></span> <span class='ocrx_word' id='word_1_149' title='bbox 1652 1745 1688 1787; x_wconf 90' lang='lat' dir='ltr'><strong>aa</strong></span> <span class='ocrx_word' id='word_1_150' title='bbox 1705 1725 1802 1788; x_wconf 93' lang='lat' dir='ltr'><strong>robur</strong></span> <span class='ocrx_word' id='word_1_151' title='bbox 1824 1725 1982 1809; x_wconf 77' lang='lat' dir='ltr'><strong>fidelium,</strong></span> 
     </span>
     <span class='ocr_line' id='line_1_14' title="bbox 429 1823 1984 1909; baseline 0.001 -22"><span class='ocrx_word' id='word_1_152' title='bbox 429 1825 530 1909; x_wconf 88' lang='lat' dir='ltr'><strong>pallus</strong></span> <span class='ocrx_word' id='word_1_153' title='bbox 545 1825 609 1906; x_wconf 88' lang='lat' dir='ltr'><strong>agit</strong></span> <span class='ocrx_word' id='word_1_154' title='bbox 623 1844 719 1906; x_wconf 91' lang='lat' dir='ltr'><strong>quam</strong></span> <span class='ocrx_word' id='word_1_155' title='bbox 735 1824 788 1886; x_wconf 92' lang='lat' dir='ltr'><strong>lux</strong></span> <span class='ocrx_word' id='word_1_156' title='bbox 804 1824 857 1886; x_wconf 93' lang='lat' dir='ltr'><strong>illa</strong></span> <span class='ocrx_word' id='word_1_157' title='bbox 878 1831 1044 1900; x_wconf 86' lang='lat' dir='ltr'><strong>nocturna,</strong></span> <span class='ocrx_word' id='word_1_158' title='bbox 1062 1823 1216 1887; x_wconf 84' lang='lat' dir='ltr'><strong>lustru-B</strong></span> <span class='ocrx_word' id='word_1_159' title='bbox 1235 1831 1269 1884; x_wconf 89' lang='lat' dir='ltr'><strong>ut</strong></span> <span class='ocrx_word' id='word_1_160' title='bbox 1288 1823 1331 1885; x_wconf 89' lang='lat' dir='ltr'><strong>ait</strong></span> <span class='ocrx_word' id='word_1_161' title='bbox 1346 1823 1548 1905; x_wconf 88' lang='lat' dir='ltr'><strong>Theophilus.</strong></span> <span class='ocrx_word' id='word_1_162' title='bbox 1565 1824 1685 1888; x_wconf 91' lang='lat' dir='ltr'><strong>ldcirco</strong></span> <span class='ocrx_word' id='word_1_163' title='bbox 1706 1824 1915 1905; x_wconf 80' lang='lat' dir='ltr'><strong>hieronymus</strong></span> <span class='ocrx_word' id='word_1_164' title='bbox 1929 1847 1984 1889; x_wconf 86' lang='lat' dir='ltr'><strong>ex-</strong></span> 
     </span>
     <span class='ocr_line' id='line_1_15' title="bbox 429 1920 2129 2003; baseline 0.005 -19"><span class='ocrx_word' id='word_1_165' title='bbox 429 1922 609 1985; x_wconf 88' lang='lat' dir='ltr'><strong>mentaliter</strong></span> <span class='ocrx_word' id='word_1_166' title='bbox 623 1930 728 1985; x_wconf 79' lang='lat' dir='ltr'><strong>tammr</strong></span> <span class='ocrx_word' id='word_1_167' title='bbox 745 1929 892 2002; x_wconf 88' lang='lat' dir='ltr'><strong>respectu</strong></span> <span class='ocrx_word' id='word_1_168' title='bbox 907 1920 1061 1983; x_wconf 85' lang='lat' dir='ltr'><strong>Creatoris</strong></span> <span class='ocrx_word' id='word_1_169' title='bbox 1072 1920 1179 1983; x_wconf 93' lang='lat' dir='ltr'><strong>omnia</strong></span> <span class='ocrx_word' id='word_1_170' title='bbox 1235 1940 1357 2002; x_wconf 91' lang='lat' dir='ltr'><strong>ponens</strong></span> <span class='ocrx_word' id='word_1_171' title='bbox 1379 1921 1456 1983; x_wconf 94' lang='lat' dir='ltr'><strong>illud</strong></span> <span class='ocrx_word' id='word_1_172' title='bbox 1472 1922 1616 2000; x_wconf 67' lang='lat' dir='ltr'><strong>Matthaei,</strong></span> <span class='ocrx_word' id='word_1_173' title='bbox 1634 1923 1679 1984; x_wconf 82' lang='lat' dir='ltr'><strong>Tu</strong></span> <span class='ocrx_word' id='word_1_174' title='bbox 1694 1942 1728 1985; x_wconf 93' lang='lat' dir='ltr'><strong>es</strong></span> <span class='ocrx_word' id='word_1_175' title='bbox 1743 1923 1862 2003; x_wconf 88' lang='lat' dir='ltr'><strong>Petrus,</strong></span> <span class='ocrx_word' id='word_1_176' title='bbox 1880 1934 1911 1987; x_wconf 92' lang='lat' dir='ltr'><strong>et</strong></span> <span class='ocrx_word' id='word_1_177' title='bbox 1931 1946 1985 1987; x_wconf 94' lang='lat' dir='ltr'><strong>su·</strong></span> <span class='ocrx_word' id='word_1_178' title='bbox 1998 1948 2129 1993; x_wconf 67' lang='lat' dir='ltr'><strong>uaccam</strong></span> 
     </span>
     <span class='ocr_line' id='line_1_16' title="bbox 431 2014 2035 2102; baseline 0.003 -20"><span class='ocrx_word' id='word_1_179' title='bbox 431 2020 648 2102; x_wconf 89' lang='lat' dir='ltr'><strong>principaliter</strong></span> <span class='ocrx_word' id='word_1_180' title='bbox 671 2019 843 2083; x_wconf 80' lang='lat' dir='ltr'><strong>efficientis</strong></span> <span class='ocrx_word' id='word_1_181' title='bbox 869 2028 901 2082; x_wconf 91' lang='lat' dir='ltr'><strong>et</strong></span> <span class='ocrx_word' id='word_1_182' title='bbox 920 2038 977 2100; x_wconf 92' lang='lat' dir='ltr'><strong>per</strong></span> <span class='ocrx_word' id='word_1_183' title='bbox 997 2038 1108 2081; x_wconf 85' lang='lat' dir='ltr'><strong>causas</strong></span> <span class='ocrx_word' id='word_1_184' title='bbox 1132 2038 1180 2081; x_wconf 93' lang='lat' dir='ltr'><strong>se·</strong></span> <span class='ocrx_word' id='word_1_185' title='bbox 1235 2040 1293 2102; x_wconf 89' lang='lat' dir='ltr'><strong>per</strong></span> <span class='ocrx_word' id='word_1_186' title='bbox 1328 2021 1409 2083; x_wconf 92' lang='lat' dir='ltr'><strong>hanc</strong></span> <span class='ocrx_word' id='word_1_187' title='bbox 1446 2029 1567 2102; x_wconf 89' lang='lat' dir='ltr'><strong>petram</strong></span> <span class='ocrx_word' id='word_1_188' title='bbox 1603 2021 1770 2084; x_wconf 72' lang='lat' dir='ltr'><strong>edificabo</strong></span> <span class='ocrx_word' id='word_1_189' title='bbox 1806 2021 1984 2087; x_wconf 82' lang='lat' dir='ltr'><strong>Ecclesiam</strong></span> <span class='ocrx_word' id='word_1_190' title='bbox 2000 2014 2035 2054; x_wconf 79' lang='lat'><strong>¹⁸·</strong></span> 
     </span>
     <span class='ocr_line' id='line_1_17' title="bbox 431 2118 1982 2203; baseline 0.003 -22"><span class='ocrx_word' id='word_1_191' title='bbox 431 2120 550 2181; x_wconf 91' lang='lat' dir='ltr'><strong>cundas</strong></span> <span class='ocrx_word' id='word_1_192' title='bbox 573 2119 710 2200; x_wconf 92' lang='lat' dir='ltr'><strong>plurima</strong></span> <span class='ocrx_word' id='word_1_193' title='bbox 731 2118 942 2200; x_wconf 89' lang='lat' dir='ltr'><strong>exsequentis.</strong></span> <span class='ocrx_word' id='word_1_194' title='bbox 1235 2138 1352 2197; x_wconf 84' lang='lat' dir='ltr'><strong>meam,</strong></span> <span class='ocrx_word' id='word_1_195' title='bbox 1381 2119 1531 2182; x_wconf 90' lang='lat' dir='ltr'><strong>disseruit</strong></span> <span class='ocrx_word' id='word_1_196' title='bbox 1562 2143 1568 2181; x_wconf 95' lang='lat'><strong>:</strong></span> <span class='ocrx_word' id='word_1_197' title='bbox 1601 2120 1702 2200; x_wconf 90' lang='lat' dir='ltr'><strong>Super</strong></span> <span class='ocrx_word' id='word_1_198' title='bbox 1734 2119 1817 2182; x_wconf 88' lang='lat' dir='ltr'><strong>hanc</strong></span> <span class='ocrx_word' id='word_1_199' title='bbox 1845 2131 1982 2203; x_wconf 90' lang='lat' dir='ltr'><strong>petram,</strong></span> 
     </span>
     <span class='ocr_line' id='line_1_18' title="bbox 470 2218 1984 2300; baseline 0.003 -21"><span class='ocrx_word' id='word_1_200' title='bbox 470 2222 538 2279; x_wconf 87' lang='lat' dir='ltr'><strong>Hoc</strong></span> <span class='ocrx_word' id='word_1_201' title='bbox 572 2220 745 2287; x_wconf 79' lang='lat' dir='ltr'><strong>eucitatus,</strong></span> <span class='ocrx_word' id='word_1_202' title='bbox 773 2219 912 2294; x_wconf 82' lang='lat' dir='ltr'><strong>Lucifer</strong></span> <span class='ocrx_word' id='word_1_203' title='bbox 939 2218 1035 2276; x_wconf 83' lang='lat' dir='ltr'><strong>solvit</strong></span> <span class='ocrx_word' id='word_1_204' title='bbox 1066 2219 1179 2292; x_wconf 83' lang='lat' dir='ltr'><strong>polum</strong></span> <span class='ocrx_word' id='word_1_205' title='bbox 1236 2218 1267 2279; x_wconf 95' lang='lat' dir='ltr'><strong>id</strong></span> <span class='ocrx_word' id='word_1_206' title='bbox 1283 2225 1331 2279; x_wconf 91' lang='lat' dir='ltr'><strong>est</strong></span> <span class='ocrx_word' id='word_1_207' title='bbox 1346 2236 1442 2297; x_wconf 88' lang='lat' dir='ltr'><strong>super</strong></span> <span class='ocrx_word' id='word_1_208' title='bbox 1457 2226 1498 2280; x_wconf 91' lang='lat' dir='ltr'><strong>te.</strong></span> <span class='ocrx_word' id='word_1_209' title='bbox 1512 2218 1738 2280; x_wconf 85' lang='lat' dir='ltr'><strong>Verumtamen</strong></span> <span class='ocrx_word' id='word_1_210' title='bbox 1753 2218 1836 2281; x_wconf 90' lang='lat' dir='ltr'><strong>istud</strong></span> <span class='ocrx_word' id='word_1_211' title='bbox 1853 2221 1984 2300; x_wconf 87' lang='lat' dir='ltr'><strong>quidam</strong></span> 
     </span>
     <span class='ocr_line' id='line_1_19' title="bbox 430 2311 1985 2397; baseline 0.003 -21"><span class='ocrx_word' id='word_1_212' title='bbox 430 2319 573 2393; x_wconf 71' lang='lat' dir='ltr'><strong>caligine</strong></span> <span class='ocrx_word' id='word_1_213' title='bbox 584 2315 664 2379; x_wconf 93' lang='lat' dir='ltr'><strong>:hoc</strong></span> <span class='ocrx_word' id='word_1_214' title='bbox 681 2324 739 2394; x_wconf 89' lang='lat' dir='ltr'><strong>est,</strong></span> <span class='ocrx_word' id='word_1_215' title='bbox 757 2337 773 2373; x_wconf 82' lang='lat' dir='ltr'><strong>u</strong></span> <span class='ocrx_word' id='word_1_216' title='bbox 789 2314 916 2377; x_wconf 90' lang='lat' dir='ltr'><strong>Lucifer</strong></span> <span class='ocrx_word' id='word_1_217' title='bbox 932 2336 960 2391; x_wconf 79' lang='lat' dir='ltr'><strong>a,</strong></span> <span class='ocrx_word' id='word_1_218' title='bbox 978 2313 1009 2375; x_wconf 95' lang='lat' dir='ltr'><strong>id</strong></span> <span class='ocrx_word' id='word_1_219' title='bbox 1025 2321 1073 2375; x_wconf 88' lang='lat' dir='ltr'><strong>est</strong></span> <span class='ocrx_word' id='word_1_220' title='bbox 1089 2311 1179 2374; x_wconf 90' lang='lat' dir='ltr'><strong>stella</strong></span> <span class='ocrx_word' id='word_1_221' title='bbox 1236 2314 1428 2377; x_wconf 86' lang='lat' dir='ltr'><strong>contentioni</strong></span> <span class='ocrx_word' id='word_1_222' title='bbox 1443 2314 1672 2393; x_wconf 88' lang='lat' dir='ltr'><strong>deservientes,</strong></span> <span class='ocrx_word' id='word_1_223' title='bbox 1688 2316 1909 2397; x_wconf 72' lang='lat' dir='ltr'><strong>equanimiter</strong></span> <span class='ocrx_word' id='word_1_224' title='bbox 1928 2338 1985 2380; x_wconf 90' lang='lat' dir='ltr'><strong>an-</strong></span> 
     </span>
     <span class='ocr_line' id='line_1_20' title="bbox 430 2411 1985 2497; baseline 0.001 -20"><span class='ocrx_word' id='word_1_225' title='bbox 430 2414 585 2477; x_wconf 89' lang='lat' dir='ltr'><strong>matutina</strong></span> <span class='ocrx_word' id='word_1_226' title='bbox 605 2414 728 2478; x_wconf 88' lang='lat' dir='ltr'><strong>radiosa</strong></span> <span class='ocrx_word' id='word_1_227' title='bbox 747 2423 778 2476; x_wconf 88' lang='lat' dir='ltr'><strong>et</strong></span> <span class='ocrx_word' id='word_1_228' title='bbox 794 2433 883 2475; x_wconf 89' lang='lat' dir='ltr'><strong>suam</strong></span> <span class='ocrx_word' id='word_1_229' title='bbox 904 2432 1012 2476; x_wconf 91' lang='lat' dir='ltr'><strong>secum</strong></span> <span class='ocrx_word' id='word_1_230' title='bbox 1032 2411 1179 2475; x_wconf 91' lang='lat' dir='ltr'><strong>deferens</strong></span> <span class='ocrx_word' id='word_1_231' title='bbox 1235 2412 1303 2475; x_wconf 91' lang='lat' dir='ltr'><strong>dire</strong></span> <span class='ocrx_word' id='word_1_232' title='bbox 1317 2432 1379 2475; x_wconf 93' lang='lat' dir='ltr'><strong>non</strong></span> <span class='ocrx_word' id='word_1_233' title='bbox 1397 2421 1528 2493; x_wconf 90' lang='lat' dir='ltr'><strong>queunt,</strong></span> <span class='ocrx_word' id='word_1_234' title='bbox 1540 2413 1681 2475; x_wconf 91' lang='lat' dir='ltr'><strong>dicentes</strong></span> <span class='ocrx_word' id='word_1_235' title='bbox 1697 2413 1871 2476; x_wconf 81' lang='lat' dir='ltr'><strong>Ecclesiam</strong></span> <span class='ocrx_word' id='word_1_236' title='bbox 1887 2435 1985 2497; x_wconf 90' lang='lat' dir='ltr'><strong>snper</strong></span> 
     </span>
     <span class='ocr_line' id='line_1_21' title="bbox 431 2510 1984 2592; baseline 0.001 -17"><span class='ocrx_word' id='word_1_237' title='bbox 431 2513 581 2591; x_wconf 72' lang='lat' dir='ltr'><strong>lucem«</strong></span> <span class='ocrx_word' id='word_1_238' title='bbox 604 2513 756 2576; x_wconf 88' lang='lat' dir='ltr'><strong>excitatus</strong></span> <span class='ocrx_word' id='word_1_239' title='bbox 779 2536 807 2591; x_wconf 90' lang='lat'><strong>»,</strong></span> <span class='ocrx_word' id='word_1_240' title='bbox 825 2512 855 2573; x_wconf 94' lang='lat' dir='ltr'><strong>id</strong></span> <span class='ocrx_word' id='word_1_241' title='bbox 882 2520 929 2574; x_wconf 88' lang='lat' dir='ltr'><strong>est</strong></span> <span class='ocrx_word' id='word_1_242' title='bbox 952 2512 984 2573; x_wconf 94' lang='lat' dir='ltr'><strong>in</strong></span> <span class='ocrx_word' id='word_1_243' title='bbox 1009 2520 1097 2574; x_wconf 89' lang='lat' dir='ltr'><strong>motu</strong></span> <span class='ocrx_word' id='word_1_244' title='bbox 1123 2528 1179 2572; x_wconf 94' lang='lat' dir='ltr'><strong>sno</strong></span> <span class='ocrx_word' id='word_1_245' title='bbox 1236 2529 1350 2592; x_wconf 91' lang='lat' dir='ltr'><strong>purum</strong></span> <span class='ocrx_word' id='word_1_246' title='bbox 1372 2510 1533 2573; x_wconf 91' lang='lat' dir='ltr'><strong>hominem</strong></span> <span class='ocrx_word' id='word_1_247' title='bbox 1554 2530 1619 2574; x_wconf 91' lang='lat' dir='ltr'><strong>non</strong></span> <span class='ocrx_word' id='word_1_248' title='bbox 1641 2531 1711 2575; x_wconf 90' lang='lat' dir='ltr'><strong>esse</strong></span> <span class='ocrx_word' id='word_1_249' title='bbox 1733 2511 1909 2591; x_wconf 83' lang='lat' dir='ltr'><strong>fundatam,</strong></span> <span class='ocrx_word' id='word_1_250' title='bbox 1926 2516 1984 2577; x_wconf 87' lang='lat' dir='ltr'><strong>sed</strong></span> 
     </span>
     <span class='ocr_line' id='line_1_22' title="bbox 431 2609 1984 2694; baseline 0 -20"><span class='ocrx_word' id='word_1_251' title='bbox 431 2630 618 2694; x_wconf 88' lang='lat' dir='ltr'><strong>progressus</strong></span> <span class='ocrx_word' id='word_1_252' title='bbox 633 2630 733 2693; x_wconf 90' lang='lat' dir='ltr'><strong>usque</strong></span> <span class='ocrx_word' id='word_1_253' title='bbox 750 2612 788 2673; x_wconf 91' lang='lat' dir='ltr'><strong>ad</strong></span> <span class='ocrx_word' id='word_1_254' title='bbox 810 2610 857 2672; x_wconf 95' lang='lat' dir='ltr'><strong>sui</strong></span> <span class='ocrx_word' id='word_1_255' title='bbox 878 2609 1108 2691; x_wconf 87' lang='lat' dir='ltr'><strong>apparitionem</strong></span> <span class='ocrx_word' id='word_1_256' title='bbox 1129 2628 1180 2669; x_wconf 93' lang='lat' dir='ltr'><strong>su·</strong></span> <span class='ocrx_word' id='word_1_257' title='bbox 1235 2609 1415 2671; x_wconf 88' lang='lat' dir='ltr'><strong>immediate</strong></span> <span class='ocrx_word' id='word_1_258' title='bbox 1436 2629 1473 2671; x_wconf 86' lang='lat' dir='ltr'><strong>ac</strong></span> <span class='ocrx_word' id='word_1_259' title='bbox 1493 2610 1596 2672; x_wconf 94' lang='lat' dir='ltr'><strong>solum</strong></span> <span class='ocrx_word' id='word_1_260' title='bbox 1616 2630 1713 2692; x_wconf 92' lang='lat' dir='ltr'><strong>super</strong></span> <span class='ocrx_word' id='word_1_261' title='bbox 1731 2610 1842 2673; x_wconf 84' lang='lat' dir='ltr'><strong>[lauru.</strong></span> <span class='ocrx_word' id='word_1_262' title='bbox 1863 2612 1984 2688; x_wconf 83' lang='lat' dir='ltr'><strong>Quibus</strong></span> 
     </span>
     <span class='ocr_line' id='line_1_23' title="bbox 429 2706 1984 2793; baseline 0 -21"><span class='ocrx_word' id='word_1_263' title='bbox 429 2730 487 2793; x_wconf 92' lang='lat' dir='ltr'><strong>per</strong></span> <span class='ocrx_word' id='word_1_264' title='bbox 502 2719 628 2787; x_wconf 90' lang='lat' dir='ltr'><strong>terram,</strong></span> <span class='ocrx_word' id='word_1_265' title='bbox 647 2709 766 2772; x_wconf 77' lang='lat' dir='ltr'><strong>&lt;rhoea</strong></span> <span class='ocrx_word' id='word_1_266' title='bbox 782 2712 903 2790; x_wconf 79' lang='lat' dir='ltr'><strong>(utpote</strong></span> <span class='ocrx_word' id='word_1_267' title='bbox 919 2707 1016 2789; x_wconf 81' lang='lat' dir='ltr'><strong>gallo)</strong></span> <span class='ocrx_word' id='word_1_268' title='bbox 1033 2716 1177 2784; x_wconf 88' lang='lat' dir='ltr'><strong>canente,</strong></span> <span class='ocrx_word' id='word_1_269' title='bbox 1235 2706 1370 2769; x_wconf 88' lang='lat' dir='ltr'><strong>faciliter</strong></span> <span class='ocrx_word' id='word_1_270' title='bbox 1399 2708 1616 2788; x_wconf 90' lang='lat' dir='ltr'><strong>respondetur,</strong></span> <span class='ocrx_word' id='word_1_271' title='bbox 1648 2709 1732 2789; x_wconf 95' lang='lat' dir='ltr'><strong>quod</strong></span> <span class='ocrx_word' id='word_1_272' title='bbox 1763 2708 1904 2772; x_wconf 81' lang='lat' dir='ltr'><strong>Christus</strong></span> <span class='ocrx_word' id='word_1_273' title='bbox 1934 2719 1984 2772; x_wconf 91' lang='lat' dir='ltr'><strong>est</strong></span> 
     </span>
     <span class='ocr_line' id='line_1_24' title="bbox 430 2805 1985 2889; baseline 0.001 -18"><span class='ocrx_word' id='word_1_274' title='bbox 430 2828 493 2871; x_wconf 95' lang='lat' dir='ltr'><strong>non</strong></span> <span class='ocrx_word' id='word_1_275' title='bbox 520 2829 538 2871; x_wconf 92' lang='lat' dir='ltr'><strong>a</strong></span> <span class='ocrx_word' id='word_1_276' title='bbox 563 2808 657 2889; x_wconf 90' lang='lat' dir='ltr'><strong>gallo,</strong></span> <span class='ocrx_word' id='word_1_277' title='bbox 685 2809 740 2870; x_wconf 91' lang='lat' dir='ltr'><strong>sed</strong></span> <span class='ocrx_word' id='word_1_278' title='bbox 764 2808 796 2868; x_wconf 93' lang='lat' dir='ltr'><strong>in</strong></span> <span class='ocrx_word' id='word_1_279' title='bbox 820 2807 899 2869; x_wconf 90' lang='lat' dir='ltr'><strong>hora</strong></span> <span class='ocrx_word' id='word_1_280' title='bbox 928 2814 1039 2869; x_wconf 91' lang='lat' dir='ltr'><strong>cantus</strong></span> <span class='ocrx_word' id='word_1_281' title='bbox 1068 2805 1177 2885; x_wconf 92' lang='lat' dir='ltr'><strong>ipsius,</strong></span> <span class='ocrx_word' id='word_1_282' title='bbox 1235 2805 1478 2867; x_wconf 90' lang='lat' dir='ltr'><strong>fundamentum</strong></span> <span class='ocrx_word' id='word_1_283' title='bbox 1500 2813 1531 2867; x_wconf 91' lang='lat' dir='ltr'><strong>et</strong></span> <span class='ocrx_word' id='word_1_284' title='bbox 1553 2806 1649 2869; x_wconf 91' lang='lat' dir='ltr'><strong>robur</strong></span> <span class='ocrx_word' id='word_1_285' title='bbox 1670 2826 1706 2869; x_wconf 91' lang='lat' dir='ltr'><strong>ac</strong></span> <span class='ocrx_word' id='word_1_286' title='bbox 1728 2817 1818 2889; x_wconf 89' lang='lat' dir='ltr'><strong>petra</strong></span> <span class='ocrx_word' id='word_1_287' title='bbox 1833 2808 1985 2872; x_wconf 74' lang='lat' dir='ltr'><strong>Ecclesiae</strong></span> 
     </span>
     <span class='ocr_line' id='line_1_25' title="bbox 431 2904 1986 2990; baseline 0.002 -23"><span class='ocrx_word' id='word_1_288' title='bbox 431 2930 447 2967; x_wconf 78' lang='lat' dir='ltr'><strong>a</strong></span> <span class='ocrx_word' id='word_1_289' title='bbox 466 2907 557 2970; x_wconf 92' lang='lat' dir='ltr'><strong>solvit</strong></span> <span class='ocrx_word' id='word_1_290' title='bbox 573 2908 682 2990; x_wconf 95' lang='lat' dir='ltr'><strong>polum</strong></span> <span class='ocrx_word' id='word_1_291' title='bbox 700 2930 728 2985; x_wconf 78' lang='lat' dir='ltr'><strong>a,</strong></span> <span class='ocrx_word' id='word_1_292' title='bbox 740 2906 771 2968; x_wconf 91' lang='lat' dir='ltr'><strong>id</strong></span> <span class='ocrx_word' id='word_1_293' title='bbox 787 2914 844 2983; x_wconf 88' lang='lat' dir='ltr'><strong>est,</strong></span> <span class='ocrx_word' id='word_1_294' title='bbox 862 2905 979 2968; x_wconf 85' lang='lat' dir='ltr'><strong>coelum</strong></span> <span class='ocrx_word' id='word_1_295' title='bbox 995 2904 1086 2981; x_wconf 90' lang='lat' dir='ltr'><strong>eruit,</strong></span> <span class='ocrx_word' id='word_1_296' title='bbox 1100 2925 1117 2962; x_wconf 76' lang='lat' dir='ltr'><strong>a</strong></span> <span class='ocrx_word' id='word_1_297' title='bbox 1129 2924 1180 2965; x_wconf 89' lang='lat' dir='ltr'><strong>ca·</strong></span> <span class='ocrx_word' id='word_1_298' title='bbox 1235 2904 1373 2984; x_wconf 92' lang='lat' dir='ltr'><strong>primum</strong></span> <span class='ocrx_word' id='word_1_299' title='bbox 1402 2923 1439 2965; x_wconf 90' lang='lat' dir='ltr'><strong>ac</strong></span> <span class='ocrx_word' id='word_1_300' title='bbox 1467 2904 1655 2985; x_wconf 87' lang='lat' dir='ltr'><strong>principale,</strong></span> <span class='ocrx_word' id='word_1_301' title='bbox 1685 2905 1795 2969; x_wconf 90' lang='lat' dir='ltr'><strong>Petrus</strong></span> <span class='ocrx_word' id='word_1_302' title='bbox 1824 2925 1901 2970; x_wconf 91' lang='lat' dir='ltr'><strong>vero</strong></span> <span class='ocrx_word' id='word_1_303' title='bbox 1934 2927 1986 2969; x_wconf 91' lang='lat' dir='ltr'><strong>se-</strong></span> 
     </span>
     <span class='ocr_line' id='line_1_26' title="bbox 432 3002 1985 3087; baseline 0.001 -21"><span class='ocrx_word' id='word_1_304' title='bbox 432 3005 527 3087; x_wconf 89' lang='lat' dir='ltr'><strong>ligino</strong></span> <span class='ocrx_word' id='word_1_305' title='bbox 544 3028 572 3083; x_wconf 78' lang='lat' dir='ltr'><strong>a,</strong></span> <span class='ocrx_word' id='word_1_306' title='bbox 591 3004 622 3066; x_wconf 95' lang='lat' dir='ltr'><strong>id</strong></span> <span class='ocrx_word' id='word_1_307' title='bbox 638 3012 685 3067; x_wconf 90' lang='lat' dir='ltr'><strong>ast</strong></span> <span class='ocrx_word' id='word_1_308' title='bbox 700 3004 740 3066; x_wconf 91' lang='lat' dir='ltr'><strong>ab</strong></span> <span class='ocrx_word' id='word_1_309' title='bbox 755 3003 946 3068; x_wconf 86' lang='lat' dir='ltr'><strong>obscuritate</strong></span> <span class='ocrx_word' id='word_1_310' title='bbox 966 3020 1036 3082; x_wconf 82' lang='lat' dir='ltr'><strong>quaa</strong></span> <span class='ocrx_word' id='word_1_311' title='bbox 1055 3002 1216 3069; x_wconf 79' lang='lat' dir='ltr'><strong>videturt}</strong></span> <span class='ocrx_word' id='word_1_312' title='bbox 1236 3002 1423 3064; x_wconf 90' lang='lat' dir='ltr'><strong>cundarium</strong></span> <span class='ocrx_word' id='word_1_313' title='bbox 1449 3021 1486 3064; x_wconf 90' lang='lat' dir='ltr'><strong>ac</strong></span> <span class='ocrx_word' id='word_1_314' title='bbox 1510 3002 1761 3066; x_wconf 88' lang='lat' dir='ltr'><strong>instrumentale.</strong></span> <span class='ocrx_word' id='word_1_315' title='bbox 1789 3005 1869 3067; x_wconf 79' lang='lat' dir='ltr'><strong>llum</strong></span> <span class='ocrx_word' id='word_1_316' title='bbox 1893 3006 1985 3086; x_wconf 90' lang='lat' dir='ltr'><strong>equi-</strong></span> 
     </span>
     <span class='ocr_line' id='line_1_27' title="bbox 431 3100 1984 3181; baseline 0.001 -16"><span class='ocrx_word' id='word_1_317' title='bbox 431 3122 501 3165; x_wconf 89' lang='lat' dir='ltr'><strong>esse</strong></span> <span class='ocrx_word' id='word_1_318' title='bbox 526 3104 559 3165; x_wconf 94' lang='lat' dir='ltr'><strong>in</strong></span> <span class='ocrx_word' id='word_1_319' title='bbox 580 3102 660 3166; x_wconf 87' lang='lat' dir='ltr'><strong>coelo</strong></span> <span class='ocrx_word' id='word_1_320' title='bbox 680 3111 753 3165; x_wconf 90' lang='lat' dir='ltr'><strong>ante</strong></span> <span class='ocrx_word' id='word_1_321' title='bbox 772 3100 906 3164; x_wconf 82' lang='lat' dir='ltr'><strong>Luciferi</strong></span> <span class='ocrx_word' id='word_1_322' title='bbox 928 3109 1031 3163; x_wconf 92' lang='lat' dir='ltr'><strong>ortum</strong></span> <span class='ocrx_word' id='word_1_323' title='bbox 1054 3108 1086 3163; x_wconf 90' lang='lat' dir='ltr'><strong>ct</strong></span> <span class='ocrx_word' id='word_1_324' title='bbox 1104 3100 1180 3162; x_wconf 94' lang='lat' dir='ltr'><strong>irra-</strong></span> <span class='ocrx_word' id='word_1_325' title='bbox 1235 3101 1307 3163; x_wconf 88' lang='lat' dir='ltr'><strong>dem</strong></span> <span class='ocrx_word' id='word_1_326' title='bbox 1324 3100 1484 3181; x_wconf 90' lang='lat' dir='ltr'><strong>Scriptura</strong></span> <span class='ocrx_word' id='word_1_327' title='bbox 1499 3110 1553 3163; x_wconf 92' lang='lat' dir='ltr'><strong>aut</strong></span> <span class='ocrx_word' id='word_1_328' title='bbox 1567 3102 1667 3163; x_wconf 90' lang='lat' dir='ltr'><strong>sancti</strong></span> <span class='ocrx_word' id='word_1_329' title='bbox 1686 3102 1831 3166; x_wconf 84' lang='lat' dir='ltr'><strong>doctores</strong></span> <span class='ocrx_word' id='word_1_330' title='bbox 1846 3122 1865 3165; x_wconf 88' lang='lat' dir='ltr'><strong>a</strong></span> <span class='ocrx_word' id='word_1_331' title='bbox 1880 3124 1915 3165; x_wconf 91' lang='lat' dir='ltr'><strong>se</strong></span> <span class='ocrx_word' id='word_1_332' title='bbox 1930 3104 1984 3167; x_wconf 89' lang='lat' dir='ltr'><strong>vel</strong></span> 
     </span>
     <span class='ocr_line' id='line_1_28' title="bbox 432 3197 1987 3283; baseline 0.001 -20"><span class='ocrx_word' id='word_1_333' title='bbox 432 3201 602 3264; x_wconf 89' lang='lat' dir='ltr'><strong>diationem</strong></span> <span class='ocrx_word' id='word_1_334' title='bbox 620 3223 627 3261; x_wconf 91' lang='lat'>:</span> <span class='ocrx_word' id='word_1_335' title='bbox 645 3200 698 3281; x_wconf 94' lang='lat' dir='ltr'><strong>qui</strong></span> <span class='ocrx_word' id='word_1_336' title='bbox 713 3198 839 3262; x_wconf 90' lang='lat' dir='ltr'><strong>Lucifer</strong></span> <span class='ocrx_word' id='word_1_337' title='bbox 854 3218 910 3261; x_wconf 93' lang='lat' dir='ltr'><strong>sua</strong></span> <span class='ocrx_word' id='word_1_338' title='bbox 926 3198 996 3260; x_wconf 90' lang='lat' dir='ltr'><strong>luce</strong></span> <span class='ocrx_word' id='word_1_339' title='bbox 1018 3197 1181 3279; x_wconf 87' lang='lat' dir='ltr'><strong>perfundit</strong></span> <span class='ocrx_word' id='word_1_340' title='bbox 1236 3198 1275 3261; x_wconf 92' lang='lat' dir='ltr'><strong>ab</strong></span> <span class='ocrx_word' id='word_1_341' title='bbox 1295 3199 1433 3261; x_wconf 90' lang='lat' dir='ltr'><strong>invicem</strong></span> <span class='ocrx_word' id='word_1_342' title='bbox 1453 3200 1622 3263; x_wconf 92' lang='lat' dir='ltr'><strong>dissentire</strong></span> <span class='ocrx_word' id='word_1_343' title='bbox 1641 3201 1798 3281; x_wconf 90' lang='lat' dir='ltr'><strong>videntur,</strong></span> <span class='ocrx_word' id='word_1_344' title='bbox 1814 3202 1918 3283; x_wconf 88' lang='lat' dir='ltr'><strong>aptius</strong></span> <span class='ocrx_word' id='word_1_345' title='bbox 1934 3222 1987 3265; x_wconf 89' lang='lat' dir='ltr'><strong>re-</strong></span> 
     </span>
     <span class='ocr_line' id='line_1_29' title="bbox 431 3296 1985 3382; baseline 0.001 -20"><span class='ocrx_word' id='word_1_346' title='bbox 431 3300 524 3362; x_wconf 91' lang='lat' dir='ltr'><strong>orbes</strong></span> <span class='ocrx_word' id='word_1_347' title='bbox 539 3298 644 3378; x_wconf 89' lang='lat' dir='ltr'><strong>aliqua</strong></span> <span class='ocrx_word' id='word_1_348' title='bbox 660 3296 881 3377; x_wconf 86' lang='lat' dir='ltr'><strong>claritatc,qua</strong></span> <span class='ocrx_word' id='word_1_349' title='bbox 897 3296 1181 3378; x_wconf 92' lang='lat' dir='ltr'><strong>videnturparum-</strong></span> <span class='ocrx_word' id='word_1_350' title='bbox 1235 3298 1384 3379; x_wconf 92' lang='lat' dir='ltr'><strong>sponderi</strong></span> <span class='ocrx_word' id='word_1_351' title='bbox 1409 3317 1472 3361; x_wconf 94' lang='lat' dir='ltr'><strong>non</strong></span> <span class='ocrx_word' id='word_1_352' title='bbox 1503 3299 1586 3361; x_wconf 87' lang='lat' dir='ltr'><strong>valet</strong></span> <span class='ocrx_word' id='word_1_353' title='bbox 1614 3317 1710 3380; x_wconf 93' lang='lat' dir='ltr'><strong>quam</strong></span> <span class='ocrx_word' id='word_1_354' title='bbox 1739 3308 1774 3361; x_wconf 91' lang='lat' dir='ltr'><strong>ut</strong></span> <span class='ocrx_word' id='word_1_355' title='bbox 1803 3319 1861 3382; x_wconf 90' lang='lat' dir='ltr'><strong>per</strong></span> <span class='ocrx_word' id='word_1_356' title='bbox 1889 3301 1985 3364; x_wconf 76' lang='lat' dir='ltr'><strong>ratio</strong></span> 
     </span>
     <span class='ocr_line' id='line_1_30' title="bbox 432 3394 1984 3479; baseline 0.001 -21"><span class='ocrx_word' id='word_1_357' title='bbox 432 3417 489 3479; x_wconf 91' lang='lat' dir='ltr'><strong>per</strong></span> <span class='ocrx_word' id='word_1_358' title='bbox 517 3396 688 3474; x_wconf 88' lang='lat' dir='ltr'><strong>albescere,</strong></span> <span class='ocrx_word' id='word_1_359' title='bbox 720 3404 752 3457; x_wconf 89' lang='lat' dir='ltr'><strong>et</strong></span> <span class='ocrx_word' id='word_1_360' title='bbox 780 3395 879 3457; x_wconf 92' lang='lat' dir='ltr'><strong>multo</strong></span> <span class='ocrx_word' id='word_1_361' title='bbox 908 3394 990 3476; x_wconf 92' lang='lat' dir='ltr'><strong>plus,</strong></span> <span class='ocrx_word' id='word_1_362' title='bbox 1017 3396 1083 3458; x_wconf 93' lang='lat' dir='ltr'><strong>sole</strong></span> <span class='ocrx_word' id='word_1_363' title='bbox 1113 3414 1180 3456; x_wconf 93' lang='lat' dir='ltr'><strong>sur·</strong></span> <span class='ocrx_word' id='word_1_364' title='bbox 1235 3395 1373 3458; x_wconf 88' lang='lat' dir='ltr'><strong>nabilem</strong></span> <span class='ocrx_word' id='word_1_365' title='bbox 1406 3396 1641 3460; x_wconf 89' lang='lat' dir='ltr'><strong>distinctionem</strong></span> <span class='ocrx_word' id='word_1_366' title='bbox 1675 3399 1918 3475; x_wconf 85' lang='lat' dir='ltr'><strong>concordantur,</strong></span> <span class='ocrx_word' id='word_1_367' title='bbox 1950 3407 1984 3461; x_wconf 91' lang='lat' dir='ltr'><strong>et</strong></span> 
     </span>
     <span class='ocr_line' id='line_1_31' title="bbox 431 3493 1983 3578; baseline 0 -19"><span class='ocrx_word' id='word_1_368' title='bbox 431 3504 535 3578; x_wconf 88' lang='lat' dir='ltr'><strong>gente.</strong></span> <span class='ocrx_word' id='word_1_369' title='bbox 1235 3493 1282 3556; x_wconf 88' lang='lat' dir='ltr'><strong>sie</strong></span> <span class='ocrx_word' id='word_1_370' title='bbox 1296 3502 1400 3556; x_wconf 89' lang='lat' dir='ltr'><strong>cesset</strong></span> <span class='ocrx_word' id='word_1_371' title='bbox 1413 3494 1586 3557; x_wconf 88' lang='lat' dir='ltr'><strong>contentio.</strong></span> <span class='ocrx_word' id='word_1_372' title='bbox 1597 3494 1674 3557; x_wconf 87' lang='lat' dir='ltr'><strong>Nam</strong></span> <span class='ocrx_word' id='word_1_373' title='bbox 1690 3504 1721 3557; x_wconf 89' lang='lat' dir='ltr'><strong>et</strong></span> <span class='ocrx_word' id='word_1_374' title='bbox 1735 3496 1826 3559; x_wconf 81' lang='lat' dir='ltr'><strong>l’etro</strong></span> <span class='ocrx_word' id='word_1_375' title='bbox 1840 3496 1983 3559; x_wconf 87' lang='lat' dir='ltr'><strong>Ghristns</strong></span> 
     </span>
     <span class='ocr_line' id='line_1_32' title="bbox 471 3592 2146 3677; baseline 0.001 -18"><span class='ocrx_word' id='word_1_376' title='bbox 471 3598 540 3659; x_wconf 89' lang='lat' dir='ltr'><strong>Hoc</strong></span> <span class='ocrx_word' id='word_1_377' title='bbox 554 3594 637 3677; x_wconf 88' lang='lat' dir='ltr'><strong>gallo</strong></span> <span class='ocrx_word' id='word_1_378' title='bbox 653 3595 915 3672; x_wconf 63' lang='lat' dir='ltr'><strong>cenomannicis</strong></span> <span class='ocrx_word' id='word_1_379' title='bbox 929 3594 1178 3654; x_wconf 69' lang='lat' dir='ltr'><strong>errorum&#39;cau</strong></span> <span class='ocrx_word' id='word_1_380' title='bbox 1235 3592 1413 3673; x_wconf 88' lang='lat' dir='ltr'><strong>specialiter</strong></span> <span class='ocrx_word' id='word_1_381' title='bbox 1434 3593 1533 3654; x_wconf 93' lang='lat' dir='ltr'><strong>dixit:</strong></span> <span class='ocrx_word' id='word_1_382' title='bbox 1552 3594 1598 3655; x_wconf 84' lang='lat' dir='ltr'><strong>Tu</strong></span> <span class='ocrx_word' id='word_1_383' title='bbox 1617 3593 1789 3675; x_wconf 89' lang='lat' dir='ltr'><strong>aliquando</strong></span> <span class='ocrx_word' id='word_1_384' title='bbox 1808 3612 1983 3658; x_wconf 85' lang='lat' dir='ltr'><strong>conversus</strong></span> <span class='ocrx_word' id='word_1_385' title='bbox 2012 3616 2074 3661; x_wconf 66' lang='lat' dir='ltr'><strong>cuc.</strong></span> <span class='ocrx_word' id='word_1_386' title='bbox 2089 3623 2146 3664; x_wconf 55' lang='lat' dir='ltr'><strong>m,</strong></span> 
     </span>
    </p>
   </div>
   <div class='ocr_carea' id='block_1_3' title="bbox 391 3682 2039 4069">
    <p class='ocr_par' dir='ltr' id='par_1_3' title="bbox 428 3682 2039 3873">
     <span class='ocr_line' id='line_1_33' title="bbox 431 3682 2039 3768; baseline 0 -13"><span class='ocrx_word' id='word_1_387' title='bbox 431 3716 502 3765; x_wconf 87' lang='lat' dir='ltr'><strong>rus,</strong></span> <span class='ocrx_word' id='word_1_388' title='bbox 518 3693 549 3755; x_wconf 95' lang='lat' dir='ltr'><strong>id</strong></span> <span class='ocrx_word' id='word_1_389' title='bbox 569 3701 617 3755; x_wconf 88' lang='lat' dir='ltr'><strong>cst</strong></span> <span class='ocrx_word' id='word_1_390' title='bbox 637 3702 701 3756; x_wconf 88' lang='lat' dir='ltr'><strong>tota</strong></span> <span class='ocrx_word' id='word_1_391' title='bbox 721 3692 892 3756; x_wconf 89' lang='lat' dir='ltr'><strong>errantium</strong></span> <span class='ocrx_word' id='word_1_392' title='bbox 913 3699 945 3754; x_wconf 91' lang='lat' dir='ltr'><strong>et</strong></span> <span class='ocrx_word' id='word_1_393' title='bbox 963 3690 1178 3753; x_wconf 91' lang='lat' dir='ltr'><strong>insidiantium</strong></span> <span class='ocrx_word' id='word_1_394' title='bbox 1235 3690 1390 3753; x_wconf 91' lang='lat' dir='ltr'><strong>confirma</strong></span> <span class='ocrx_word' id='word_1_395' title='bbox 1412 3691 1523 3754; x_wconf 91' lang='lat' dir='ltr'><strong>fratres</strong></span> <span class='ocrx_word' id='word_1_396' title='bbox 1549 3699 1630 3755; x_wconf 90' lang='lat' dir='ltr'><strong>tuos.</strong></span> <span class='ocrx_word' id='word_1_397' title='bbox 1654 3694 1792 3768; x_wconf 83' lang='lat' dir='ltr'><strong>Culpam</strong></span> <span class='ocrx_word' id='word_1_398' title='bbox 1811 3695 1927 3764; x_wconf 81' lang='lat' dir='ltr'><strong>diluit,</strong></span> <span class='ocrx_word' id='word_1_399' title='bbox 1948 3694 1983 3755; x_wconf 91' lang='lat' dir='ltr'><strong>id</strong></span> <span class='ocrx_word' id='word_1_400' title='bbox 2000 3682 2039 3723; x_wconf 73' lang='lat'><strong>²²·</strong></span> 
     </span>
     <span class='ocr_line' id='line_1_34' title="bbox 428 3790 1983 3873; baseline -0.003 -16"><span class='ocrx_word' id='word_1_401' title='bbox 428 3814 466 3857; x_wconf 88' lang='lat' dir='ltr'><strong>ac</strong></span> <span class='ocrx_word' id='word_1_402' title='bbox 500 3791 769 3855; x_wconf 89' lang='lat' dir='ltr'><strong>malefacientium</strong></span> <span class='ocrx_word' id='word_1_403' title='bbox 799 3790 978 3867; x_wconf 89' lang='lat' dir='ltr'><strong>multitudo,</strong></span> <span class='ocrx_word' id='word_1_404' title='bbox 1010 3792 1097 3849; x_wconf 83' lang='lat' dir='ltr'><strong>viam</strong></span> <span class='ocrx_word' id='word_1_405' title='bbox 1127 3810 1180 3849; x_wconf 76' lang='lat' dir='ltr'><strong>uo</strong></span> <span class='ocrx_word' id='word_1_406' title='bbox 1234 3797 1292 3866; x_wconf 90' lang='lat' dir='ltr'><strong>est,</strong></span> <span class='ocrx_word' id='word_1_407' title='bbox 1320 3797 1485 3870; x_wconf 89' lang='lat' dir='ltr'><strong>peccatum</strong></span> <span class='ocrx_word' id='word_1_408' title='bbox 1511 3810 1575 3852; x_wconf 75' lang='lat' dir='ltr'><strong>suaa</strong></span> <span class='ocrx_word' id='word_1_409' title='bbox 1600 3790 1689 3853; x_wconf 78' lang='lat' dir='ltr'><strong>trina</strong></span> <span class='ocrx_word' id='word_1_410' title='bbox 1718 3790 1893 3872; x_wconf 82' lang='lat' dir='ltr'><strong>negationis</strong></span> <span class='ocrx_word' id='word_1_411' title='bbox 1916 3810 1983 3873; x_wconf 91' lang='lat' dir='ltr'><strong>qua</strong></span> 
     </span>
    </p>

    <p class='ocr_par' dir='ltr' id='par_1_4' title="bbox 391 3886 1982 4069">
     <span class='ocr_line' id='line_1_35' title="bbox 391 3886 1982 3971; baseline 0.001 -19"><span class='ocrx_word' id='word_1_412' title='bbox 391 3917 394 3923; x_wconf 94' lang='lat'>·</span> <span class='ocrx_word' id='word_1_413' title='bbox 428 3892 525 3953; x_wconf 83' lang='lat' dir='ltr'><strong>cendi</strong></span> <span class='ocrx_word' id='word_1_414' title='bbox 546 3892 679 3960; x_wconf 83' lang='lat' dir='ltr'><strong>deserit,</strong></span> <span class='ocrx_word' id='word_1_415' title='bbox 695 3889 725 3951; x_wconf 96' lang='lat' dir='ltr'><strong>id</strong></span> <span class='ocrx_word' id='word_1_416' title='bbox 748 3896 806 3966; x_wconf 92' lang='lat' dir='ltr'><strong>est,</strong></span> <span class='ocrx_word' id='word_1_417' title='bbox 823 3887 1039 3969; x_wconf 91' lang='lat' dir='ltr'><strong>operationem</strong></span> <span class='ocrx_word' id='word_1_418' title='bbox 1064 3905 1101 3947; x_wconf 89' lang='lat' dir='ltr'><strong>ac</strong></span> <span class='ocrx_word' id='word_1_419' title='bbox 1125 3886 1179 3947; x_wconf 90' lang='lat' dir='ltr'><strong>ad·</strong></span> <span class='ocrx_word' id='word_1_420' title='bbox 1233 3886 1390 3949; x_wconf 84' lang='lat' dir='ltr'><strong>Christum</strong></span> <span class='ocrx_word' id='word_1_421' title='bbox 1415 3896 1597 3969; x_wconf 89' lang='lat' dir='ltr'><strong>negaverat,</strong></span> <span class='ocrx_word' id='word_1_422' title='bbox 1619 3888 1802 3971; x_wconf 88' lang='lat' dir='ltr'><strong>poenitendo</strong></span> <span class='ocrx_word' id='word_1_423' title='bbox 1824 3897 1856 3951; x_wconf 90' lang='lat' dir='ltr'><strong>et</strong></span> <span class='ocrx_word' id='word_1_424' title='bbox 1874 3909 1982 3953; x_wconf 90' lang='lat' dir='ltr'><strong>amare</strong></span> 
     </span>
     <span class='ocr_line' id='line_1_36' title="bbox 428 3982 1979 4069; baseline 0 -20"><span class='ocrx_word' id='word_1_425' title='bbox 428 3988 506 4051; x_wconf 93' lang='lat' dir='ltr'><strong>itum</strong></span> <span class='ocrx_word' id='word_1_426' title='bbox 532 3986 676 4063; x_wconf 73' lang='lat' dir='ltr'><strong>laedendi,</strong></span> <span class='ocrx_word' id='word_1_427' title='bbox 695 3985 914 4067; x_wconf 88' lang='lat' dir='ltr'><strong>persequendi,</strong></span> <span class='ocrx_word' id='word_1_428' title='bbox 932 3984 1108 4060; x_wconf 87' lang='lat' dir='ltr'><strong>occidendi,</strong></span> <span class='ocrx_word' id='word_1_429' title='bbox 1130 3982 1179 4044; x_wconf 91' lang='lat' dir='ltr'><strong>fu·</strong></span> <span class='ocrx_word' id='word_1_430' title='bbox 1234 3985 1342 4047; x_wconf 87' lang='lat' dir='ltr'><strong>flendo</strong></span> <span class='ocrx_word' id='word_1_431' title='bbox 1356 3985 1485 4048; x_wconf 90' lang='lat' dir='ltr'><strong>delevit.</strong></span> <span class='ocrx_word' id='word_1_432' title='bbox 1503 3986 1590 4049; x_wconf 90' lang='lat' dir='ltr'><strong>Unde</strong></span> <span class='ocrx_word' id='word_1_433' title='bbox 1605 3986 1746 4049; x_wconf 86' lang='lat' dir='ltr'><strong>Christus</strong></span> <span class='ocrx_word' id='word_1_434' title='bbox 1768 3988 1797 4049; x_wconf 89' lang='lat' dir='ltr'><strong>ei</strong></span> <span class='ocrx_word' id='word_1_435' title='bbox 1811 3988 1979 4069; x_wconf 76' lang='lat' dir='ltr'><strong>praedixit:</strong></span> 
     </span>
    </p>
   </div>
   <div class='ocr_carea' id='block_1_4' title="bbox 429 4081 2132 4167">
    <p class='ocr_par' dir='ltr' id='par_1_5' title="bbox 429 4043 2145 4167">
     <span class='ocr_line' id='line_1_37' title="bbox 429 4081 2132 4167; baseline -0.001 -17"><span class='ocrx_word' id='word_1_436' title='bbox 429 4086 531 4163; x_wconf 90' lang='lat' dir='ltr'><strong>randi,</strong></span> <span class='ocrx_word' id='word_1_437' title='bbox 549 4084 747 4147; x_wconf 79' lang='lat' dir='ltr'><strong>adulterandi</strong></span> <span class='ocrx_word' id='word_1_438' title='bbox 769 4084 940 4165; x_wconf 92' lang='lat' dir='ltr'><strong>relinquit:</strong></span> <span class='ocrx_word' id='word_1_439' title='bbox 959 4101 1022 4145; x_wconf 93' lang='lat' dir='ltr'><strong>uon</strong></span> <span class='ocrx_word' id='word_1_440' title='bbox 1044 4081 1179 4144; x_wconf 91' lang='lat' dir='ltr'><strong>totaliter</strong></span> <span class='ocrx_word' id='word_1_441' title='bbox 1232 4084 1267 4144; x_wconf 94' lang='lat' dir='ltr'><strong>ln</strong></span> <span class='ocrx_word' id='word_1_442' title='bbox 1290 4084 1348 4146; x_wconf 89' lang='lat' dir='ltr'><strong>hac</strong></span> <span class='ocrx_word' id='word_1_443' title='bbox 1369 4092 1472 4162; x_wconf 89' lang='lat' dir='ltr'><strong>nocte,</strong></span> <span class='ocrx_word' id='word_1_444' title='bbox 1489 4094 1658 4166; x_wconf 92' lang='lat' dir='ltr'><strong>antequam</strong></span> <span class='ocrx_word' id='word_1_445' title='bbox 1677 4085 1779 4167; x_wconf 89' lang='lat' dir='ltr'><strong>gallus</strong></span> <span class='ocrx_word' id='word_1_446' title='bbox 1799 4086 1848 4149; x_wconf 92' lang='lat' dir='ltr'><strong>bis</strong></span> <span class='ocrx_word' id='word_1_447' title='bbox 1867 4105 1982 4149; x_wconf 88' lang='lat' dir='ltr'><strong>vocam</strong></span> <span class='ocrx_word' id='word_1_448' title='bbox 2005 4117 2132 4162; x_wconf 54' lang='lat' dir='ltr'><strong>um„</strong></span> 
     </span>
    </p>
   </div>
   <div class='ocr_carea' id='block_1_5' title="bbox 279 4155 2145 5351">
    <p class='ocr_par' dir='ltr' id='par_1_6' title="bbox 427 4155 2145 4956">
     <span class='ocr_line' id='line_1_38' title="bbox 428 4155 2145 4265; baseline 0.001 -18"><span class='ocrx_word' id='word_1_449' title='bbox 428 4184 503 4247; x_wconf 88' lang='lat' dir='ltr'><strong>talia</strong></span> <span class='ocrx_word' id='word_1_450' title='bbox 523 4191 598 4245; x_wconf 88' lang='lat' dir='ltr'><strong>tunc</strong></span> <span class='ocrx_word' id='word_1_451' title='bbox 619 4182 759 4259; x_wconf 88' lang='lat' dir='ltr'><strong>vitando,</strong></span> <span class='ocrx_word' id='word_1_452' title='bbox 777 4181 831 4244; x_wconf 90' lang='lat' dir='ltr'><strong>sed</strong></span> <span class='ocrx_word' id='word_1_453' title='bbox 857 4181 961 4242; x_wconf 92' lang='lat' dir='ltr'><strong>minus</strong></span> <span class='ocrx_word' id='word_1_454' title='bbox 984 4200 1080 4261; x_wconf 92' lang='lat' dir='ltr'><strong>quam</strong></span> <span class='ocrx_word' id='word_1_455' title='bbox 1105 4188 1178 4242; x_wconf 90' lang='lat' dir='ltr'><strong>ante</strong></span> <span class='ocrx_word' id='word_1_456' title='bbox 1192 4180 1218 4244; x_wconf 86' lang='lat' dir='ltr'><strong>o</strong></span> <span class='ocrx_word' id='word_1_457' title='bbox 1233 4182 1364 4261; x_wconf 89' lang='lat' dir='ltr'><strong>dederit,</strong></span> <span class='ocrx_word' id='word_1_458' title='bbox 1382 4189 1430 4244; x_wconf 90' lang='lat' dir='ltr'><strong>ter</strong></span> <span class='ocrx_word' id='word_1_459' title='bbox 1451 4202 1501 4245; x_wconf 88' lang='lat' dir='ltr'><strong>me</strong></span> <span class='ocrx_word' id='word_1_460' title='bbox 1522 4202 1556 4245; x_wconf 91' lang='lat' dir='ltr'><strong>es</strong></span> <span class='ocrx_word' id='word_1_461' title='bbox 1578 4190 1761 4265; x_wconf 88' lang='lat' dir='ltr'><strong>negaturus,</strong></span> <span class='ocrx_word' id='word_1_462' title='bbox 1778 4191 1814 4246; x_wconf 90' lang='lat' dir='ltr'><strong>ut</strong></span> <span class='ocrx_word' id='word_1_463' title='bbox 1829 4184 1862 4246; x_wconf 97' lang='lat' dir='ltr'><strong>in</strong></span> <span class='ocrx_word' id='word_1_464' title='bbox 1877 4184 1982 4248; x_wconf 88' lang='lat' dir='ltr'><strong>llarco</strong></span> <span class='ocrx_word' id='word_1_465' title='bbox 1998 4184 2037 4223; x_wconf 82' lang='lat'><strong>²⁰·</strong></span> <span class='ocrx_word' id='word_1_466' title='bbox 2144 4155 2145 4220; x_wconf 48' lang='lat' dir='ltr'><strong>l</strong></span> 
     </span>
     <span class='ocr_line' id='line_1_39' title="bbox 428 4278 2131 4364; baseline 0.001 -21"><span class='ocrx_word' id='word_1_467' title='bbox 428 4280 504 4364; x_wconf 89' lang='lat' dir='ltr'><strong>galli</strong></span> <span class='ocrx_word' id='word_1_468' title='bbox 520 4288 648 4343; x_wconf 87' lang='lat' dir='ltr'><strong>cantum</strong></span> <span class='ocrx_word' id='word_1_469' title='bbox 664 4300 701 4343; x_wconf 91' lang='lat' dir='ltr'><strong>ea</strong></span> <span class='ocrx_word' id='word_1_470' title='bbox 716 4280 850 4361; x_wconf 88' lang='lat' dir='ltr'><strong>agendo.</strong></span> <span class='ocrx_word' id='word_1_471' title='bbox 867 4279 945 4341; x_wconf 90' lang='lat' dir='ltr'><strong>llinc</strong></span> <span class='ocrx_word' id='word_1_472' title='bbox 968 4279 1001 4340; x_wconf 94' lang='lat' dir='ltr'><strong>in</strong></span> <span class='ocrx_word' id='word_1_473' title='bbox 1021 4279 1101 4341; x_wconf 91' lang='lat' dir='ltr'><strong>libro</strong></span> <span class='ocrx_word' id='word_1_474' title='bbox 1120 4278 1178 4341; x_wconf 86' lang='lat' dir='ltr'><strong>lob</strong></span> <span class='ocrx_word' id='word_1_475' title='bbox 1234 4280 1391 4343; x_wconf 90' lang='lat' dir='ltr'><strong>recitatur.</strong></span> <span class='ocrx_word' id='word_1_476' title='bbox 1419 4280 1484 4355; x_wconf 87' lang='lat' dir='ltr'><strong>Quo</strong></span> <span class='ocrx_word' id='word_1_477' title='bbox 1509 4281 1603 4360; x_wconf 91' lang='lat' dir='ltr'><strong>facto,</strong></span> <span class='ocrx_word' id='word_1_478' title='bbox 1632 4300 1804 4345; x_wconf 86' lang='lat' dir='ltr'><strong>conversus</strong></span> <span class='ocrx_word' id='word_1_479' title='bbox 1829 4283 1981 4346; x_wconf 86' lang='lat' dir='ltr'><strong>Dominus</strong></span> <span class='ocrx_word' id='word_1_480' title='bbox 2011 4312 2073 4357; x_wconf 51' lang='lat' dir='ltr'><strong>m,</strong></span> <span class='ocrx_word' id='word_1_481' title='bbox 2089 4328 2131 4356; x_wconf 67' lang='lat' dir='ltr'><strong>m,</strong></span> 
     </span>
     <span class='ocr_line' id='line_1_40' title="bbox 428 4377 2087 4461; baseline 0.001 -18"><span class='ocrx_word' id='word_1_482' title='bbox 428 4381 563 4443; x_wconf 86' lang='lat' dir='ltr'><strong>habetur</strong></span> <span class='ocrx_word' id='word_1_483' title='bbox 580 4402 587 4441; x_wconf 92' lang='lat'><strong>:</strong></span> <span class='ocrx_word' id='word_1_484' title='bbox 605 4378 721 4441; x_wconf 90' lang='lat' dir='ltr'><strong>Oculus</strong></span> <span class='ocrx_word' id='word_1_485' title='bbox 743 4378 876 4441; x_wconf 88' lang='lat' dir='ltr'><strong>adulteri</strong></span> <span class='ocrx_word' id='word_1_486' title='bbox 901 4380 1048 4441; x_wconf 91' lang='lat' dir='ltr'><strong>observat</strong></span> <span class='ocrx_word' id='word_1_487' title='bbox 1072 4377 1179 4459; x_wconf 88' lang='lat' dir='ltr'><strong>caligi-</strong></span> <span class='ocrx_word' id='word_1_488' title='bbox 1232 4380 1369 4460; x_wconf 81' lang='lat' dir='ltr'><strong>respexit</strong></span> <span class='ocrx_word' id='word_1_489' title='bbox 1383 4380 1518 4458; x_wconf 86' lang='lat' dir='ltr'><strong>Petrum,</strong></span> <span class='ocrx_word' id='word_1_490' title='bbox 1536 4380 1591 4461; x_wconf 93' lang='lat' dir='ltr'><strong>qui</strong></span> <span class='ocrx_word' id='word_1_491' title='bbox 1613 4399 1685 4443; x_wconf 86' lang='lat' dir='ltr'><strong>mox</strong></span> <span class='ocrx_word' id='word_1_492' title='bbox 1706 4381 1878 4444; x_wconf 90' lang='lat' dir='ltr'><strong>verborum</strong></span> <span class='ocrx_word' id='word_1_493' title='bbox 1893 4382 1982 4444; x_wconf 84' lang='lat' dir='ltr'><strong>Chri·</strong></span> <span class='ocrx_word' id='word_1_494' title='bbox 1997 4378 2087 4427; x_wconf 56' lang='grc' dir='ltr'><strong>ΜΞ·</strong></span> 
     </span>
     <span class='ocr_line' id='line_1_41' title="bbox 428 4476 1983 4560; baseline 0.001 -18"><span class='ocrx_word' id='word_1_495' title='bbox 428 4499 514 4558; x_wconf 89' lang='lat' dir='ltr'><strong>nem,</strong></span> <span class='ocrx_word' id='word_1_496' title='bbox 532 4479 652 4555; x_wconf 87' lang='lat' dir='ltr'><strong>dicens,</strong></span> <span class='ocrx_word' id='word_1_497' title='bbox 669 4477 737 4540; x_wconf 88' lang='lat' dir='ltr'><strong>Non</strong></span> <span class='ocrx_word' id='word_1_498' title='bbox 753 4496 803 4540; x_wconf 91' lang='lat' dir='ltr'><strong>me</strong></span> <span class='ocrx_word' id='word_1_499' title='bbox 820 4476 939 4540; x_wconf 89' lang='lat' dir='ltr'><strong>videbit</strong></span> <span class='ocrx_word' id='word_1_500' title='bbox 957 4476 1091 4552; x_wconf 82' lang='lat' dir='ltr'><strong>oculus3</strong></span> <span class='ocrx_word' id='word_1_501' title='bbox 1108 4494 1179 4556; x_wconf 89' lang='lat' dir='ltr'><strong>per·</strong></span> <span class='ocrx_word' id='word_1_502' title='bbox 1232 4477 1271 4540; x_wconf 92' lang='lat' dir='ltr'><strong>sti</strong></span> <span class='ocrx_word' id='word_1_503' title='bbox 1287 4478 1503 4557; x_wconf 87' lang='lat' dir='ltr'><strong>reminiscens,</strong></span> <span class='ocrx_word' id='word_1_504' title='bbox 1517 4499 1662 4560; x_wconf 87' lang='lat' dir='ltr'><strong>egressus</strong></span> <span class='ocrx_word' id='word_1_505' title='bbox 1678 4489 1726 4542; x_wconf 89' lang='lat' dir='ltr'><strong>est</strong></span> <span class='ocrx_word' id='word_1_506' title='bbox 1741 4488 1773 4542; x_wconf 89' lang='lat' dir='ltr'><strong>et</strong></span> <span class='ocrx_word' id='word_1_507' title='bbox 1788 4480 1881 4543; x_wconf 91' lang='lat' dir='ltr'><strong>flevit</strong></span> <span class='ocrx_word' id='word_1_508' title='bbox 1895 4499 1983 4543; x_wconf 86' lang='lat' dir='ltr'><strong>arna-</strong></span> 
     </span>
     <span class='ocr_line' id='line_1_42' title="bbox 427 4575 1982 4659; baseline 0 -18"><span class='ocrx_word' id='word_1_509' title='bbox 427 4578 507 4641; x_wconf 88' lang='lat' dir='ltr'><strong>fodit</strong></span> <span class='ocrx_word' id='word_1_510' title='bbox 522 4577 553 4638; x_wconf 93' lang='lat' dir='ltr'><strong>in</strong></span> <span class='ocrx_word' id='word_1_511' title='bbox 570 4576 707 4639; x_wconf 87' lang='lat' dir='ltr'><strong>tenebris</strong></span> <span class='ocrx_word' id='word_1_512' title='bbox 722 4577 843 4653; x_wconf 91' lang='lat' dir='ltr'><strong>domos,</strong></span> <span class='ocrx_word' id='word_1_513' title='bbox 862 4575 941 4637; x_wconf 88' lang='lat' dir='ltr'><strong>sicut</strong></span> <span class='ocrx_word' id='word_1_514' title='bbox 958 4575 988 4636; x_wconf 94' lang='lat' dir='ltr'><strong>in</strong></span> <span class='ocrx_word' id='word_1_515' title='bbox 1004 4575 1054 4636; x_wconf 87' lang='lat' dir='ltr'><strong>die</strong></span> <span class='ocrx_word' id='word_1_516' title='bbox 1070 4575 1178 4635; x_wconf 90' lang='lat' dir='ltr'><strong>condi·</strong></span> <span class='ocrx_word' id='word_1_517' title='bbox 1233 4577 1356 4640; x_wconf 89' lang='lat' dir='ltr'><strong>rissimo</strong></span> <span class='ocrx_word' id='word_1_518' title='bbox 1381 4578 1521 4659; x_wconf 90' lang='lat' dir='ltr'><strong>planctu,</strong></span> <span class='ocrx_word' id='word_1_519' title='bbox 1544 4596 1607 4640; x_wconf 94' lang='lat' dir='ltr'><strong>non</strong></span> <span class='ocrx_word' id='word_1_520' title='bbox 1630 4578 1733 4641; x_wconf 94' lang='lat' dir='ltr'><strong>solum</strong></span> <span class='ocrx_word' id='word_1_521' title='bbox 1759 4587 1846 4655; x_wconf 91' lang='lat' dir='ltr'><strong>tunc,</strong></span> <span class='ocrx_word' id='word_1_522' title='bbox 1869 4579 1923 4641; x_wconf 88' lang='lat' dir='ltr'><strong>sed</strong></span> <span class='ocrx_word' id='word_1_523' title='bbox 1947 4589 1982 4642; x_wconf 81' lang='lat' dir='ltr'><strong>et</strong></span> 
     </span>
     <span class='ocr_line' id='line_1_43' title="bbox 428 4672 1982 4758; baseline 0.001 -19"><span class='ocrx_word' id='word_1_524' title='bbox 428 4684 538 4739; x_wconf 82' lang='lat' dir='ltr'><strong>xerunt</strong></span> <span class='ocrx_word' id='word_1_525' title='bbox 563 4674 643 4751; x_wconf 80' lang='lat' dir='ltr'><strong>sibi3</strong></span> <span class='ocrx_word' id='word_1_526' title='bbox 665 4674 689 4736; x_wconf 94' lang='lat' dir='ltr'><strong>si</strong></span> <span class='ocrx_word' id='word_1_527' title='bbox 716 4674 819 4737; x_wconf 89' lang='lat' dir='ltr'><strong>subito</strong></span> <span class='ocrx_word' id='word_1_528' title='bbox 845 4672 1026 4755; x_wconf 85' lang='lat' dir='ltr'><strong>apparuerit</strong></span> <span class='ocrx_word' id='word_1_529' title='bbox 1051 4691 1175 4749; x_wconf 89' lang='lat' dir='ltr'><strong>aurora,</strong></span> <span class='ocrx_word' id='word_1_530' title='bbox 1231 4675 1382 4757; x_wconf 87' lang='lat' dir='ltr'><strong>deinceps</strong></span> <span class='ocrx_word' id='word_1_531' title='bbox 1405 4676 1482 4740; x_wconf 93' lang='lat' dir='ltr'><strong>hora</strong></span> <span class='ocrx_word' id='word_1_532' title='bbox 1504 4678 1627 4757; x_wconf 89' lang='lat' dir='ltr'><strong>eadem,</strong></span> <span class='ocrx_word' id='word_1_533' title='bbox 1650 4677 1791 4758; x_wconf 91' lang='lat' dir='ltr'><strong>qualibet</strong></span> <span class='ocrx_word' id='word_1_534' title='bbox 1818 4687 1922 4755; x_wconf 87' lang='lat' dir='ltr'><strong>nocte,</strong></span> <span class='ocrx_word' id='word_1_535' title='bbox 1946 4678 1982 4741; x_wconf 92' lang='lat' dir='ltr'><strong>in</strong></span> 
     </span>
     <span class='ocr_line' id='line_1_44' title="bbox 427 4771 1983 4859; baseline 0 -20"><span class='ocrx_word' id='word_1_536' title='bbox 427 4775 619 4839; x_wconf 88' lang='lat' dir='ltr'><strong>arbitrantur</strong></span> <span class='ocrx_word' id='word_1_537' title='bbox 637 4773 726 4855; x_wconf 90' lang='lat' dir='ltr'><strong>quasi</strong></span> <span class='ocrx_word' id='word_1_538' title='bbox 747 4772 892 4835; x_wconf 91' lang='lat' dir='ltr'><strong>umbram</strong></span> <span class='ocrx_word' id='word_1_539' title='bbox 912 4772 1032 4834; x_wconf 92' lang='lat' dir='ltr'><strong>mortis.</strong></span> <span class='ocrx_word' id='word_1_540' title='bbox 1049 4772 1097 4833; x_wconf 85' lang='lat' dir='ltr'><strong>Ad</strong></span> <span class='ocrx_word' id='word_1_541' title='bbox 1116 4771 1177 4835; x_wconf 89' lang='lat' dir='ltr'><strong>hoc</strong></span> <span class='ocrx_word' id='word_1_542' title='bbox 1232 4781 1353 4837; x_wconf 89' lang='lat' dir='ltr'><strong>tantum</strong></span> <span class='ocrx_word' id='word_1_543' title='bbox 1378 4777 1461 4857; x_wconf 91' lang='lat' dir='ltr'><strong>quod</strong></span> <span class='ocrx_word' id='word_1_544' title='bbox 1487 4774 1586 4838; x_wconf 89' lang='lat' dir='ltr'><strong>facies</strong></span> <span class='ocrx_word' id='word_1_545' title='bbox 1611 4776 1681 4858; x_wconf 87' lang='lat' dir='ltr'><strong>ejus</strong></span> <span class='ocrx_word' id='word_1_546' title='bbox 1706 4796 1770 4859; x_wconf 75' lang='lat' dir='ltr'><strong>praa</strong></span> <span class='ocrx_word' id='word_1_547' title='bbox 1794 4776 1905 4839; x_wconf 89' lang='lat' dir='ltr'><strong>calidis</strong></span> <span class='ocrx_word' id='word_1_548' title='bbox 1935 4777 1983 4839; x_wconf 92' lang='lat' dir='ltr'><strong>la-</strong></span> 
     </span>
     <span class='ocr_line' id='line_1_45' title="bbox 427 4870 1982 4956; baseline 0.001 -19"><span class='ocrx_word' id='word_1_549' title='bbox 427 4893 554 4956; x_wconf 90' lang='lat' dir='ltr'><strong>quoque</strong></span> <span class='ocrx_word' id='word_1_550' title='bbox 589 4891 652 4935; x_wconf 93' lang='lat' dir='ltr'><strong>nno</strong></span> <span class='ocrx_word' id='word_1_551' title='bbox 687 4872 781 4934; x_wconf 93' lang='lat' dir='ltr'><strong>modo</strong></span> <span class='ocrx_word' id='word_1_552' title='bbox 816 4870 950 4951; x_wconf 91' lang='lat' dir='ltr'><strong>pertinet</strong></span> <span class='ocrx_word' id='word_1_553' title='bbox 980 4871 1063 4950; x_wconf 94' lang='lat' dir='ltr'><strong>quod</strong></span> <span class='ocrx_word' id='word_1_554' title='bbox 1093 4872 1176 4952; x_wconf 92' lang='lat' dir='ltr'><strong>apud</strong></span> <span class='ocrx_word' id='word_1_555' title='bbox 1232 4872 1339 4935; x_wconf 91' lang='lat' dir='ltr'><strong>crimis</strong></span> <span class='ocrx_word' id='word_1_556' title='bbox 1362 4873 1528 4937; x_wconf 87' lang='lat' dir='ltr'><strong>videbatur</strong></span> <span class='ocrx_word' id='word_1_557' title='bbox 1548 4876 1639 4955; x_wconf 92' lang='lat' dir='ltr'><strong>quasi</strong></span> <span class='ocrx_word' id='word_1_558' title='bbox 1660 4877 1783 4955; x_wconf 89' lang='lat' dir='ltr'><strong>adusta,</strong></span> <span class='ocrx_word' id='word_1_559' title='bbox 1806 4884 1842 4938; x_wconf 90' lang='lat' dir='ltr'><strong>ut</strong></span> <span class='ocrx_word' id='word_1_560' title='bbox 1862 4876 1893 4939; x_wconf 88' lang='lat' dir='ltr'><strong>S.</strong></span> <span class='ocrx_word' id='word_1_561' title='bbox 1910 4876 1982 4939; x_wconf 84' lang='lat' dir='ltr'><strong>Gle-</strong></span> 
     </span>
    </p>

    <p class='ocr_par' dir='ltr' id='par_1_7' title="bbox 290 4968 1480 5049">
     <span class='ocr_line' id='line_1_46' title="bbox 290 4968 1480 5049; baseline 0.002 -17"><span class='ocrx_word' id='word_1_562' title='bbox 290 4982 412 5031; x_wconf 67' lang='lat' dir='ltr'><strong>raalaio.</strong></span> <span class='ocrx_word' id='word_1_563' title='bbox 427 4973 580 5036; x_wconf 87' lang='lat' dir='ltr'><strong>loannem</strong></span> <span class='ocrx_word' id='word_1_564' title='bbox 605 4970 747 5033; x_wconf 89' lang='lat' dir='ltr'><strong>Salvator</strong></span> <span class='ocrx_word' id='word_1_565' title='bbox 771 4968 814 5032; x_wconf 89' lang='lat' dir='ltr'><strong>ait</strong></span> <span class='ocrx_word' id='word_1_566' title='bbox 840 4992 847 5030; x_wconf 74' lang='grc' dir='ltr'><strong><em>ε</em></strong></span> <span class='ocrx_word' id='word_1_567' title='bbox 874 4968 981 5030; x_wconf 86' lang='lat' dir='ltr'><strong>Omnis</strong></span> <span class='ocrx_word' id='word_1_568' title='bbox 1010 4969 1065 5049; x_wconf 94' lang='lat' dir='ltr'><strong>qui</strong></span> <span class='ocrx_word' id='word_1_569' title='bbox 1094 4970 1176 5032; x_wconf 91' lang='lat' dir='ltr'><strong>mala</strong></span> <span class='ocrx_word' id='word_1_570' title='bbox 1232 4992 1322 5034; x_wconf 92' lang='lat' dir='ltr'><strong>mens</strong></span> <span class='ocrx_word' id='word_1_571' title='bbox 1338 4980 1480 5034; x_wconf 90' lang='lat' dir='ltr'><strong>testatur.</strong></span> 
     </span>
    </p>

    <p class='ocr_par' dir='ltr' id='par_1_8' title="bbox 279 5048 1980 5254">
     <span class='ocr_line' id='line_1_47' title="bbox 279 5048 1736 5154; baseline 0.002 -20"><span class='ocrx_word' id='word_1_572' title='bbox 279 5048 314 5091; x_wconf 74' lang='lat'><strong>²⁰¹</strong></span> <span class='ocrx_word' id='word_1_573' title='bbox 426 5072 501 5154; x_wconf 87' lang='lat' dir='ltr'><strong>agit,</strong></span> <span class='ocrx_word' id='word_1_574' title='bbox 519 5070 584 5134; x_wconf 91' lang='lat' dir='ltr'><strong>odit</strong></span> <span class='ocrx_word' id='word_1_575' title='bbox 599 5070 714 5148; x_wconf 87' lang='lat' dir='ltr'><strong>lucem,</strong></span> <span class='ocrx_word' id='word_1_576' title='bbox 732 5075 763 5130; x_wconf 91' lang='lat' dir='ltr'><strong>ct</strong></span> <span class='ocrx_word' id='word_1_577' title='bbox 778 5086 842 5130; x_wconf 95' lang='lat' dir='ltr'><strong>non</strong></span> <span class='ocrx_word' id='word_1_578' title='bbox 857 5066 944 5129; x_wconf 87' lang='lat' dir='ltr'><strong>vonit</strong></span> <span class='ocrx_word' id='word_1_579' title='bbox 958 5068 996 5129; x_wconf 91' lang='lat' dir='ltr'><strong>ad</strong></span> <span class='ocrx_word' id='word_1_580' title='bbox 1013 5068 1129 5145; x_wconf 87' lang='lat' dir='ltr'><strong>lucem,</strong></span> <span class='ocrx_word' id='word_1_581' title='bbox 1142 5078 1177 5131; x_wconf 90' lang='lat' dir='ltr'><strong>ut</strong></span> <span class='ocrx_word' id='word_1_582' title='bbox 1270 5070 1314 5132; x_wconf 84' lang='lat' dir='ltr'><strong>Ex</strong></span> <span class='ocrx_word' id='word_1_583' title='bbox 1328 5070 1378 5132; x_wconf 92' lang='lat' dir='ltr'><strong>his</strong></span> <span class='ocrx_word' id='word_1_584' title='bbox 1394 5071 1538 5134; x_wconf 90' lang='lat' dir='ltr'><strong>subditur</strong></span> <span class='ocrx_word' id='word_1_585' title='bbox 1551 5073 1736 5137; x_wconf 79' lang='lat' dir='ltr'><strong>exhortatio.</strong></span> 
     </span>
     <span class='ocr_line' id='line_1_48' title="bbox 427 5166 1980 5254; baseline 0.001 -20"><span class='ocrx_word' id='word_1_586' title='bbox 427 5189 492 5234; x_wconf 91' lang='lat' dir='ltr'><strong>non</strong></span> <span class='ocrx_word' id='word_1_587' title='bbox 514 5176 687 5252; x_wconf 85' lang='lat' dir='ltr'><strong>arguantur</strong></span> <span class='ocrx_word' id='word_1_588' title='bbox 708 5185 805 5247; x_wconf 86' lang='lat' dir='ltr'><strong>opera</strong></span> <span class='ocrx_word' id='word_1_589' title='bbox 826 5166 908 5247; x_wconf 80' lang='lat' dir='ltr'><strong>ejus</strong></span> <span class='ocrx_word' id='word_1_590' title='bbox 1268 5174 1454 5247; x_wconf 77' lang='lat' dir='ltr'><strong>Surpamus</strong></span> <span class='ocrx_word' id='word_1_591' title='bbox 1474 5192 1550 5249; x_wconf 78' lang='lat' dir='ltr'><strong>erpo</strong></span> <span class='ocrx_word' id='word_1_592' title='bbox 1571 5172 1756 5233; x_wconf 73' lang='lat' dir='ltr'><strong>strenuuin</strong></span> <span class='ocrx_word' id='word_1_593' title='bbox 1778 5171 1881 5253; x_wconf 88' lang='lat' dir='ltr'><strong>primo</strong></span> <span class='ocrx_word' id='word_1_594' title='bbox 1901 5172 1980 5254; x_wconf 85' lang='lat' dir='ltr'><strong>galli</strong></span> 
     </span>
    </p>

    <p class='ocr_par' dir='ltr' id='par_1_9' title="bbox 341 5261 1980 5351">
     <span class='ocr_line' id='line_1_49' title="bbox 341 5261 1980 5351; baseline 0.003 -20"><span class='ocrx_word' id='word_1_595' title='bbox 341 5261 359 5321; x_wconf 68' lang='lat'>⁴</span> <span class='ocrx_word' id='word_1_596' title='bbox 466 5272 534 5333; x_wconf 86' lang='lat' dir='ltr'><strong>Hoc</strong></span> <span class='ocrx_word' id='word_1_597' title='bbox 549 5277 652 5331; x_wconf 78' lang='lat' dir='ltr'><strong>cauta</strong></span> <span class='ocrx_word' id='word_1_598' title='bbox 668 5268 755 5327; x_wconf 84' lang='lat' dir='ltr'><strong>vires</strong></span> <span class='ocrx_word' id='word_1_599' title='bbox 769 5268 907 5343; x_wconf 75' lang='lat' dir='ltr'><strong>callipit,</strong></span> <span class='ocrx_word' id='word_1_600' title='bbox 917 5265 948 5327; x_wconf 95' lang='lat' dir='ltr'><strong>id</strong></span> <span class='ocrx_word' id='word_1_601' title='bbox 965 5273 1174 5350; x_wconf 88' lang='lat' dir='ltr'><strong>est,tempora</strong></span> <span class='ocrx_word' id='word_1_602' title='bbox 1229 5277 1326 5331; x_wconf 90' lang='lat' dir='ltr'><strong>cantu</strong></span> <span class='ocrx_word' id='word_1_603' title='bbox 1353 5278 1408 5331; x_wconf 88' lang='lat' dir='ltr'><strong>aut</strong></span> <span class='ocrx_word' id='word_1_604' title='bbox 1436 5268 1572 5351; x_wconf 89' lang='lat' dir='ltr'><strong>circiter,</strong></span> <span class='ocrx_word' id='word_1_605' title='bbox 1599 5290 1655 5333; x_wconf 92' lang='lat' dir='ltr'><strong>seu</strong></span> <span class='ocrx_word' id='word_1_606' title='bbox 1684 5272 1761 5335; x_wconf 92' lang='lat' dir='ltr'><strong>hora</strong></span> <span class='ocrx_word' id='word_1_607' title='bbox 1790 5272 1830 5333; x_wconf 92' lang='lat' dir='ltr'><strong>ab</strong></span> <span class='ocrx_word' id='word_1_608' title='bbox 1860 5271 1980 5337; x_wconf 84' lang='lat' dir='ltr'><strong>Ordine</strong></span> 
     </span>
    </p>
   </div>
   <div class='ocr_carea' id='block_1_6' title="bbox 0 0 2167 6259">
    <p class='ocr_par' dir='ltr' id='par_1_10' title="bbox 0 0 2167 6259">
     <span class='ocr_line' id='line_1_50' title="bbox 0 0 2167 6259; baseline 0 0"><span class='ocrx_word' id='word_1_609' title='bbox 0 0 2167 6259; x_wconf 95' lang='lat' dir='ltr'><strong> </strong></span> 
     </span>
    </p>
   </div>
  </div>
 </body>
</html>
