4309 6259
538 502 577 547 DE
598 502 689 549 DONlS
711 502 846 549 sarulsus
866 501 986 558 sutton,
1008 502 1183 550 retornus
1205 504 1236 550 ll.
1252 524 1293 534 -
1313 506 1384 552 ΛΒΤ.
1406 506 1503 552 xxvul
1736 485 1794 554 {99

244 668 415 751 possibilia
430 680 504 733 sunt
524 672 632 734 omnia
644 672 720 751 Deo,
736 690 894 755 quamque
916 671 997 734 mul·
1011 672 1036 733 Α
1051 671 1175 736 habeat.
1193 674 1244 737 Sic
1259 684 1363 738 autem
1380 676 1574 757 inpraesenti
1594 677 1660 739 vita
1682 694 1797 759 cogno-

243 767 404 849 tipliciter
415 788 453 831 ac
468 770 632 833 evidenter
642 770 724 833 Deus
739 769 838 833 iidem
852 769 997 833 christia·
1051 772 1097 834 sci
1117 790 1180 835 non
1201 782 1333 853 possunt
1352 794 1388 838 ea
1411 794 1481 855 que
1504 775 1624 839 directe
1648 774 1707 837 sub
1731 775 1796 839 lide

245 886 325 929 nam
340 866 502 930 firmavit:
518 888 575 950 per
589 868 739 931 vaticinia
754 870 995 951 Prophetarum3
1052 870 1180 949 eadunt,
1211 872 1360 935 videlicet
1394 874 1520 936 articuli
1549 874 1649 949 lidei3
1680 874 1735 935 sed
1763 873 1796 933 in

247 983 310 1045 per
323 966 431 1028 omnia
444 966 604 1030 mirabilia
616 986 688 1048 quo
702 967 843 1030 Christus
858 966 891 1029 in
907 986 998 1029 mun·
1051 967 1153 1049 patria
1168 969 1418 1049 conspiciuntur.
1435 972 1524 1035 Nunc
1545 972 1632 1034 enim
1652 971 1798 1035 videmus
1818 982 1887 1027 leor-
1900 995 1944 1033 zu.

246 1064 294 1127 do
307 1064 441 1145 peregit,
456 1072 489 1127 et
508 1084 579 1146 que
600 1074 741 1147 tempore
762 1084 827 1127 suaa
841 1064 998 1146 passionis
1052 1085 1110 1147 per
1133 1068 1298 1147 speculum
1325 1070 1356 1131 in
1381 1070 1567 1150 aenigmate;
1594 1078 1669 1131 tunc
1693 1077 1798 1131 autern
1812 1046 1943 1159 ᾘΜ·

248 1160 287 1222 in
308 1162 390 1225 coelo
410 1182 447 1225 ac
469 1172 554 1225 terra
572 1161 715 1240 fiebant,
739 1183 795 1245 per
819 1164 998 1227 damonum
1053 1182 1282 1245 cognoscemus
1304 1168 1572 1249 quemadmodum
1600 1166 1718 1249 cogniti
1748 1186 1799 1229 su·

247 1260 464 1341 expulsiones,
494 1280 551 1343 per
578 1260 708 1323 infinita
735 1270 829 1342 atque
857 1261 999 1324 inaudita
1054 1282 1137 1341 mus,
1166 1265 1241 1345 quia
1275 1265 1456 1328 videbimus
1489 1266 1588 1329 Deum
1616 1265 1710 1328 sicuti
1738 1272 1796 1327 est.

247 1357 398 1439 prodigia
420 1378 491 1439 quaa
515 1358 690 1421 beatissimi
711 1359 852 1441 Apostoli
877 1368 909 1421 et
929 1378 999 1421 suc·
1053 1360 1143 1424 blodo
1158 1380 1234 1425 vero
1248 1362 1449 1427 ambulamus
1465 1383 1522 1446 per
1536 1364 1646 1441 iidem,
1663 1381 1726 1428 uon
1743 1381 1800 1444 per
1814 1383 1944 1435 nemer.

248 1472 396 1518 cessores
423 1474 533 1519 eorum
562 1456 728 1534 lecerunt;
754 1476 811 1539 per
838 1458 999 1538 incompa·
1054 1459 1207 1539 speciem,
1233 1480 1289 1523 seu
1313 1462 1558 1525 similitudinem
1582 1461 1681 1525 Deum
1705 1469 1799 1541 atque

248 1552 386 1615 rabilem
415 1555 613 1618 sanctitatem
643 1555 722 1637 legis
751 1554 942 1634 christiana,
968 1562 1000 1617 et
1054 1558 1164 1620 divina
1182 1558 1322 1639 'perfecte
1342 1568 1373 1622 et
1392 1561 1553 1641 adaquata
1574 1566 1800 1641 repraesentan-

248 1670 364 1713 eorum
391 1653 447 1733 qui
476 1654 510 1715 in
538 1673 576 1715 ea
604 1654 745 1735 perfecte
773 1662 1000 1716 conversantur
1054 1662 1129 1717 tem.
1147 1656 1528 1740 Undehpostoluszhunc
1543 1657 1673 1739 (inquit)
1688 1674 1801 1738 cogno
1829 1679 1946 1731 romani,

247 1758 287 1811 et
304 1751 423 1831 optime
445 1751 580 1829 vivunt3
596 1760 756 1833 postremo
777 1771 835 1834 per
853 1750 1001 1814 occultis-
1055 1772 1110 1817 sco
1132 1773 1170 1817 ex
1190 1764 1299 1836 parte;
1316 1774 1414 1836 quum
1440 1764 1544 1820 aulem
1570 1756 1694 1818 venerit
1716 1755 1800 1835 quod
1816 1748 1849 1797 ¹²·
1862 1746 1882 1795 ⁹·
1895 1746 1928 1787 ¹⁰·

247 1848 352 1911 simas
373 1848 607 1931 inspirationes,
624 1869 681 1931 per
699 1849 905 1912 suavissimas
926 1868 1001 1911 con·
1017 1856 1041 1917 Β
1057 1850 1233 1933 perlectum
1258 1861 1316 1931 est,
1337 1855 1369 1916 id
1394 1863 1451 1934 est,
1469 1872 1566 1935 quum
1591 1853 1673 1915 Deus
1698 1860 1802 1917 osten-

246 1946 436 2025 solationes,
453 1966 511 2030 per
530 1948 731 2009 admirandas
751 1947 999 2025 vicissitudines,
1056 1950 1139 2012 derit
1153 1969 1186 2011 se
1203 1950 1271 2013 sine
1287 1949 1389 2013 torma
1404 1958 1509 2013 creata
1523 1949 1713 2013 intermedia
1727 1968 1803 2012 con-

244 2062 333 2125 quas
371 2044 519 2107 meliores
553 2043 803 2107 Christianorum
843 2044 1002 2107 uberrime
1056 2048 1269 2129 spiciendum‚
1298 2048 1504 2111 evacuabitur
1531 2049 1615 2130 quod
1644 2067 1681 2111 cx
1715 2056 1803 2129 parte

245 2142 406 2206 sentiunt.
423 2144 480 2205 Per
495 2143 781 2206 considerationem
802 2161 929 2225 quoque
943 2143 1003 2205 mi«
1057 2153 1117 2223 est,
1134 2146 1164 2209 id
1189 2156 1247 2221 est,
1271 2146 1470 2228 imperiectio
1490 2144 1681 2228 cognitionis
1701 2164 1804 2208 cessa-

246 2239 404 2302 rabiliurn
432 2260 501 2322 quae
530 2240 562 2302 in
598 2250 711 2303 natura
738 2240 938 2322 contingunt,
967 2250 1002 2303 ut
1057 2244 1114 2307 hit.
1132 2244 1276 2307 Secundo
1292 2244 1408 2306 dicitur
1422 2244 1542 2326 aliquid
1558 2245 1643 2307 clare
1667 2243 1803 2324 intelligi

244 2340 340 2421 quod
366 2360 464 2421 parva
498 2339 620 2423 pupilla
654 2341 751 2404 totius
786 2340 1001 2421 hemispherii
1058 2361 1114 2405 seu
1138 2350 1340 2423 penetranter
1364 2343 1525 2423 cognosci,
1549 2341 1701 2424 quoniam
1722 2341 1805 2404 veri-

245 2438 838 2520 iormamaospeciemrecipit‚atque
854 2437 1002 2519 paralias
1058 2447 1106 2502 tas
1141 2440 1211 2521 ejus
1246 2450 1309 2503 tam
1344 2439 1447 2503 lucide
1480 2440 1587 2503 animo
1621 2440 1803 2518 innotescit,

245 2536 525 2599 considerationes
539 2544 659 2626 naturas
679 2555 785 2598 rerum
805 2536 1001 2615 innumeras,
1058 2539 1143 2620 quod
1163 2546 1292 2620 propter
1311 2538 1431 2600 nullam
1451 2537 1635 2599 instantiam
1651 2536 1701 2600 vel
1722 2545 1805 2599 exte-

245 2632 413 2696 stabilitur
434 2633 514 2695 ratio
536 2633 569 2694 in
593 2633 668 2695 lidei
690 2634 833 2711 veritate,
849 2634 934 2696 dono
955 2632 1003 2695 in·
1058 2636 1174 2698 riorem
1203 2636 1420 2717 apparentiam
1445 2636 1485 2698 ab
1509 2654 1546 2697 ea
1569 2635 1733 2697 discedere
1753 2653 1806 2696 ve-

246 2732 402 2795 tellectus
429 2739 568 2794 mentem
596 2733 636 2795 ad
664 2732 724 2793 ista
752 2730 938 2794 sublevante
971 2740 1003 2793 et
1058 2733 1106 2813 lit,
1127 2734 1273 2816 quamvis
1297 2733 1366 2813 ipsa
1388 2732 1420 2795 in
1441 2752 1474 2795 se
1495 2733 1562 2814 ipsa
1586 2750 1643 2814 per
1664 2732 1804 2814 speciem

245 2830 444 2893 illustrante.
1058 2832 1219 2914 propriam
1246 2832 1386 2894 nondum
1412 2831 1600 2893 elucescat:
1627 2829 1724 2892 etita
1748 2848 1805 2912 per

1057 2931 1177 2993 donum
1203 2929 1383 2992 intellectus
1406 2928 1544 2992 dicimur
1567 2928 1725 2991 credenda
1754 2945 1805 2990 co·

768 3083 779 3098 ,
1016 3038 1222 3109 cgnoscere.
1249 3027 1390 3089 Christus
1418 3045 1494 3089 vero
1524 3025 1623 3089 tidem
1652 3043 1717 3088 non
1750 3025 1805 3087 ha-

415 3084 660 3148 ARTICULUS
683 3083 841 3147 XthlI.
1059 3126 1139 3205 buit,
1161 3126 1235 3207 quia
1259 3126 1433 3187 secundum
1455 3124 1594 3207 primum
1616 3124 1746 3188 modurn
1768 3142 1805 3185 ea

246 3236 408 3305 Qualiter
422 3236 606 3293 intellectus
624 3241 655 3291 et
668 3236 750 3309 fides
768 3235 869 3293 simut
888 3233 1003 3293 haberi
1058 3224 1218 3305 cognovit.

465 3325 595 3381 valeant
613 3323 654 3381 de
672 3324 790 3381 eodem.
1098 3323 1232 3385 Possunt
1253 3329 1358 3383 autem
1378 3322 1417 3383 ad
1437 3319 1612 3401 quemlibet
1634 3318 1804 3381 articulum

1058 3418 1135 3482 lidei
1168 3419 1308 3501 pulchrae
1343 3418 1545 3499 probationes
1577 3416 1705 3495 adduci,
1734 3434 1804 3497 qum

333 3518 426 3581 luuu
445 3526 596 3599 preterea
614 3516 758 3579 fortassis
778 3516 903 3580 videtur
926 3536 1002 3599 quo-
1058 3518 1204 3600 quamvis
1223 3518 1477 3579 demonstrative
1498 3534 1563 3577 non
1585 3514 1659 3590 sint,
1676 3513 1805 3575 eviden-

347 3616 442 3679 modo
465 3616 505 3677 de
528 3615 638 3677 eadem
662 3614 794 3677 veritate
820 3616 919 3696 possit
946 3615 1003 3677 ali·
1057 3623 1106 3677 ter
1122 3622 1225 3677 tamen
1240 3616 1409 3676 ostendunt
1424 3612 1522 3675 fidem
1536 3630 1600 3675 non
1613 3631 1682 3675 esse
1694 3618 1804 3673 contra

245 3716 329 3797 quis
350 3713 448 3776 iidem
467 3713 583 3775 habere
602 3722 632 3775 et
654 3713 861 3775 intellectum.
878 3712 1003 3775 lntelle-
1058 3713 1213 3775 rationem
1239 3711 1456 3773 naturalemve
1483 3710 1597 3791 legem,
1624 3711 1677 3773 sed
1708 3728 1803 3790 supra

42 3840 225 3898 mm,
246 3812 437 3888 musenim,
455 3811 623 3874 utdietum
642 3820 701 3889 est,
718 3811 862 3891 designat
884 3811 1001 3873 claram
1057 3832 1112 3876 eas
1130 3836 1136 3873 :
1154 3811 1238 3872 unde
1263 3811 1396 3893 patescit
1419 3810 1502 3891 quod
1527 3827 1590 3872 non
1616 3809 1657 3870 sit
1680 3808 1804 3871 irratio-

247 3930 292 3974 ac
309 3910 453 3972 intimam
469 3927 526 3971 seu
541 3916 758 3989 penetrantem
774 3909 819 3971 rei
836 3908 1000 3982 notitiam3
1058 3911 1140 3973 nelis
1155 3910 1205 3971 vcl
1227 3909 1265 3971 de
1288 3907 1551 3988 impossibilibus,
1568 3908 1624 3969 sed
1643 3905 1753 3968 divina
1772 3913 1804 3967 et

42 4044 136 4087 nem.
149 4040 226 4089 11.r.
248 4010 341 4073 fides
363 4026 438 4071 vero
462 4015 511 4068 est
533 4007 572 4069 de
596 4024 660 4069 non
686 4006 936 4088 apparentibus:
954 4014 1002 4068 cst
1058 4007 1318 4089 supernaturalis.
1334 4006 1372 4068 Et
1394 4005 1507 4069 merito
1522 4023 1586 4067 non
1605 4005 1698 4068 debet
1717 4004 1803 4087 quis·

246 4107 344 4171 enirn
368 4113 588 4187 argumentum
608 4123 672 4167 non
694 4104 926 4186 apparentium.
944 4105 1002 4167 lle·
1058 4108 1143 4188 piam
1166 4115 1293 4187 propter
1316 4104 1472 4184 judicium
1498 4123 1648 4166 sensuum
1672 4104 1803 4167 exterio

246 4208 356 4286 nique
368 4204 536 4286 Gregorius
550 4202 605 4281 ait,
621 4204 705 4283 quod
721 4203 803 4266 fides
822 4222 886 4265 non
906 4204 1000 4265 habet
1018 4204 1043 4267 D
1058 4224 1128 4267 rum
1149 4214 1201 4267 aut
1226 4213 1410 4285 argumenta
1429 4203 1569 4265 humana
1588 4202 1687 4265 tidem
1708 4202 1803 4265 relin-

246 4304 463 4386 agnitionem,
494 4303 549 4364 sed
577 4302 806 4364 credulitatem.
834 4301 901 4364 Non
926 4320 1000 4382 ergo
1056 4321 1165 4383 quere,
1203 4321 1301 4383 quum
1339 4302 1447 4364 omnia
1484 4301 1560 4364 lidei
1597 4301 1804 4363 fundamenta

247 4410 343 4468 stant
359 4402 453 4465 simul
474 4400 653 4463 intellectus
672 4408 703 4463 et
722 4400 816 4479 tides,
837 4420 935 4482 quum
955 4401 1003 4462 vi·
1058 4400 1310 4481 supernaturalia
1335 4400 1398 4461 sint
1417 4408 1511 4480 atque
1530 4399 1650 4461 divina.
1667 4397 1729 4461 Nec
1750 4399 1804 4461 de-

247 4506 392 4567 deantur
418 4500 587 4563 contraria.
612 4498 754 4561 Christus
782 4518 908 4580 quoque
937 4518 999 4561 non
1057 4498 1170 4561 bemus
1191 4498 1292 4561 solum
1313 4497 1474 4559 attendere
1497 4496 1573 4577 quid
1598 4496 1731 4575 dicatur,
1748 4497 1803 4557 sed

247 4600 369 4665 habuit
402 4598 512 4677 iidem,
542 4597 693 4679 quoniam
726 4616 763 4659 ca
791 4614 925 4677 quorum
955 4605 1002 4657 est
1057 4598 1129 4676 quis
1158 4596 1253 4659 dicat.
1284 4596 1316 4657 Si
1345 4594 1430 4656 enim
1458 4593 1616 4655 Christum
1644 4592 1803 4654 credimus

246 4699 352 4774 fides,
368 4695 451 4758 clare
464 4714 501 4757 ac
520 4695 717 4775 penetrativa
736 4694 886 4775 cognovit
902 4716 909 4754 :
926 4712 1001 4773 ergo
1058 4695 1156 4757 lleum
1185 4714 1221 4757 ac
1250 4692 1424 4768 hominem,
1450 4690 1603 4753 debemus
1627 4689 1803 4752 certissime

247 4816 316 4860 neo
347 4793 459 4874 reliqui
486 4793 606 4856 donum
632 4792 811 4854 intellectus
835 4792 999 4869 habentes,
1057 4794 1156 4856 iidem
1172 4792 1242 4873 ejus
1258 4790 1381 4853 sectari.
1398 4790 1430 4851 Si
1446 4808 1520 4852 vero
1535 4788 1607 4870 quis
1622 4788 1702 4851 scire
1721 4788 1804 4850 desi-

246 4896 355 4960 fidem
376 4893 503 4955 hahent.
1056 4892 1145 4953 deret
1166 4889 1324 4951 Christum
1348 4908 1416 4949 esse
1442 4888 1540 4949 Deum
1565 4906 1601 4950 ac
1627 4886 1800 4965 hominem,

294 4990 616 5072 Etrespondendum,
631 4990 717 5070 quod
737 4989 906 5070 dupliciter
924 4990 1003 5053 dici·
1057 4990 1159 5051 discat
1183 4996 1214 5050 et
1239 4994 1349 5069 penset
1373 4985 1448 5065 quid
1474 4985 1513 5046 de
1537 5004 1575 5049 eo
1600 4984 1631 5046 iu
1656 5003 1738 5047 nova
1766 5002 1802 5045 ac

248 5104 307 5155 tur
321 5089 441 5171 aliquid
456 5089 541 5151 clare
557 5087 703 5169 intelligi.
719 5087 834 5166 Primo,
850 5090 927 5151 dum
945 5109 1003 5170 per
1057 5085 1156 5149 veteri
1180 5085 1249 5167 lege
1271 5083 1486 5165 conscriptum
1511 5082 1562 5159 sit,
1579 5082 1684 5162 qualia
1708 5100 1804 5163 opera

249 5187 418 5273 propriam
433 5184 573 5266 speciem
588 5184 741 5261 cernitur,
756 5192 788 5246 et
803 5184 871 5266 ipsa
886 5186 1002 5247 veritas
1058 5185 1129 5266 ejus
1145 5183 1284 5261 luerunt,
1300 5183 1376 5263 quid
1392 5182 1462 5263 ejus
1478 5180 1614 5243 ministri
1634 5180 1668 5241 in
1689 5180 1804 5243 virtute

250 5285 399 5371 perfode
422 5281 549 5346 videtur
567 5284 727 5363 quomodo
752 5284 785 5345 in
810 5302 844 5346 se
872 5283 942 5366 ipsa
968 5303 1003 5347 se
1059 5282 1161 5365 ipsius
1183 5289 1325 5364 egerunt.
