<?xml version="1.0" encoding="UTF-8"?>
<!DOCTYPE html PUBLIC "-//W3C//DTD XHTML 1.0 Transitional//EN"
    "http://www.w3.org/TR/xhtml1/DTD/xhtml1-transitional.dtd">
<html xmlns="http://www.w3.org/1999/xhtml" xml:lang="en" lang="en">
 <head>
  <title>
</title>
<meta http-equiv="Content-Type" content="text/html;charset=utf-8" />
  <meta name='ocr-system' content='tesseract 3.04.00' />
  <meta name='ocr-capabilities' content='ocr_page ocr_carea ocr_par ocr_line ocrx_word'/>
</head>
<body>
  <div class='ocr_page' id='page_1' title='image "./doctorisecstati02unkngoog/doctorisecstati02unkngoog_0100.png"; bbox 0 0 4309 6259; ppageno 0'>
   <div class='ocr_carea' id='block_1_1' title="bbox 440 468 479 533">
    <p class='ocr_par' dir='ltr' id='par_1_1' title="bbox 440 468 479 533">
     <span class='ocr_line' id='line_1_1' title="bbox 440 468 479 533; baseline 0 0"><span class='ocrx_word' id='word_1_1' title='bbox 440 468 479 533; x_wconf 78' lang='lat'><strong>92</strong></span> 
     </span>
    </p>
   </div>
   <div class='ocr_carea' id='block_1_2' title="bbox 831 488 1600 549">
    <p class='ocr_par' dir='ltr' id='par_1_2' title="bbox 831 488 1600 549">
     <span class='ocr_line' id='line_1_2' title="bbox 831 488 1600 549; baseline 0 -12"><span class='ocrx_word' id='word_1_2' title='bbox 831 490 986 537; x_wconf 73' lang='lat' dir='ltr'><strong>exaestuo</strong></span> <span class='ocrx_word' id='word_1_3' title='bbox 1006 488 1105 536; x_wconf 73' lang='lat' dir='ltr'><strong>ntum</strong></span> <span class='ocrx_word' id='word_1_4' title='bbox 1130 496 1136 533; x_wconf 85' lang='lat'><strong>:</strong></span> <span class='ocrx_word' id='word_1_5' title='bbox 1159 489 1314 549; x_wconf 73' lang='grc' dir='ltr'><strong>ΙΕΙΕΝΤΟ,</strong></span> <span class='ocrx_word' id='word_1_6' title='bbox 1337 490 1460 538; x_wconf 72' lang='lat' dir='ltr'><strong>salonis</strong></span> <span class='ocrx_word' id='word_1_7' title='bbox 1481 490 1600 539; x_wconf 73' lang='lat' dir='ltr'><strong>noeros</strong></span> 
     </span>
    </p>
   </div>
   <div class='ocr_carea' id='block_1_3' title="bbox 356 660 1991 743">
    <p class='ocr_par' dir='ltr' id='par_1_3' title="bbox 356 660 1991 743">
     <span class='ocr_line' id='line_1_3' title="bbox 356 660 1991 743; baseline 0.002 -24"><span class='ocrx_word' id='word_1_8' title='bbox 356 664 373 719; x_wconf 83' lang='lat'><strong>3</strong></span> <span class='ocrx_word' id='word_1_9' title='bbox 479 660 606 729; x_wconf 78' lang='lat' dir='ltr'><strong>Maria,</strong></span> <span class='ocrx_word' id='word_1_10' title='bbox 631 663 741 722; x_wconf 80' lang='lat' dir='ltr'><em>Mater</em></span> <span class='ocrx_word' id='word_1_11' title='bbox 763 661 910 731; x_wconf 82' lang='lat' dir='ltr'><em>Domini,</em></span> <span class='ocrx_word' id='word_1_12' title='bbox 930 663 1048 721; x_wconf 82' lang='lat' dir='ltr'><strong>oeternt&#39;</strong></span> <span class='ocrx_word' id='word_1_13' title='bbox 1071 662 1189 723; x_wconf 83' lang='lat' dir='ltr'><strong>Patris</strong></span> <span class='ocrx_word' id='word_1_14' title='bbox 1202 661 1227 722; x_wconf 82' lang='lat' dir='ltr'>A</span> <span class='ocrx_word' id='word_1_15' title='bbox 1241 660 1363 743; x_wconf 77' lang='lat' dir='ltr'><strong>angelis</strong></span> <span class='ocrx_word' id='word_1_16' title='bbox 1395 661 1455 724; x_wconf 91' lang='lat' dir='ltr'><strong>luit</strong></span> <span class='ocrx_word' id='word_1_17' title='bbox 1489 680 1592 740; x_wconf 77' lang='lat' dir='ltr'><strong>casuS,</strong></span> <span class='ocrx_word' id='word_1_18' title='bbox 1629 661 1689 725; x_wconf 90' lang='lat' dir='ltr'><strong>hoc</strong></span> <span class='ocrx_word' id='word_1_19' title='bbox 1724 660 1905 725; x_wconf 87' lang='lat' dir='ltr'><strong>hominibus</strong></span> <span class='ocrx_word' id='word_1_20' title='bbox 1941 666 1991 723; x_wconf 88' lang='lat' dir='ltr'><strong>est</strong></span> 
     </span>
    </p>
   </div>
   <div class='ocr_carea' id='block_1_4' title="bbox 438 756 1189 1821">
    <p class='ocr_par' dir='ltr' id='par_1_4' title="bbox 439 756 1189 1331">
     <span class='ocr_line' id='line_1_4' title="bbox 441 756 1189 840; baseline 0.003 -23"><span class='ocrx_word' id='word_1_21' title='bbox 441 757 537 825; x_wconf 82' lang='lat' dir='ltr'><strong>Filii,</strong></span> <span class='ocrx_word' id='word_1_22' title='bbox 553 756 584 818; x_wconf 93' lang='lat' dir='ltr'><strong>id</strong></span> <span class='ocrx_word' id='word_1_23' title='bbox 600 766 648 819; x_wconf 98' lang='grc' dir='ltr'><strong>θεῖ</strong></span> <span class='ocrx_word' id='word_1_24' title='bbox 662 757 759 821; x_wconf 81' lang='lat' dir='ltr'>Mater</span> <span class='ocrx_word' id='word_1_25' title='bbox 772 757 895 839; x_wconf 81' lang='lat' dir='ltr'><strong>Christi,</strong></span> <span class='ocrx_word' id='word_1_26' title='bbox 912 758 966 839; x_wconf 86' lang='lat' dir='ltr'><strong>qui</strong></span> <span class='ocrx_word' id='word_1_27' title='bbox 981 766 1031 821; x_wconf 82' lang='lat' dir='ltr'><strong>est.</strong></span> <span class='ocrx_word' id='word_1_28' title='bbox 1044 758 1189 840; x_wconf 87' lang='lat' dir='ltr'><strong>unigeni-</strong></span> 
     </span>
     <span class='ocr_line' id='line_1_5' title="bbox 440 854 1186 937; baseline 0.005 -23"><span class='ocrx_word' id='word_1_29' title='bbox 440 862 491 915; x_wconf 89' lang='lat' dir='ltr'><strong>tus</strong></span> <span class='ocrx_word' id='word_1_30' title='bbox 511 854 607 917; x_wconf 85' lang='lat' dir='ltr'><strong>Filius</strong></span> <span class='ocrx_word' id='word_1_31' title='bbox 627 856 725 919; x_wconf 87' lang='lat' dir='ltr'><strong>Patris</strong></span> <span class='ocrx_word' id='word_1_32' title='bbox 748 858 868 937; x_wconf 84' lang='lat' dir='ltr'><strong>aeterni,</strong></span> <span class='ocrx_word' id='word_1_33' title='bbox 883 859 938 935; x_wconf 85' lang='lat' dir='ltr'><strong>fer</strong></span> <span class='ocrx_word' id='word_1_34' title='bbox 952 877 1054 934; x_wconf 82' lang='lat' dir='ltr'><strong>opem,</strong></span> <span class='ocrx_word' id='word_1_35' title='bbox 1069 858 1100 919; x_wconf 90' lang='lat' dir='ltr'><strong>id</strong></span> <span class='ocrx_word' id='word_1_36' title='bbox 1127 865 1186 936; x_wconf 89' lang='grc' dir='ltr'><strong>θεῖ,</strong></span> 
     </span>
     <span class='ocr_line' id='line_1_6' title="bbox 439 953 1188 1036; baseline -0.001 -20"><span class='ocrx_word' id='word_1_37' title='bbox 439 953 589 1036; x_wconf 85' lang='lat' dir='ltr'><strong>impende</strong></span> <span class='ocrx_word' id='word_1_38' title='bbox 611 954 772 1033; x_wconf 84' lang='lat' dir='ltr'><strong>auxilium,</strong></span> <span class='ocrx_word' id='word_1_39' title='bbox 798 958 889 1016; x_wconf 83' lang='lat' dir='ltr'><strong>nobis</strong></span> <span class='ocrx_word' id='word_1_40' title='bbox 912 958 1062 1017; x_wconf 80' lang='lat' dir='ltr'><strong>omnibus</strong></span> <span class='ocrx_word' id='word_1_41' title='bbox 1090 959 1134 1015; x_wconf 84' lang='lat' dir='ltr'><strong>nd</strong></span> <span class='ocrx_word' id='word_1_42' title='bbox 1158 966 1188 1016; x_wconf 87' lang='lat' dir='ltr'><strong>te</strong></span> 
     </span>
     <span class='ocr_line' id='line_1_7' title="bbox 440 1054 1185 1135; baseline 0.005 -24"><span class='ocrx_word' id='word_1_43' title='bbox 440 1055 716 1130; x_wconf 77' lang='lat' dir='ltr'><strong>consopientidns,</strong></span> <span class='ocrx_word' id='word_1_44' title='bbox 732 1054 763 1115; x_wconf 93' lang='lat' dir='ltr'><strong>id</strong></span> <span class='ocrx_word' id='word_1_45' title='bbox 779 1062 837 1133; x_wconf 91' lang='grc' dir='ltr'><strong>θεῖ,</strong></span> <span class='ocrx_word' id='word_1_46' title='bbox 854 1054 984 1135; x_wconf 86' lang='lat' dir='ltr'><strong>gratiam</strong></span> <span class='ocrx_word' id='word_1_47' title='bbox 1001 1054 1185 1135; x_wconf 63' lang='lat' dir='ltr'><strong>paenitendi,</strong></span> 
     </span>
     <span class='ocr_line' id='line_1_8' title="bbox 441 1150 1186 1234; baseline 0.001 -22"><span class='ocrx_word' id='word_1_48' title='bbox 441 1150 638 1231; x_wconf 79' lang='lat' dir='ltr'><strong>proficiendi,</strong></span> <span class='ocrx_word' id='word_1_49' title='bbox 670 1150 857 1232; x_wconf 81' lang='lat' dir='ltr'><strong>perficiendi</strong></span> <span class='ocrx_word' id='word_1_50' title='bbox 892 1171 929 1215; x_wconf 88' lang='lat' dir='ltr'><strong>ae</strong></span> <span class='ocrx_word' id='word_1_51' title='bbox 964 1152 1186 1234; x_wconf 88' lang='lat' dir='ltr'><strong>perseverandi</strong></span> 
     </span>
     <span class='ocr_line' id='line_1_9' title="bbox 440 1246 854 1331; baseline 0.007 -23"><span class='ocrx_word' id='word_1_52' title='bbox 440 1246 575 1311; x_wconf 77' lang='lat' dir='ltr'><strong>feliciter</strong></span> <span class='ocrx_word' id='word_1_53' title='bbox 595 1248 730 1331; x_wconf 89' lang='lat' dir='ltr'><strong>impetra</strong></span> <span class='ocrx_word' id='word_1_54' title='bbox 751 1250 854 1313; x_wconf 90' lang='lat' dir='ltr'><strong>nobis.</strong></span> 
     </span>
    </p>

    <p class='ocr_par' dir='ltr' id='par_1_5' title="bbox 438 1347 1187 1821">
     <span class='ocr_line' id='line_1_10' title="bbox 479 1347 1186 1428; baseline 0.003 -19"><span class='ocrx_word' id='word_1_55' title='bbox 479 1350 548 1409; x_wconf 87' lang='lat' dir='ltr'><strong>Per</strong></span> <span class='ocrx_word' id='word_1_56' title='bbox 577 1356 683 1419; x_wconf 81' lang='lat' dir='ltr'><strong>tuum,</strong></span> <span class='ocrx_word' id='word_1_57' title='bbox 718 1350 826 1426; x_wconf 76' lang='lat' dir='ltr'><strong>Virpo,</strong></span> <span class='ocrx_word' id='word_1_58' title='bbox 851 1350 990 1418; x_wconf 71' lang='lat' dir='ltr'><strong>Filium,</strong></span> <span class='ocrx_word' id='word_1_59' title='bbox 1019 1347 1049 1409; x_wconf 95' lang='lat' dir='ltr'><strong>id</strong></span> <span class='ocrx_word' id='word_1_60' title='bbox 1079 1357 1138 1428; x_wconf 91' lang='grc' dir='ltr'><strong>θεῖ,</strong></span> <span class='ocrx_word' id='word_1_61' title='bbox 1167 1366 1186 1411; x_wconf 96' lang='lat' dir='ltr'><strong>o</strong></span> 
     </span>
     <span class='ocr_line' id='line_1_11' title="bbox 440 1444 1187 1527; baseline 0.004 -21"><span class='ocrx_word' id='word_1_62' title='bbox 440 1444 621 1507; x_wconf 85' lang='lat' dir='ltr'><strong>beatissima</strong></span> <span class='ocrx_word' id='word_1_63' title='bbox 636 1444 742 1527; x_wconf 88' lang='lat' dir='ltr'><strong>Virgo,</strong></span> <span class='ocrx_word' id='word_1_64' title='bbox 759 1464 816 1527; x_wconf 87' lang='lat' dir='ltr'><strong>per</strong></span> <span class='ocrx_word' id='word_1_65' title='bbox 829 1466 867 1508; x_wconf 90' lang='lat' dir='ltr'><strong>ea</strong></span> <span class='ocrx_word' id='word_1_66' title='bbox 882 1454 913 1508; x_wconf 84' lang='lat' dir='ltr'><strong>ct</strong></span> <span class='ocrx_word' id='word_1_67' title='bbox 932 1455 1062 1527; x_wconf 88' lang='lat' dir='ltr'><strong>propter</strong></span> <span class='ocrx_word' id='word_1_68' title='bbox 1079 1446 1187 1509; x_wconf 86' lang='lat' dir='ltr'><strong>omnia</strong></span> 
     </span>
     <span class='ocr_line' id='line_1_12' title="bbox 438 1541 1187 1627; baseline 0.004 -23"><span class='ocrx_word' id='word_1_69' title='bbox 438 1541 493 1604; x_wconf 89' lang='lat' dir='ltr'><strong>illa</strong></span> <span class='ocrx_word' id='word_1_70' title='bbox 526 1562 596 1624; x_wconf 75' lang='lat' dir='ltr'><strong>quat</strong></span> <span class='ocrx_word' id='word_1_71' title='bbox 626 1543 737 1606; x_wconf 90' lang='lat' dir='ltr'><strong>unicus</strong></span> <span class='ocrx_word' id='word_1_72' title='bbox 766 1544 862 1606; x_wconf 84' lang='lat' dir='ltr'><strong>Filius</strong></span> <span class='ocrx_word' id='word_1_73' title='bbox 890 1551 963 1607; x_wconf 92' lang='lat' dir='ltr'><strong>tuus</strong></span> <span class='ocrx_word' id='word_1_74' title='bbox 993 1563 1050 1627; x_wconf 91' lang='lat' dir='ltr'><strong>pro</strong></span> <span class='ocrx_word' id='word_1_75' title='bbox 1079 1553 1187 1608; x_wconf 88' lang='lat' dir='ltr'><strong>nostra</strong></span> 
     </span>
     <span class='ocr_line' id='line_1_13' title="bbox 438 1640 1186 1725; baseline 0.003 -22"><span class='ocrx_word' id='word_1_76' title='bbox 438 1640 619 1723; x_wconf 80' lang='lat' dir='ltr'><strong>assumpsit,</strong></span> <span class='ocrx_word' id='word_1_77' title='bbox 636 1642 713 1705; x_wconf 88' lang='lat' dir='ltr'><strong>lecit</strong></span> <span class='ocrx_word' id='word_1_78' title='bbox 727 1642 916 1725; x_wconf 73' lang='lat' dir='ltr'>pertulitque</span> <span class='ocrx_word' id='word_1_79' title='bbox 936 1642 1049 1723; x_wconf 89' lang='lat' dir='ltr'><strong>salute,</strong></span> <span class='ocrx_word' id='word_1_80' title='bbox 1065 1651 1097 1705; x_wconf 91' lang='lat' dir='ltr'><strong>et</strong></span> <span class='ocrx_word' id='word_1_81' title='bbox 1116 1644 1186 1724; x_wconf 89' lang='lat' dir='ltr'><strong>ejus</strong></span> 
     </span>
     <span class='ocr_line' id='line_1_14' title="bbox 438 1740 1185 1821; baseline 0.003 -21"><span class='ocrx_word' id='word_1_82' title='bbox 438 1757 544 1803; x_wconf 91' lang='lat' dir='ltr'><strong>amore</strong></span> <span class='ocrx_word' id='word_1_83' title='bbox 559 1748 653 1821; x_wconf 74' lang='lat' dir='ltr'><strong>anpue</strong></span> <span class='ocrx_word' id='word_1_84' title='bbox 669 1740 833 1820; x_wconf 90' lang='lat' dir='ltr'><strong>intuitu,et</strong></span> <span class='ocrx_word' id='word_1_85' title='bbox 847 1741 888 1804; x_wconf 92' lang='lat' dir='ltr'><strong>ob</strong></span> <span class='ocrx_word' id='word_1_86' title='bbox 904 1760 1031 1804; x_wconf 87' lang='lat' dir='ltr'><strong>omnem</strong></span> <span class='ocrx_word' id='word_1_87' title='bbox 1043 1748 1185 1803; x_wconf 87' lang='lat' dir='ltr'><strong>mutuam</strong></span> 
     </span>
    </p>
   </div>
   <div class='ocr_carea' id='block_1_5' title="bbox 1240 755 1991 1213">
    <p class='ocr_par' dir='ltr' id='par_1_6' title="bbox 1240 755 1991 1213">
     <span class='ocr_line' id='line_1_15' title="bbox 1242 755 1991 837; baseline -0.001 -20"><span class='ocrx_word' id='word_1_88' title='bbox 1242 774 1347 833; x_wconf 82' lang='lat' dir='ltr'><strong>mors3</strong></span> <span class='ocrx_word' id='word_1_89' title='bbox 1373 764 1480 837; x_wconf 87' lang='lat' dir='ltr'><strong>atque,</strong></span> <span class='ocrx_word' id='word_1_90' title='bbox 1502 764 1537 819; x_wconf 90' lang='lat' dir='ltr'><strong>ut</strong></span> <span class='ocrx_word' id='word_1_91' title='bbox 1561 764 1689 819; x_wconf 89' lang='lat' dir='ltr'><strong>sanctus</strong></span> <span class='ocrx_word' id='word_1_92' title='bbox 1713 755 1826 821; x_wconf 88' lang='lat' dir='ltr'><strong>asserit</strong></span> <span class='ocrx_word' id='word_1_93' title='bbox 1843 755 1991 837; x_wconf 83' lang='lat' dir='ltr'><strong>Augusti-</strong></span> 
     </span>
     <span class='ocr_line' id='line_1_16' title="bbox 1241 853 1991 933; baseline -0.001 -17"><span class='ocrx_word' id='word_1_94' title='bbox 1241 873 1313 932; x_wconf 89' lang='lat' dir='ltr'><strong>nus,</strong></span> <span class='ocrx_word' id='word_1_95' title='bbox 1330 854 1362 916; x_wconf 93' lang='lat' dir='ltr'><strong>in</strong></span> <span class='ocrx_word' id='word_1_96' title='bbox 1388 872 1437 933; x_wconf 91' lang='lat' dir='ltr'><strong>eo,</strong></span> <span class='ocrx_word' id='word_1_97' title='bbox 1459 855 1519 917; x_wconf 92' lang='lat' dir='ltr'><strong>hoc</strong></span> <span class='ocrx_word' id='word_1_98' title='bbox 1544 854 1648 917; x_wconf 87' lang='lat' dir='ltr'><strong>estin</strong></span> <span class='ocrx_word' id='word_1_99' title='bbox 1671 856 1726 918; x_wconf 89' lang='lat' dir='ltr'><strong>illa</strong></span> <span class='ocrx_word' id='word_1_100' title='bbox 1750 853 1934 917; x_wconf 82' lang='lat' dir='ltr'><strong>habitudine</strong></span> <span class='ocrx_word' id='word_1_101' title='bbox 1958 861 1991 916; x_wconf 89' lang='lat' dir='ltr'><strong>et</strong></span> 
     </span>
     <span class='ocr_line' id='line_1_17' title="bbox 1240 952 1991 1035; baseline -0.003 -20"><span class='ocrx_word' id='word_1_102' title='bbox 1240 952 1455 1033; x_wconf 81' lang='lat' dir='ltr'><strong>dispositione,</strong></span> <span class='ocrx_word' id='word_1_103' title='bbox 1479 952 1621 1016; x_wconf 88' lang='lat' dir='ltr'><strong>inveniet</strong></span> <span class='ocrx_word' id='word_1_104' title='bbox 1649 971 1907 1035; x_wconf 83' lang='lat' dir='ltr'><strong>unumquemque</strong></span> <span class='ocrx_word' id='word_1_105' title='bbox 1937 971 1991 1014; x_wconf 84' lang='lat' dir='ltr'><strong>ex-</strong></span> 
     </span>
     <span class='ocr_line' id='line_1_18' title="bbox 1242 1049 1989 1132; baseline -0.001 -20"><span class='ocrx_word' id='word_1_106' title='bbox 1242 1059 1360 1113; x_wconf 87' lang='lat' dir='ltr'><strong>tremus</strong></span> <span class='ocrx_word' id='word_1_107' title='bbox 1375 1050 1454 1130; x_wconf 89' lang='lat' dir='ltr'><strong>dies,</strong></span> <span class='ocrx_word' id='word_1_108' title='bbox 1465 1049 1496 1112; x_wconf 91' lang='lat' dir='ltr'><strong>id</strong></span> <span class='ocrx_word' id='word_1_109' title='bbox 1511 1058 1560 1113; x_wconf 87' lang='grc' dir='ltr'><strong>θεῖ</strong></span> <span class='ocrx_word' id='word_1_110' title='bbox 1573 1051 1641 1113; x_wconf 90' lang='lat' dir='ltr'><strong>dies</strong></span> <span class='ocrx_word' id='word_1_111' title='bbox 1655 1050 1776 1132; x_wconf 89' lang='lat' dir='ltr'><strong>judicii,</strong></span> <span class='ocrx_word' id='word_1_112' title='bbox 1788 1050 1820 1112; x_wconf 94' lang='lat' dir='ltr'><strong>in</strong></span> <span class='ocrx_word' id='word_1_113' title='bbox 1835 1068 1898 1132; x_wconf 89' lang='lat' dir='ltr'><strong>quo</strong></span> <span class='ocrx_word' id='word_1_114' title='bbox 1913 1069 1989 1113; x_wconf 91' lang='lat' dir='ltr'><strong>eum</strong></span> 
     </span>
     <span class='ocr_line' id='line_1_19' title="bbox 1241 1148 1745 1213; baseline 0.002 -3"><span class='ocrx_word' id='word_1_115' title='bbox 1241 1148 1398 1211; x_wconf 87' lang='lat' dir='ltr'><strong>invenerit</strong></span> <span class='ocrx_word' id='word_1_116' title='bbox 1417 1168 1494 1211; x_wconf 90' lang='lat' dir='ltr'><strong>suus</strong></span> <span class='ocrx_word' id='word_1_117' title='bbox 1515 1149 1645 1213; x_wconf 91' lang='lat' dir='ltr'><strong>ultimus</strong></span> <span class='ocrx_word' id='word_1_118' title='bbox 1666 1150 1745 1213; x_wconf 88' lang='lat' dir='ltr'><strong>dies.</strong></span> 
     </span>
    </p>
   </div>
   <div class='ocr_carea' id='block_1_6' title="bbox 1240 1345 1991 1803">
    <p class='ocr_par' dir='ltr' id='par_1_7' title="bbox 1240 1345 1991 1803">
     <span class='ocr_line' id='line_1_20' title="bbox 1280 1345 1991 1412; baseline 0 -4"><span class='ocrx_word' id='word_1_119' title='bbox 1280 1345 1361 1409; x_wconf 84' lang='lat' dir='ltr'><strong>Ecce</strong></span> <span class='ocrx_word' id='word_1_120' title='bbox 1390 1347 1474 1409; x_wconf 89' lang='lat' dir='ltr'><strong>hunc</strong></span> <span class='ocrx_word' id='word_1_121' title='bbox 1504 1346 1733 1412; x_wconf 73' lang='lat' dir='ltr'><strong>sententiosum</strong></span> <span class='ocrx_word' id='word_1_122' title='bbox 1761 1345 1991 1410; x_wconf 77' lang='lat' dir='ltr'><strong>affectuosissi-</strong></span> 
     </span>
     <span class='ocr_line' id='line_1_21' title="bbox 1240 1444 1987 1526; baseline 0.003 -21"><span class='ocrx_word' id='word_1_123' title='bbox 1240 1462 1392 1525; x_wconf 83' lang='lat' dir='ltr'><strong>mumqne</strong></span> <span class='ocrx_word' id='word_1_124' title='bbox 1414 1445 1566 1526; x_wconf 87' lang='lat' dir='ltr'><strong>hymnum</strong></span> <span class='ocrx_word' id='word_1_125' title='bbox 1592 1464 1666 1508; x_wconf 91' lang='lat' dir='ltr'><strong>cum</strong></span> <span class='ocrx_word' id='word_1_126' title='bbox 1691 1444 1777 1509; x_wconf 92' lang='lat' dir='ltr'><strong>omni</strong></span> <span class='ocrx_word' id='word_1_127' title='bbox 1801 1445 1987 1521; x_wconf 80' lang='lat' dir='ltr'><strong>attentione,</strong></span> 
     </span>
     <span class='ocr_line' id='line_1_22' title="bbox 1241 1541 1990 1625; baseline 0 -20"><span class='ocrx_word' id='word_1_128' title='bbox 1241 1541 1496 1625; x_wconf 89' lang='lat' dir='ltr'><strong>compunctione,</strong></span> <span class='ocrx_word' id='word_1_129' title='bbox 1507 1542 1632 1606; x_wconf 82' lang='lat' dir='ltr'><strong>fervore</strong></span> <span class='ocrx_word' id='word_1_130' title='bbox 1647 1543 1802 1625; x_wconf 84' lang='lat' dir='ltr'><strong>legamus,</strong></span> <span class='ocrx_word' id='word_1_131' title='bbox 1811 1562 1884 1605; x_wconf 92' lang='lat' dir='ltr'><strong>cum</strong></span> <span class='ocrx_word' id='word_1_132' title='bbox 1899 1553 1990 1625; x_wconf 85' lang='lat' dir='ltr'><strong>grata</strong></span> 
     </span>
     <span class='ocr_line' id='line_1_23' title="bbox 1241 1640 1988 1721; baseline 0 -18"><span class='ocrx_word' id='word_1_133' title='bbox 1241 1640 1413 1704; x_wconf 77' lang='lat' dir='ltr'><strong>recolentis</strong></span> <span class='ocrx_word' id='word_1_134' title='bbox 1445 1641 1611 1704; x_wconf 78' lang='lat' dir='ltr'><strong>dominica</strong></span> <span class='ocrx_word' id='word_1_135' title='bbox 1645 1640 1882 1721; x_wconf 86' lang='lat' dir='ltr'><strong>incarnationis,</strong></span> <span class='ocrx_word' id='word_1_136' title='bbox 1912 1660 1988 1704; x_wconf 89' lang='lat' dir='ltr'><strong>cum</strong></span> 
     </span>
     <span class='ocr_line' id='line_1_24' title="bbox 1240 1738 1990 1803; baseline 0.001 -3"><span class='ocrx_word' id='word_1_137' title='bbox 1240 1739 1440 1801; x_wconf 86' lang='lat' dir='ltr'><strong>reverentiali</strong></span> <span class='ocrx_word' id='word_1_138' title='bbox 1455 1738 1705 1803; x_wconf 79' lang='lat' dir='ltr'><strong>consideratione</strong></span> <span class='ocrx_word' id='word_1_139' title='bbox 1725 1738 1920 1802; x_wconf 77' lang='lat' dir='ltr'><strong>excellentiae</strong></span> <span class='ocrx_word' id='word_1_140' title='bbox 1934 1758 1990 1801; x_wconf 84' lang='lat' dir='ltr'><strong>ve-</strong></span> 
     </span>
    </p>
   </div>
   <div class='ocr_carea' id='block_1_7' title="bbox 437 1836 1990 1919">
    <p class='ocr_par' dir='ltr' id='par_1_8' title="bbox 437 1836 1990 1919">
     <span class='ocr_line' id='line_1_25' title="bbox 437 1836 1990 1919; baseline 0 -20"><span class='ocrx_word' id='word_1_141' title='bbox 437 1837 639 1901; x_wconf 88' lang='lat' dir='ltr'><strong>dilectionem</strong></span> <span class='ocrx_word' id='word_1_142' title='bbox 664 1838 734 1919; x_wconf 91' lang='lat' dir='ltr'><strong>ejus</strong></span> <span class='ocrx_word' id='word_1_143' title='bbox 755 1857 792 1900; x_wconf 88' lang='lat' dir='ltr'><strong>ac</strong></span> <span class='ocrx_word' id='word_1_144' title='bbox 815 1838 871 1916; x_wconf 90' lang='lat' dir='ltr'><strong>tui,</strong></span> <span class='ocrx_word' id='word_1_145' title='bbox 886 1858 947 1915; x_wconf 87' lang='lat' dir='ltr'><strong>per</strong></span> <span class='ocrx_word' id='word_1_146' title='bbox 962 1843 1111 1910; x_wconf 85' lang='lat' dir='ltr'><strong>Patrem,</strong></span> <span class='ocrx_word' id='word_1_147' title='bbox 1123 1859 1186 1916; x_wconf 83' lang='lat' dir='ltr'><strong>per</strong></span> <span class='ocrx_word' id='word_1_148' title='bbox 1201 1848 1225 1910; x_wconf 84' lang='grc' dir='ltr'><strong>Β</strong></span> <span class='ocrx_word' id='word_1_149' title='bbox 1239 1837 1476 1900; x_wconf 81' lang='lat' dir='ltr'><strong>norandissimae</strong></span> <span class='ocrx_word' id='word_1_150' title='bbox 1490 1837 1637 1918; x_wconf 77' lang='lat' dir='ltr'><strong>Virginis,</strong></span> <span class='ocrx_word' id='word_1_151' title='bbox 1647 1856 1720 1899; x_wconf 88' lang='lat' dir='ltr'><strong>cum</strong></span> <span class='ocrx_word' id='word_1_152' title='bbox 1736 1836 1895 1918; x_wconf 77' lang='lat' dir='ltr'><strong>profunda</strong></span> <span class='ocrx_word' id='word_1_153' title='bbox 1909 1856 1990 1919; x_wconf 92' lang='lat' dir='ltr'><strong>pon-</strong></span> 
     </span>
    </p>
   </div>
   <div class='ocr_carea' id='block_1_8' title="bbox 437 1936 1187 2995">
    <p class='ocr_par' dir='ltr' id='par_1_9' title="bbox 437 1936 1187 2995">
     <span class='ocr_line' id='line_1_26' title="bbox 437 1936 1186 2019; baseline 0.004 -23"><span class='ocrx_word' id='word_1_154' title='bbox 437 1938 661 2007; x_wconf 84' lang='lat' dir='ltr'><strong>Paracletum,</strong></span> <span class='ocrx_word' id='word_1_155' title='bbox 677 1936 708 1998; x_wconf 91' lang='lat' dir='ltr'><strong>id</strong></span> <span class='ocrx_word' id='word_1_156' title='bbox 724 1944 771 1999; x_wconf 90' lang='lat' dir='ltr'><strong>est</strong></span> <span class='ocrx_word' id='word_1_157' title='bbox 787 1945 914 2019; x_wconf 85' lang='lat' dir='ltr'><strong>propter</strong></span> <span class='ocrx_word' id='word_1_158' title='bbox 928 1956 1079 2015; x_wconf 88' lang='lat' dir='ltr'><strong>amorem,</strong></span> <span class='ocrx_word' id='word_1_159' title='bbox 1097 1938 1186 2001; x_wconf 89' lang='lat' dir='ltr'><strong>boni-</strong></span> 
     </span>
     <span class='ocr_line' id='line_1_27' title="bbox 437 2034 1185 2118; baseline 0.004 -24"><span class='ocrx_word' id='word_1_160' title='bbox 437 2041 534 2095; x_wconf 81' lang='lat' dir='ltr'><strong>tatem</strong></span> <span class='ocrx_word' id='word_1_161' title='bbox 559 2042 591 2096; x_wconf 89' lang='lat' dir='ltr'><strong>et</strong></span> <span class='ocrx_word' id='word_1_162' title='bbox 615 2034 841 2116; x_wconf 83' lang='lat' dir='ltr'><strong>benignitatem</strong></span> <span class='ocrx_word' id='word_1_163' title='bbox 865 2034 962 2098; x_wconf 91' lang='lat' dir='ltr'><strong>Patris</strong></span> <span class='ocrx_word' id='word_1_164' title='bbox 986 2054 1022 2098; x_wconf 88' lang='lat' dir='ltr'><strong>ec</strong></span> <span class='ocrx_word' id='word_1_165' title='bbox 1052 2036 1185 2118; x_wconf 85' lang='lat' dir='ltr'><strong>Spiritus</strong></span> 
     </span>
     <span class='ocr_line' id='line_1_28' title="bbox 439 2132 1186 2215; baseline 0.005 -22"><span class='ocrx_word' id='word_1_166' title='bbox 439 2132 556 2212; x_wconf 84' lang='lat' dir='ltr'><strong>Sancti,</strong></span> <span class='ocrx_word' id='word_1_167' title='bbox 587 2140 618 2195; x_wconf 90' lang='lat' dir='ltr'><strong>et</strong></span> <span class='ocrx_word' id='word_1_168' title='bbox 648 2141 776 2215; x_wconf 89' lang='lat' dir='ltr'><strong>propter</strong></span> <span class='ocrx_word' id='word_1_169' title='bbox 804 2133 968 2213; x_wconf 90' lang='lat' dir='ltr'><strong>honorem,</strong></span> <span class='ocrx_word' id='word_1_170' title='bbox 999 2133 1125 2196; x_wconf 89' lang='lat' dir='ltr'><strong>laudem</strong></span> <span class='ocrx_word' id='word_1_171' title='bbox 1154 2142 1186 2197; x_wconf 89' lang='lat' dir='ltr'><strong>et</strong></span> 
     </span>
     <span class='ocr_line' id='line_1_29' title="bbox 437 2229 1186 2311; baseline 0.004 -20"><span class='ocrx_word' id='word_1_172' title='bbox 437 2229 571 2310; x_wconf 78' lang='lat' dir='ltr'><strong>gloriam</strong></span> <span class='ocrx_word' id='word_1_173' title='bbox 596 2232 792 2311; x_wconf 82' lang='lat' dir='ltr'><strong>eorumdem,</strong></span> <span class='ocrx_word' id='word_1_174' title='bbox 815 2234 904 2292; x_wconf 79' lang='lat' dir='ltr'><strong>adsis</strong></span> <span class='ocrx_word' id='word_1_175' title='bbox 928 2232 1019 2296; x_wconf 89' lang='lat' dir='ltr'><strong>uobis</strong></span> <span class='ocrx_word' id='word_1_176' title='bbox 1041 2252 1186 2309; x_wconf 71' lang='lat' dir='ltr'><strong>presens</strong></span> 
     </span>
     <span class='ocr_line' id='line_1_30' title="bbox 437 2328 1185 2409; baseline 0.008 -21"><span class='ocrx_word' id='word_1_177' title='bbox 437 2331 482 2388; x_wconf 81' lang='lat' dir='ltr'><strong>ad</strong></span> <span class='ocrx_word' id='word_1_178' title='bbox 506 2330 642 2399; x_wconf 81' lang='lat' dir='ltr'><strong>obitum,</strong></span> <span class='ocrx_word' id='word_1_179' title='bbox 664 2328 696 2389; x_wconf 95' lang='lat' dir='ltr'><strong>id</strong></span> <span class='ocrx_word' id='word_1_180' title='bbox 720 2338 778 2409; x_wconf 89' lang='lat' dir='ltr'><strong>est,</strong></span> <span class='ocrx_word' id='word_1_181' title='bbox 800 2329 831 2390; x_wconf 92' lang='lat' dir='ltr'><strong>in</strong></span> <span class='ocrx_word' id='word_1_182' title='bbox 856 2329 933 2393; x_wconf 90' lang='lat' dir='ltr'><strong>hora</strong></span> <span class='ocrx_word' id='word_1_183' title='bbox 957 2330 1061 2394; x_wconf 89' lang='lat' dir='ltr'><strong>obitus</strong></span> <span class='ocrx_word' id='word_1_184' title='bbox 1086 2331 1185 2394; x_wconf 92' lang='lat' dir='ltr'><strong>nostri</strong></span> 
     </span>
     <span class='ocr_line' id='line_1_31' title="bbox 437 2425 1186 2510; baseline 0.004 -23"><span class='ocrx_word' id='word_1_185' title='bbox 437 2425 575 2507; x_wconf 88' lang='lat' dir='ltr'><strong>digneris</strong></span> <span class='ocrx_word' id='word_1_186' title='bbox 592 2425 683 2489; x_wconf 88' lang='lat' dir='ltr'><strong>nobis</strong></span> <span class='ocrx_word' id='word_1_187' title='bbox 698 2426 809 2489; x_wconf 87' lang='lat' dir='ltr'><strong>adesse</strong></span> <span class='ocrx_word' id='word_1_188' title='bbox 825 2426 976 2510; x_wconf 91' lang='lat' dir='ltr'><strong>piissime,</strong></span> <span class='ocrx_word' id='word_1_189' title='bbox 993 2448 1051 2510; x_wconf 90' lang='lat' dir='ltr'><strong>per</strong></span> <span class='ocrx_word' id='word_1_190' title='bbox 1064 2428 1186 2490; x_wconf 90' lang='lat' dir='ltr'><strong>miseri-</strong></span> 
     </span>
     <span class='ocr_line' id='line_1_32' title="bbox 438 2524 1185 2607; baseline 0.003 -20"><span class='ocrx_word' id='word_1_191' title='bbox 438 2524 616 2589; x_wconf 86' lang='lat' dir='ltr'><strong>cordiarum</strong></span> <span class='ocrx_word' id='word_1_192' title='bbox 632 2532 756 2587; x_wconf 88' lang='lat' dir='ltr'><strong>tuarum</strong></span> <span class='ocrx_word' id='word_1_193' title='bbox 772 2524 920 2607; x_wconf 81' lang='lat' dir='ltr'><strong>eftectus,</strong></span> <span class='ocrx_word' id='word_1_194' title='bbox 937 2535 968 2589; x_wconf 89' lang='lat' dir='ltr'><strong>ct</strong></span> <span class='ocrx_word' id='word_1_195' title='bbox 983 2526 1069 2589; x_wconf 90' lang='lat' dir='ltr'><strong>omui</strong></span> <span class='ocrx_word' id='word_1_196' title='bbox 1090 2527 1185 2589; x_wconf 92' lang='lat' dir='ltr'><strong>modo</strong></span> 
     </span>
     <span class='ocr_line' id='line_1_33' title="bbox 437 2622 1187 2705; baseline 0 -22"><span class='ocrx_word' id='word_1_197' title='bbox 437 2622 528 2685; x_wconf 89' lang='lat' dir='ltr'><strong>nobis</strong></span> <span class='ocrx_word' id='word_1_198' title='bbox 552 2629 628 2685; x_wconf 87' lang='lat' dir='ltr'><strong>tuno</strong></span> <span class='ocrx_word' id='word_1_199' title='bbox 653 2629 841 2705; x_wconf 83' lang='lat' dir='ltr'><strong>opportuno,</strong></span> <span class='ocrx_word' id='word_1_200' title='bbox 859 2634 1071 2703; x_wconf 79' lang='lat' dir='ltr'><strong>nostrumque</strong></span> <span class='ocrx_word' id='word_1_201' title='bbox 1090 2626 1187 2684; x_wconf 83' lang='lat' dir='ltr'><strong>muni</strong></span> 
     </span>
     <span class='ocr_line' id='line_1_34' title="bbox 437 2719 1186 2803; baseline 0.003 -24"><span class='ocrx_word' id='word_1_202' title='bbox 437 2722 577 2791; x_wconf 75' lang='lat' dir='ltr'><strong>accitum,</strong></span> <span class='ocrx_word' id='word_1_203' title='bbox 592 2720 777 2803; x_wconf 89' lang='lat' dir='ltr'><strong>repellendo</strong></span> <span class='ocrx_word' id='word_1_204' title='bbox 791 2719 920 2783; x_wconf 88' lang='lat' dir='ltr'><strong>insidias</strong></span> <span class='ocrx_word' id='word_1_205' title='bbox 935 2720 1065 2800; x_wconf 89' lang='lat' dir='ltr'><strong>inimici,</strong></span> <span class='ocrx_word' id='word_1_206' title='bbox 1082 2728 1114 2783; x_wconf 90' lang='lat' dir='ltr'><strong>et</strong></span> <span class='ocrx_word' id='word_1_207' title='bbox 1128 2720 1186 2782; x_wconf 92' lang='lat' dir='ltr'><strong>mi-</strong></span> 
     </span>
     <span class='ocr_line' id='line_1_35' title="bbox 439 2818 1185 2882; baseline 0.001 -2"><span class='ocrx_word' id='word_1_208' title='bbox 439 2818 685 2882; x_wconf 89' lang='lat' dir='ltr'><strong>sericordissime</strong></span> <span class='ocrx_word' id='word_1_209' title='bbox 707 2818 887 2882; x_wconf 90' lang='lat' dir='ltr'><strong>adsistendo</strong></span> <span class='ocrx_word' id='word_1_210' title='bbox 906 2818 939 2881; x_wconf 92' lang='lat' dir='ltr'><strong>in</strong></span> <span class='ocrx_word' id='word_1_211' title='bbox 959 2818 1013 2882; x_wconf 92' lang='lat' dir='ltr'><strong>illo</strong></span> <span class='ocrx_word' id='word_1_212' title='bbox 1033 2827 1098 2881; x_wconf 87' lang='lat' dir='ltr'><strong>tam</strong></span> <span class='ocrx_word' id='word_1_213' title='bbox 1122 2819 1185 2881; x_wconf 93' lang='lat' dir='ltr'><strong>dis-</strong></span> 
     </span>
     <span class='ocr_line' id='line_1_36' title="bbox 438 2916 1182 2995; baseline -0.001 -14"><span class='ocrx_word' id='word_1_214' title='bbox 438 2916 609 2981; x_wconf 83' lang='lat' dir='ltr'><strong>criminoso</strong></span> <span class='ocrx_word' id='word_1_215' title='bbox 638 2926 785 2980; x_wconf 83' lang='lat' dir='ltr'><strong>extremae</strong></span> <span class='ocrx_word' id='word_1_216' title='bbox 814 2917 1010 2980; x_wconf 89' lang='lat' dir='ltr'><strong>necessitatis</strong></span> <span class='ocrx_word' id='word_1_217' title='bbox 1038 2917 1182 2995; x_wconf 87' lang='lat' dir='ltr'><strong>articulo,</strong></span> 
     </span>
    </p>
   </div>
   <div class='ocr_carea' id='block_1_9' title="bbox 1238 1934 2055 2993">
    <p class='ocr_par' dir='ltr' id='par_1_10' title="bbox 1238 1934 2055 2993">
     <span class='ocr_line' id='line_1_37' title="bbox 1239 1934 1989 2017; baseline -0.001 -20"><span class='ocrx_word' id='word_1_218' title='bbox 1239 1935 1399 1999; x_wconf 79' lang='lat' dir='ltr'><strong>damtione</strong></span> <span class='ocrx_word' id='word_1_219' title='bbox 1414 1935 1627 2017; x_wconf 89' lang='lat' dir='ltr'><strong>periculorum</strong></span> <span class='ocrx_word' id='word_1_220' title='bbox 1642 1944 1834 2014; x_wconf 89' lang='lat' dir='ltr'><strong>nostrorum,</strong></span> <span class='ocrx_word' id='word_1_221' title='bbox 1851 1954 1924 1998; x_wconf 92' lang='lat' dir='ltr'><strong>cum</strong></span> <span class='ocrx_word' id='word_1_222' title='bbox 1939 1934 1989 1998; x_wconf 88' lang='lat' dir='ltr'><strong>in-</strong></span> 
     </span>
     <span class='ocr_line' id='line_1_38' title="bbox 1239 2033 1989 2114; baseline -0.001 -19"><span class='ocrx_word' id='word_1_223' title='bbox 1239 2042 1326 2096; x_wconf 91' lang='lat' dir='ltr'><strong>tenta</strong></span> <span class='ocrx_word' id='word_1_224' title='bbox 1359 2041 1454 2114; x_wconf 90' lang='lat' dir='ltr'><strong>atque</strong></span> <span class='ocrx_word' id='word_1_225' title='bbox 1482 2033 1608 2095; x_wconf 87' lang='lat' dir='ltr'><strong>assidua</strong></span> <span class='ocrx_word' id='word_1_226' title='bbox 1636 2034 1746 2097; x_wconf 85' lang='lat' dir='ltr'><strong>mortis</strong></span> <span class='ocrx_word' id='word_1_227' title='bbox 1775 2034 1929 2097; x_wconf 91' lang='lat' dir='ltr'><strong>memoria</strong></span> <span class='ocrx_word' id='word_1_228' title='bbox 1955 2042 1989 2095; x_wconf 88' lang='lat' dir='ltr'><strong>et</strong></span> 
     </span>
     <span class='ocr_line' id='line_1_39' title="bbox 1240 2130 1987 2213; baseline -0.001 -19"><span class='ocrx_word' id='word_1_229' title='bbox 1240 2150 1313 2194; x_wconf 89' lang='lat' dir='ltr'><strong>cum</strong></span> <span class='ocrx_word' id='word_1_230' title='bbox 1339 2132 1565 2213; x_wconf 78' lang='lat' dir='ltr'><strong>preparatione</strong></span> <span class='ocrx_word' id='word_1_231' title='bbox 1594 2132 1632 2193; x_wconf 87' lang='lat' dir='ltr'><strong>ad</strong></span> <span class='ocrx_word' id='word_1_232' title='bbox 1663 2150 1733 2194; x_wconf 87' lang='lat' dir='ltr'><strong>eam</strong></span> <span class='ocrx_word' id='word_1_233' title='bbox 1762 2130 1886 2195; x_wconf 73' lang='lat' dir='ltr'><strong>idonea,</strong></span> <span class='ocrx_word' id='word_1_234' title='bbox 1917 2130 1987 2195; x_wconf 90' lang='lat' dir='ltr'><strong>Non</strong></span> 
     </span>
     <span class='ocr_line' id='line_1_40' title="bbox 1239 2229 1988 2311; baseline 0 -20"><span class='ocrx_word' id='word_1_235' title='bbox 1239 2229 1310 2293; x_wconf 93' lang='lat' dir='ltr'><strong>illos</strong></span> <span class='ocrx_word' id='word_1_236' title='bbox 1325 2248 1496 2311; x_wconf 88' lang='lat' dir='ltr'><strong>sequamur</strong></span> <span class='ocrx_word' id='word_1_237' title='bbox 1511 2230 1563 2310; x_wconf 90' lang='lat' dir='ltr'><strong>qui</strong></span> <span class='ocrx_word' id='word_1_238' title='bbox 1579 2230 1736 2293; x_wconf 89' lang='lat' dir='ltr'><strong>orationes</strong></span> <span class='ocrx_word' id='word_1_239' title='bbox 1750 2237 1782 2292; x_wconf 90' lang='lat' dir='ltr'><strong>et</strong></span> <span class='ocrx_word' id='word_1_240' title='bbox 1795 2230 1893 2293; x_wconf 84' lang='lat' dir='ltr'><strong>Horas</strong></span> <span class='ocrx_word' id='word_1_241' title='bbox 1913 2249 1988 2292; x_wconf 87' lang='lat' dir='ltr'><strong>suas</strong></span> 
     </span>
     <span class='ocr_line' id='line_1_41' title="bbox 1238 2327 1990 2410; baseline -0.003 -19"><span class='ocrx_word' id='word_1_242' title='bbox 1238 2327 1436 2409; x_wconf 83' lang='lat' dir='ltr'><strong>quotidianas</strong></span> <span class='ocrx_word' id='word_1_243' title='bbox 1451 2329 1490 2390; x_wconf 89' lang='lat' dir='ltr'><strong>ad</strong></span> <span class='ocrx_word' id='word_1_244' title='bbox 1506 2336 1630 2409; x_wconf 89' lang='lat' dir='ltr'><strong>tempus</strong></span> <span class='ocrx_word' id='word_1_245' title='bbox 1642 2328 1872 2410; x_wconf 86' lang='lat' dir='ltr'><strong>aliquantulum</strong></span> <span class='ocrx_word' id='word_1_246' title='bbox 1884 2328 1990 2392; x_wconf 90' lang='lat' dir='ltr'><strong>solent</strong></span> 
     </span>
     <span class='ocr_line' id='line_1_42' title="bbox 1238 2425 1986 2508; baseline 0 -20"><span class='ocrx_word' id='word_1_247' title='bbox 1238 2426 1352 2489; x_wconf 89' lang='lat' dir='ltr'><strong>devote</strong></span> <span class='ocrx_word' id='word_1_248' title='bbox 1377 2426 1569 2507; x_wconf 89' lang='lat' dir='ltr'><strong>persolvere,</strong></span> <span class='ocrx_word' id='word_1_249' title='bbox 1594 2425 1745 2508; x_wconf 89' lang='lat' dir='ltr'><strong>paulatim</strong></span> <span class='ocrx_word' id='word_1_250' title='bbox 1771 2444 1847 2489; x_wconf 89' lang='lat' dir='ltr'><strong>vero</strong></span> <span class='ocrx_word' id='word_1_251' title='bbox 1869 2425 1986 2488; x_wconf 89' lang='lat' dir='ltr'><strong>deinde</strong></span> 
     </span>
     <span class='ocr_line' id='line_1_43' title="bbox 1240 2523 2055 2606; baseline 0 -20"><span class='ocrx_word' id='word_1_252' title='bbox 1240 2531 1416 2604; x_wconf 90' lang='lat' dir='ltr'><strong>tepescunt.</strong></span> <span class='ocrx_word' id='word_1_253' title='bbox 1434 2524 1592 2586; x_wconf 81' lang='lat' dir='ltr'><strong>Addamus</strong></span> <span class='ocrx_word' id='word_1_254' title='bbox 1606 2542 1683 2605; x_wconf 85' lang='lat' dir='ltr'><strong>ergo</strong></span> <span class='ocrx_word' id='word_1_255' title='bbox 1697 2523 1837 2606; x_wconf 86' lang='lat' dir='ltr'><strong>quotidie</strong></span> <span class='ocrx_word' id='word_1_256' title='bbox 1855 2524 1894 2585; x_wconf 89' lang='lat' dir='ltr'><strong>ad</strong></span> <span class='ocrx_word' id='word_1_257' title='bbox 1914 2542 1987 2605; x_wconf 93' lang='lat' dir='ltr'><strong>pro-</strong></span> <span class='ocrx_word' id='word_1_258' title='bbox 2052 2548 2055 2550; x_wconf 54' lang='grc'>“</span> 
     </span>
     <span class='ocr_line' id='line_1_44' title="bbox 1239 2621 1989 2704; baseline 0 -21"><span class='ocrx_word' id='word_1_259' title='bbox 1239 2621 1370 2699; x_wconf 82' lang='lat' dir='ltr'><strong>lectum,</strong></span> <span class='ocrx_word' id='word_1_260' title='bbox 1388 2622 1427 2683; x_wconf 89' lang='lat' dir='ltr'><strong>ad</strong></span> <span class='ocrx_word' id='word_1_261' title='bbox 1443 2622 1639 2704; x_wconf 88' lang='lat' dir='ltr'><strong>spiritualem</strong></span> <span class='ocrx_word' id='word_1_262' title='bbox 1654 2621 1825 2699; x_wconf 83' lang='lat' dir='ltr'><strong>fervorem,</strong></span> <span class='ocrx_word' id='word_1_263' title='bbox 1841 2621 1881 2684; x_wconf 88' lang='lat' dir='ltr'><strong>ad</strong></span> <span class='ocrx_word' id='word_1_264' title='bbox 1901 2621 1989 2685; x_wconf 88' lang='lat' dir='ltr'><strong>solli-</strong></span> 
     </span>
     <span class='ocr_line' id='line_1_45' title="bbox 1239 2720 1988 2801; baseline -0.003 -18"><span class='ocrx_word' id='word_1_265' title='bbox 1239 2720 1411 2783; x_wconf 87' lang='lat' dir='ltr'><strong>citudiuem</strong></span> <span class='ocrx_word' id='word_1_266' title='bbox 1427 2721 1608 2799; x_wconf 87' lang='lat' dir='ltr'><strong>salutarem,</strong></span> <span class='ocrx_word' id='word_1_267' title='bbox 1618 2728 1649 2783; x_wconf 91' lang='lat' dir='ltr'><strong>et</strong></span> <span class='ocrx_word' id='word_1_268' title='bbox 1663 2738 1726 2801; x_wconf 89' lang='lat' dir='ltr'><strong>quo</strong></span> <span class='ocrx_word' id='word_1_269' title='bbox 1740 2720 1834 2785; x_wconf 87' lang='lat' dir='ltr'><strong>morti</strong></span> <span class='ocrx_word' id='word_1_270' title='bbox 1849 2720 1988 2801; x_wconf 89' lang='lat' dir='ltr'><strong>amplius</strong></span> 
     </span>
     <span class='ocr_line' id='line_1_46' title="bbox 1239 2818 1990 2900; baseline 0.003 -21"><span class='ocrx_word' id='word_1_271' title='bbox 1239 2818 1500 2900; x_wconf 86' lang='lat' dir='ltr'><strong>propinquamus,</strong></span> <span class='ocrx_word' id='word_1_272' title='bbox 1516 2837 1555 2881; x_wconf 90' lang='lat' dir='ltr'><strong>eo</strong></span> <span class='ocrx_word' id='word_1_273' title='bbox 1569 2818 1602 2879; x_wconf 90' lang='lat' dir='ltr'><strong>iu</strong></span> <span class='ocrx_word' id='word_1_274' title='bbox 1617 2818 1764 2881; x_wconf 90' lang='lat' dir='ltr'><strong>omnibus</strong></span> <span class='ocrx_word' id='word_1_275' title='bbox 1779 2818 1880 2899; x_wconf 86' lang='lat' dir='ltr'><strong>magis</strong></span> <span class='ocrx_word' id='word_1_276' title='bbox 1895 2818 1990 2881; x_wconf 92' lang='lat' dir='ltr'><strong>timo-</strong></span> 
     </span>
     <span class='ocr_line' id='line_1_47' title="bbox 1239 2914 1985 2993; baseline -0.001 -17"><span class='ocrx_word' id='word_1_277' title='bbox 1239 2916 1309 2993; x_wconf 88' lang='lat' dir='ltr'><strong>rati,</strong></span> <span class='ocrx_word' id='word_1_278' title='bbox 1332 2914 1490 2992; x_wconf 90' lang='lat' dir='ltr'><strong>custoditi,</strong></span> <span class='ocrx_word' id='word_1_279' title='bbox 1508 2914 1632 2978; x_wconf 88' lang='lat' dir='ltr'><strong>solliciti</strong></span> <span class='ocrx_word' id='word_1_280' title='bbox 1657 2934 1695 2977; x_wconf 90' lang='lat' dir='ltr'><strong>ac</strong></span> <span class='ocrx_word' id='word_1_281' title='bbox 1719 2914 1831 2977; x_wconf 77' lang='lat' dir='ltr'><strong>fervidi</strong></span> <span class='ocrx_word' id='word_1_282' title='bbox 1856 2915 1985 2977; x_wconf 91' lang='lat' dir='ltr'><strong>simus:</strong></span> 
     </span>
    </p>
   </div>
   <div class='ocr_carea' id='block_1_10' title="bbox 437 3012 2128 3098">
    <p class='ocr_par' dir='ltr' id='par_1_11' title="bbox 437 2989 2141 3098">
     <span class='ocr_line' id='line_1_48' title="bbox 437 3012 2128 3098; baseline -0.001 -21"><span class='ocrx_word' id='word_1_283' title='bbox 437 3022 509 3097; x_wconf 93' lang='lat' dir='ltr'><strong>post</strong></span> <span class='ocrx_word' id='word_1_284' title='bbox 526 3034 622 3097; x_wconf 87' lang='lat' dir='ltr'><strong>quem</strong></span> <span class='ocrx_word' id='word_1_285' title='bbox 642 3034 805 3097; x_wconf 87' lang='lat' dir='ltr'><strong>nunquam</strong></span> <span class='ocrx_word' id='word_1_286' title='bbox 825 3024 874 3078; x_wconf 91' lang='lat' dir='ltr'><strong>est</strong></span> <span class='ocrx_word' id='word_1_287' title='bbox 897 3016 1014 3078; x_wconf 92' lang='lat' dir='ltr'><strong>reditus</strong></span> <span class='ocrx_word' id='word_1_288' title='bbox 1039 3016 1183 3098; x_wconf 90' lang='lat' dir='ltr'><strong>pereunti</strong></span> <span class='ocrx_word' id='word_1_289' title='bbox 1199 3025 1221 3088; x_wconf 82' lang='lat' dir='ltr'><strong>c</strong></span> <span class='ocrx_word' id='word_1_290' title='bbox 1239 3013 1312 3095; x_wconf 88' lang='lat' dir='ltr'><strong>quia</strong></span> <span class='ocrx_word' id='word_1_291' title='bbox 1337 3012 1391 3094; x_wconf 94' lang='lat' dir='ltr'><strong>qui</strong></span> <span class='ocrx_word' id='word_1_292' title='bbox 1416 3014 1505 3075; x_wconf 88' lang='lat' dir='ltr'><strong>timet</strong></span> <span class='ocrx_word' id='word_1_293' title='bbox 1528 3013 1639 3093; x_wconf 88' lang='lat' dir='ltr'><strong>Deum,</strong></span> <span class='ocrx_word' id='word_1_294' title='bbox 1655 3012 1733 3075; x_wconf 89' lang='lat' dir='ltr'><strong>nihil</strong></span> <span class='ocrx_word' id='word_1_295' title='bbox 1757 3013 1909 3095; x_wconf 79' lang='lat' dir='ltr'><strong>negligit3</strong></span> <span class='ocrx_word' id='word_1_296' title='bbox 1925 3033 1989 3076; x_wconf 88' lang='lat' dir='ltr'><strong>nec</strong></span> <span class='ocrx_word' id='word_1_297' title='bbox 2015 3043 2128 3088; x_wconf 45' lang='lat' dir='ltr'><strong>aaa„</strong></span> 
     </span>
    </p>
   </div>
   <div class='ocr_carea' id='block_1_11' title="bbox 289 3112 1186 4078">
    <p class='ocr_par' dir='ltr' id='par_1_12' title="bbox 289 3112 1186 4078">
     <span class='ocr_line' id='line_1_49' title="bbox 439 3112 1185 3175; baseline 0.001 -1"><span class='ocrx_word' id='word_1_298' title='bbox 439 3112 517 3174; x_wconf 90' lang='lat' dir='ltr'><strong>etin</strong></span> <span class='ocrx_word' id='word_1_299' title='bbox 533 3112 657 3175; x_wconf 90' lang='lat' dir='ltr'><strong>mortali</strong></span> <span class='ocrx_word' id='word_1_300' title='bbox 673 3112 749 3175; x_wconf 90' lang='lat' dir='ltr'><strong>vitio</strong></span> <span class='ocrx_word' id='word_1_301' title='bbox 763 3112 930 3175; x_wconf 88' lang='lat' dir='ltr'><strong>decedenti</strong></span> <span class='ocrx_word' id='word_1_302' title='bbox 948 3113 986 3174; x_wconf 96' lang='lat' dir='ltr'><strong>ad</strong></span> <span class='ocrx_word' id='word_1_303' title='bbox 1008 3112 1185 3175; x_wconf 86' lang='lat' dir='ltr'><strong>misericor-</strong></span> 
     </span>
     <span class='ocr_line' id='line_1_50' title="bbox 438 3209 1184 3291; baseline 0 -21"><span class='ocrx_word' id='word_1_304' title='bbox 438 3209 523 3271; x_wconf 88' lang='lat' dir='ltr'><strong>diam</strong></span> <span class='ocrx_word' id='word_1_305' title='bbox 547 3228 585 3271; x_wconf 88' lang='lat' dir='ltr'><strong>ac</strong></span> <span class='ocrx_word' id='word_1_306' title='bbox 604 3209 750 3287; x_wconf 88' lang='lat' dir='ltr'><strong>salutem,</strong></span> <span class='ocrx_word' id='word_1_307' title='bbox 767 3210 806 3271; x_wconf 92' lang='lat' dir='ltr'><strong>de</strong></span> <span class='ocrx_word' id='word_1_308' title='bbox 826 3210 896 3291; x_wconf 85' lang='lat' dir='ltr'><strong>lege</strong></span> <span class='ocrx_word' id='word_1_309' title='bbox 916 3210 1089 3273; x_wconf 88' lang='lat' dir='ltr'><strong>communi.</strong></span> <span class='ocrx_word' id='word_1_310' title='bbox 1106 3209 1184 3273; x_wconf 85' lang='lat' dir='ltr'><strong>Con-</strong></span> 
     </span>
     <span class='ocr_line' id='line_1_51' title="bbox 439 3305 1183 3387; baseline 0 -18"><span class='ocrx_word' id='word_1_311' title='bbox 439 3305 489 3369; x_wconf 83' lang='lat' dir='ltr'><strong>fer</strong></span> <span class='ocrx_word' id='word_1_312' title='bbox 512 3325 600 3387; x_wconf 87' lang='lat' dir='ltr'><strong>ergo,</strong></span> <span class='ocrx_word' id='word_1_313' title='bbox 625 3324 645 3369; x_wconf 93' lang='lat' dir='ltr'><strong>o</strong></span> <span class='ocrx_word' id='word_1_314' title='bbox 669 3306 811 3385; x_wconf 89' lang='lat' dir='ltr'><strong>Domina,</strong></span> <span class='ocrx_word' id='word_1_315' title='bbox 837 3316 869 3369; x_wconf 87' lang='lat' dir='ltr'><strong>et</strong></span> <span class='ocrx_word' id='word_1_316' title='bbox 894 3314 968 3370; x_wconf 88' lang='lat' dir='ltr'><strong>tunc</strong></span> <span class='ocrx_word' id='word_1_317' title='bbox 997 3308 1039 3370; x_wconf 87' lang='lat' dir='ltr'><strong>ita</strong></span> <span class='ocrx_word' id='word_1_318' title='bbox 1068 3308 1183 3370; x_wconf 89' lang='lat' dir='ltr'><strong>adsiste</strong></span> 
     </span>
     <span class='ocr_line' id='line_1_52' title="bbox 438 3403 1184 3489; baseline 0.001 -23"><span class='ocrx_word' id='word_1_319' title='bbox 438 3412 473 3466; x_wconf 91' lang='lat' dir='ltr'><strong>ut</strong></span> <span class='ocrx_word' id='word_1_320' title='bbox 494 3403 526 3466; x_wconf 92' lang='lat' dir='ltr'><strong>in</strong></span> <span class='ocrx_word' id='word_1_321' title='bbox 542 3404 671 3467; x_wconf 86' lang='lat' dir='ltr'><strong>caritate</strong></span> <span class='ocrx_word' id='word_1_322' title='bbox 686 3414 718 3467; x_wconf 92' lang='lat' dir='ltr'><strong>et</strong></span> <span class='ocrx_word' id='word_1_323' title='bbox 732 3405 832 3487; x_wconf 88' lang='lat' dir='ltr'><strong>gratia</strong></span> <span class='ocrx_word' id='word_1_324' title='bbox 845 3406 1051 3489; x_wconf 82' lang='lat' dir='ltr'><strong>exspiremns,</strong></span> <span class='ocrx_word' id='word_1_325' title='bbox 1063 3406 1138 3487; x_wconf 89' lang='lat' dir='ltr'><strong>quia</strong></span> <span class='ocrx_word' id='word_1_326' title='bbox 1152 3406 1184 3467; x_wconf 91' lang='lat' dir='ltr'><strong>in</strong></span> 
     </span>
     <span class='ocr_line' id='line_1_53' title="bbox 438 3502 1184 3585; baseline 0.004 -22"><span class='ocrx_word' id='word_1_327' title='bbox 438 3520 502 3583; x_wconf 90' lang='lat' dir='ltr'><strong>qua</strong></span> <span class='ocrx_word' id='word_1_328' title='bbox 524 3502 740 3585; x_wconf 84' lang='lat' dir='ltr'><strong>dispositione,</strong></span> <span class='ocrx_word' id='word_1_329' title='bbox 767 3502 949 3583; x_wconf 83' lang='lat' dir='ltr'><strong>affectione,</strong></span> <span class='ocrx_word' id='word_1_330' title='bbox 977 3504 1184 3568; x_wconf 86' lang='lat' dir='ltr'><strong>conversione</strong></span> 
     </span>
     <span class='ocr_line' id='line_1_54' title="bbox 438 3600 1186 3684; baseline 0.003 -23"><span class='ocrx_word' id='word_1_331' title='bbox 438 3600 543 3663; x_wconf 90' lang='lat' dir='ltr'><strong>anima</strong></span> <span class='ocrx_word' id='word_1_332' title='bbox 557 3600 690 3664; x_wconf 89' lang='lat' dir='ltr'><strong>discedit</strong></span> <span class='ocrx_word' id='word_1_333' title='bbox 703 3621 721 3663; x_wconf 93' lang='lat' dir='ltr'><strong>a</strong></span> <span class='ocrx_word' id='word_1_334' title='bbox 735 3620 878 3683; x_wconf 88' lang='lat' dir='ltr'><strong>corpore,</strong></span> <span class='ocrx_word' id='word_1_335' title='bbox 893 3602 926 3663; x_wconf 91' lang='lat' dir='ltr'><strong>in</strong></span> <span class='ocrx_word' id='word_1_336' title='bbox 941 3622 979 3665; x_wconf 89' lang='lat' dir='ltr'><strong>ea</strong></span> <span class='ocrx_word' id='word_1_337' title='bbox 994 3611 1101 3665; x_wconf 87' lang='lat' dir='ltr'><strong>manet</strong></span> <span class='ocrx_word' id='word_1_338' title='bbox 1115 3621 1186 3684; x_wconf 96' lang='lat' dir='ltr'><strong>per-</strong></span> 
     </span>
     <span class='ocr_line' id='line_1_55' title="bbox 289 3699 1186 3781; baseline 0 -20"><span class='ocrx_word' id='word_1_339' title='bbox 289 3716 424 3771; x_wconf 62' lang='lat' dir='ltr'><strong>measti.</strong></span> <span class='ocrx_word' id='word_1_340' title='bbox 439 3707 545 3781; x_wconf 91' lang='lat' dir='ltr'><strong>petuo,</strong></span> <span class='ocrx_word' id='word_1_341' title='bbox 558 3708 650 3781; x_wconf 92' lang='lat' dir='ltr'><strong>prout</strong></span> <span class='ocrx_word' id='word_1_342' title='bbox 663 3699 868 3763; x_wconf 84' lang='lat' dir='ltr'><strong>Ecclesiastes</strong></span> <span class='ocrx_word' id='word_1_343' title='bbox 885 3707 1016 3763; x_wconf 87' lang='lat' dir='ltr'><strong>testatur</strong></span> <span class='ocrx_word' id='word_1_344' title='bbox 1033 3724 1040 3762; x_wconf 91' lang='lat'>:</span> <span class='ocrx_word' id='word_1_345' title='bbox 1058 3701 1090 3763; x_wconf 89' lang='lat' dir='ltr'><strong>Si</strong></span> <span class='ocrx_word' id='word_1_346' title='bbox 1105 3699 1186 3763; x_wconf 89' lang='lat' dir='ltr'><strong>ceei-</strong></span> 
     </span>
     <span class='ocr_line' id='line_1_56' title="bbox 438 3797 1186 3880; baseline 0.003 -21"><span class='ocrx_word' id='word_1_347' title='bbox 438 3797 519 3860; x_wconf 90' lang='lat' dir='ltr'><strong>derit</strong></span> <span class='ocrx_word' id='word_1_348' title='bbox 543 3798 664 3880; x_wconf 90' lang='lat' dir='ltr'><strong>lignum</strong></span> <span class='ocrx_word' id='word_1_349' title='bbox 689 3799 728 3860; x_wconf 92' lang='lat' dir='ltr'><strong>ad</strong></span> <span class='ocrx_word' id='word_1_350' title='bbox 753 3806 895 3861; x_wconf 88' lang='lat' dir='ltr'><strong>austrum</strong></span> <span class='ocrx_word' id='word_1_351' title='bbox 919 3799 1036 3861; x_wconf 86' lang='lat' dir='ltr'><strong>autad</strong></span> <span class='ocrx_word' id='word_1_352' title='bbox 1066 3798 1186 3880; x_wconf 71' lang='lat' dir='ltr'><strong>aquile</strong></span> 
     </span>
     <span class='ocr_line' id='line_1_57' title="bbox 439 3896 1185 3977; baseline 0.001 -20"><span class='ocrx_word' id='word_1_353' title='bbox 439 3914 524 3975; x_wconf 91' lang='lat' dir='ltr'><strong>nem,</strong></span> <span class='ocrx_word' id='word_1_354' title='bbox 556 3896 589 3957; x_wconf 90' lang='lat' dir='ltr'><strong>in</strong></span> <span class='ocrx_word' id='word_1_355' title='bbox 617 3915 819 3977; x_wconf 89' lang='lat' dir='ltr'><strong>quocumque</strong></span> <span class='ocrx_word' id='word_1_356' title='bbox 852 3897 924 3960; x_wconf 90' lang='lat' dir='ltr'><strong>loeo</strong></span> <span class='ocrx_word' id='word_1_357' title='bbox 951 3897 1111 3974; x_wconf 88' lang='lat' dir='ltr'><strong>ceciderit,</strong></span> <span class='ocrx_word' id='word_1_358' title='bbox 1142 3896 1185 3958; x_wconf 93' lang='lat' dir='ltr'><strong>ibi</strong></span> 
     </span>
     <span class='ocr_line' id='line_1_58' title="bbox 439 3992 1184 4078; baseline 0.004 -23"><span class='ocrx_word' id='word_1_359' title='bbox 439 3992 508 4055; x_wconf 91' lang='lat' dir='ltr'><strong>erit.</strong></span> <span class='ocrx_word' id='word_1_360' title='bbox 525 3993 610 4073; x_wconf 89' lang='lat' dir='ltr'><strong>Ideo,</strong></span> <span class='ocrx_word' id='word_1_361' title='bbox 632 4002 666 4055; x_wconf 91' lang='lat' dir='ltr'><strong>ut</strong></span> <span class='ocrx_word' id='word_1_362' title='bbox 683 3994 896 4057; x_wconf 87' lang='lat' dir='ltr'><strong>Damascenus</strong></span> <span class='ocrx_word' id='word_1_363' title='bbox 915 3995 1079 4078; x_wconf 81' lang='lat' dir='ltr'><strong>expressit,</strong></span> <span class='ocrx_word' id='word_1_364' title='bbox 1100 3996 1184 4077; x_wconf 91' lang='lat' dir='ltr'><strong>quod</strong></span> 
     </span>
    </p>
   </div>
   <div class='ocr_carea' id='block_1_12' title="bbox 1238 3107 2134 4061">
    <p class='ocr_par' dir='ltr' id='par_1_13' title="bbox 1238 3107 2044 3291">
     <span class='ocr_line' id='line_1_59' title="bbox 1239 3107 2044 3193; baseline 0 -19"><span class='ocrx_word' id='word_1_365' title='bbox 1239 3111 1429 3174; x_wconf 91' lang='lat' dir='ltr'><strong>eminentius</strong></span> <span class='ocrx_word' id='word_1_366' title='bbox 1449 3130 1616 3193; x_wconf 89' lang='lat' dir='ltr'><strong>possumus</strong></span> <span class='ocrx_word' id='word_1_367' title='bbox 1640 3110 1898 3193; x_wconf 87' lang='lat' dir='ltr'><strong>gloriosissimam</strong></span> <span class='ocrx_word' id='word_1_368' title='bbox 1919 3112 1989 3174; x_wconf 81' lang='lat' dir='ltr'><strong>Vir·</strong></span> <span class='ocrx_word' id='word_1_369' title='bbox 2007 3107 2044 3149; x_wconf 81' lang='lat'><strong>¹⁹·</strong></span> 
     </span>
     <span class='ocr_line' id='line_1_60' title="bbox 1238 3208 1990 3291; baseline 0.001 -20"><span class='ocrx_word' id='word_1_370' title='bbox 1238 3210 1345 3291; x_wconf 88' lang='lat' dir='ltr'><strong>ginem</strong></span> <span class='ocrx_word' id='word_1_371' title='bbox 1361 3209 1516 3271; x_wconf 88' lang='lat' dir='ltr'><strong>honorare</strong></span> <span class='ocrx_word' id='word_1_372' title='bbox 1530 3208 1591 3270; x_wconf 90' lang='lat' dir='ltr'><strong>nisi</strong></span> <span class='ocrx_word' id='word_1_373' title='bbox 1607 3227 1713 3271; x_wconf 91' lang='lat' dir='ltr'><strong>coram</strong></span> <span class='ocrx_word' id='word_1_374' title='bbox 1733 3208 1900 3290; x_wconf 77' lang='lat' dir='ltr'><strong>praesentia</strong></span> <span class='ocrx_word' id='word_1_375' title='bbox 1917 3209 1990 3272; x_wconf 83' lang='lat' dir='ltr'><strong>Filii</strong></span> 
     </span>
    </p>

    <p class='ocr_par' dir='ltr' id='par_1_14' title="bbox 1239 3306 1991 3487">
     <span class='ocr_line' id='line_1_61' title="bbox 1239 3306 1990 3388; baseline -0.001 -18"><span class='ocrx_word' id='word_1_376' title='bbox 1239 3307 1309 3388; x_wconf 87' lang='lat' dir='ltr'><strong>ejus</strong></span> <span class='ocrx_word' id='word_1_377' title='bbox 1324 3307 1428 3369; x_wconf 86' lang='lat' dir='ltr'><strong>taliter</strong></span> <span class='ocrx_word' id='word_1_378' title='bbox 1442 3306 1670 3369; x_wconf 84' lang='lat' dir='ltr'><strong>conversando.</strong></span> <span class='ocrx_word' id='word_1_379' title='bbox 1687 3307 1862 3385; x_wconf 86' lang='lat' dir='ltr'><strong>Postremo,</strong></span> <span class='ocrx_word' id='word_1_380' title='bbox 1883 3315 1918 3369; x_wconf 93' lang='lat' dir='ltr'><strong>ut</strong></span> <span class='ocrx_word' id='word_1_381' title='bbox 1941 3307 1990 3369; x_wconf 91' lang='lat' dir='ltr'><strong>di-</strong></span> 
     </span>
     <span class='ocr_line' id='line_1_62' title="bbox 1239 3403 1991 3487; baseline 0.001 -21"><span class='ocrx_word' id='word_1_382' title='bbox 1239 3404 1398 3487; x_wconf 84' lang='lat' dir='ltr'><strong>guissimae</strong></span> <span class='ocrx_word' id='word_1_383' title='bbox 1413 3403 1548 3485; x_wconf 90' lang='lat' dir='ltr'><strong>Virginis</strong></span> <span class='ocrx_word' id='word_1_384' title='bbox 1563 3404 1795 3467; x_wconf 90' lang='lat' dir='ltr'><strong>misericordias</strong></span> <span class='ocrx_word' id='word_1_385' title='bbox 1816 3404 1921 3467; x_wconf 89' lang='lat' dir='ltr'><strong>taliter</strong></span> <span class='ocrx_word' id='word_1_386' title='bbox 1934 3425 1991 3467; x_wconf 88' lang='lat' dir='ltr'><strong>va-</strong></span> 
     </span>
    </p>

    <p class='ocr_par' dir='ltr' id='par_1_15' title="bbox 1240 3501 1992 3584">
     <span class='ocr_line' id='line_1_63' title="bbox 1240 3501 1992 3584; baseline 0.001 -19"><span class='ocrx_word' id='word_1_387' title='bbox 1240 3503 1362 3565; x_wconf 89' lang='lat' dir='ltr'><strong>leamus</strong></span> <span class='ocrx_word' id='word_1_388' title='bbox 1378 3501 1549 3584; x_wconf 86' lang='lat' dir='ltr'><strong>suscipere,</strong></span> <span class='ocrx_word' id='word_1_389' title='bbox 1558 3510 1737 3583; x_wconf 88' lang='lat' dir='ltr'><strong>satagamus</strong></span> <span class='ocrx_word' id='word_1_390' title='bbox 1752 3511 1784 3564; x_wconf 91' lang='lat' dir='ltr'><strong>et</strong></span> <span class='ocrx_word' id='word_1_391' title='bbox 1798 3521 1856 3565; x_wconf 93' lang='lat' dir='ltr'><strong>uos</strong></span> <span class='ocrx_word' id='word_1_392' title='bbox 1871 3503 1904 3564; x_wconf 92' lang='lat' dir='ltr'><strong>in</strong></span> <span class='ocrx_word' id='word_1_393' title='bbox 1919 3522 1992 3566; x_wconf 92' lang='lat' dir='ltr'><strong>om-</strong></span> 
     </span>
    </p>

    <p class='ocr_par' dir='ltr' id='par_1_16' title="bbox 1240 3591 1989 3682">
     <span class='ocr_line' id='line_1_64' title="bbox 1240 3591 1989 3682; baseline 0.003 -19"><span class='ocrx_word' id='word_1_394' title='bbox 1240 3600 1334 3663; x_wconf 89' lang='lat' dir='ltr'><strong>nibus</strong></span> <span class='ocrx_word' id='word_1_395' title='bbox 1353 3620 1423 3663; x_wconf 90' lang='lat' dir='ltr'><strong>esse</strong></span> <span class='ocrx_word' id='word_1_396' title='bbox 1448 3591 1679 3680; x_wconf 89' lang='lat' dir='ltr'><strong>misericordes,</strong></span> <span class='ocrx_word' id='word_1_397' title='bbox 1695 3620 1760 3663; x_wconf 92' lang='lat' dir='ltr'><strong>non</strong></span> <span class='ocrx_word' id='word_1_398' title='bbox 1780 3600 1989 3682; x_wconf 89' lang='lat' dir='ltr'><strong>indignando,</strong></span> 
     </span>
    </p>

    <p class='ocr_par' dir='ltr' id='par_1_17' title="bbox 1241 3700 1991 3881">
     <span class='ocr_line' id='line_1_65' title="bbox 1241 3700 1991 3781; baseline 0 -18"><span class='ocrx_word' id='word_1_399' title='bbox 1241 3720 1305 3763; x_wconf 92' lang='lat' dir='ltr'><strong>nou</strong></span> <span class='ocrx_word' id='word_1_400' title='bbox 1342 3700 1536 3779; x_wconf 90' lang='lat' dir='ltr'><strong>ulciscendo,</strong></span> <span class='ocrx_word' id='word_1_401' title='bbox 1567 3719 1626 3762; x_wconf 90' lang='lat' dir='ltr'><strong>nec</strong></span> <span class='ocrx_word' id='word_1_402' title='bbox 1656 3708 1766 3763; x_wconf 89' lang='lat' dir='ltr'><strong>contra</strong></span> <span class='ocrx_word' id='word_1_403' title='bbox 1793 3720 1991 3781; x_wconf 90' lang='lat' dir='ltr'><strong>quemquam</strong></span> 
     </span>
     <span class='ocr_line' id='line_1_66' title="bbox 1242 3798 1991 3881; baseline 0.001 -20"><span class='ocrx_word' id='word_1_404' title='bbox 1242 3799 1419 3880; x_wconf 88' lang='lat' dir='ltr'><strong>passionate</strong></span> <span class='ocrx_word' id='word_1_405' title='bbox 1447 3798 1648 3880; x_wconf 85' lang='lat' dir='ltr'><strong>pueriliterve</strong></span> <span class='ocrx_word' id='word_1_406' title='bbox 1678 3817 1883 3862; x_wconf 87' lang='lat' dir='ltr'><strong>rancorosum</strong></span> <span class='ocrx_word' id='word_1_407' title='bbox 1910 3801 1991 3881; x_wconf 86' lang='lat' dir='ltr'><strong>quid</strong></span> 
     </span>
    </p>

    <p class='ocr_par' dir='ltr' id='par_1_18' title="bbox 1240 3896 2134 4061">
     <span class='ocr_line' id='line_1_67' title="bbox 1240 3896 2134 3978; baseline 0.002 -18"><span class='ocrx_word' id='word_1_408' title='bbox 1240 3898 1274 3960; x_wconf 88' lang='lat' dir='ltr'><strong>in</strong></span> <span class='ocrx_word' id='word_1_409' title='bbox 1294 3898 1388 3960; x_wconf 89' lang='lat' dir='ltr'><strong>corde</strong></span> <span class='ocrx_word' id='word_1_410' title='bbox 1403 3896 1554 3978; x_wconf 83' lang='lat' dir='ltr'><strong>gestando</strong></span> <span class='ocrx_word' id='word_1_411' title='bbox 1568 3920 1576 3973; x_wconf 79' lang='lat'>3</span> <span class='ocrx_word' id='word_1_412' title='bbox 1592 3917 1652 3959; x_wconf 91' lang='lat' dir='ltr'><strong>uec</strong></span> <span class='ocrx_word' id='word_1_413' title='bbox 1667 3896 1833 3960; x_wconf 89' lang='lat' dir='ltr'><strong>vincamur</strong></span> <span class='ocrx_word' id='word_1_414' title='bbox 1851 3917 1870 3959; x_wconf 87' lang='lat' dir='ltr'><strong>a</strong></span> <span class='ocrx_word' id='word_1_415' title='bbox 1889 3898 1990 3977; x_wconf 91' lang='lat' dir='ltr'><strong>malo,</strong></span> <span class='ocrx_word' id='word_1_416' title='bbox 2008 3932 2134 3975; x_wconf 58' lang='lat' dir='ltr'><strong>pm„</strong></span> 
     </span>
     <span class='ocr_line' id='line_1_68' title="bbox 1242 3994 1793 4061; baseline 0.005 -3"><span class='ocrx_word' id='word_1_417' title='bbox 1242 3996 1297 4058; x_wconf 90' lang='lat' dir='ltr'><strong>sed</strong></span> <span class='ocrx_word' id='word_1_418' title='bbox 1318 3997 1482 4059; x_wconf 90' lang='lat' dir='ltr'><strong>vincamus</strong></span> <span class='ocrx_word' id='word_1_419' title='bbox 1505 3996 1624 4058; x_wconf 90' lang='lat' dir='ltr'><strong>malum</strong></span> <span class='ocrx_word' id='word_1_420' title='bbox 1644 3994 1678 4057; x_wconf 89' lang='lat' dir='ltr'><strong>in</strong></span> <span class='ocrx_word' id='word_1_421' title='bbox 1699 3995 1793 4061; x_wconf 88' lang='lat' dir='ltr'><strong>bono.</strong></span> 
     </span>
    </p>
   </div>
   <div class='ocr_carea' id='block_1_13' title="bbox 0 0 2160 6259">
    <p class='ocr_par' dir='ltr' id='par_1_19' title="bbox 0 0 2160 6259">
     <span class='ocr_line' id='line_1_69' title="bbox 0 0 2160 6259; baseline 0 0"><span class='ocrx_word' id='word_1_422' title='bbox 0 0 2160 6259; x_wconf 95' lang='lat' dir='ltr'><strong> </strong></span> 
     </span>
    </p>
   </div>
  </div>
 </body>
</html>
