4309 6259
572 500 612 547 un
633 500 780 547 rissmun
799 499 908 547 noumr
929 498 1115 546 smvtrours
1137 498 1295 547 alemans.
1319 518 1360 529 -
1381 500 1452 547 mr.
1476 502 1508 547 ru
1756 485 1816 549 287

261 670 363 748 bono,
378 670 430 733 vel
444 671 544 751 (quod
565 669 811 733 abominabilius
829 671 926 748 esset)
946 668 1054 731 red-A
1070 686 1127 749 pro
1151 668 1252 747 malis,
1278 677 1310 732 et
1334 670 1372 731 de
1397 668 1465 733 filio
1489 669 1543 732 irat
1568 670 1631 734 feci
1657 680 1686 735 te
1710 671 1815 736 filium

261 770 343 831 dere
364 768 483 831 malum
505 788 563 849 pro
584 768 679 831 bono.
1069 766 1186 847 gratie,
1205 787 1258 829 vas
1280 768 1512 846 misericordie,
1528 788 1690 852 quumque
1712 772 1814 835 adhuc
1830 787 1961 840 namuro.

308 868 458 930 Praeterea
486 866 603 947 duplex
636 874 684 928 est
715 864 869 942 debitum,
899 872 974 945 puta
1004 888 1012 925 :
1069 864 1190 927 inimici
1210 865 1332 945 essetis,
1350 867 1551 929 reconciliavi
1573 887 1628 932 vos
1644 869 1706 933 Deo
1721 870 1812 933 Patri.

261 964 381 1047 legale,
395 965 480 1046 quod
502 972 633 1026 vocatur
652 963 792 1026 debitum
813 963 962 1044 justitia,
983 970 1014 1023 et
1110 964 1279 1027 Stuvurus.
1295 963 1448 1043 -Certe,
1464 965 1506 1027 mi
1526 966 1669 1045 Domine,
1687 986 1815 1049 prorsus

261 1062 397 1138 morale,
419 1061 504 1141 quod
526 1069 657 1123 vocatur
676 1060 818 1122 debitum
837 1060 1014 1123 condeceu·
1068 1062 1201 1142 dignum
1230 1070 1262 1125 et
1288 1062 1409 1143 justum
1438 1071 1486 1125 est
1514 1083 1549 1126 ac
1585 1065 1711 1129 salubre
1747 1066 1815 1129 baec

261 1160 327 1222 tiae.
346 1159 493 1233 Quamvis
511 1167 617 1220 autem
636 1157 819 1220 exhibitioni
843 1157 1014 1220 beneficio-
1067 1159 1173 1221 omnia
1190 1160 1291 1221 taliter
1306 1159 1713 1243 meditari,passiouemque
1729 1171 1814 1225 tuam

259 1278 337 1319 rum
348 1258 465 1320 directe
479 1256 629 1319 debeatur
640 1256 891 1337 recompensatio
906 1255 1013 1319 debito
1068 1256 1278 1320 indelebiliter
1293 1258 1439 1321 cordibus
1454 1260 1569 1322 nostris
1584 1260 1776 1341 imprimere,
1784 1270 1816 1325 et

258 1356 490 1432 condecentiis,
517 1355 550 1415 in
576 1362 729 1435 quantum
754 1352 912 1416 beneficia
936 1353 1012 1415 libe
1067 1356 1221 1437 sanguiue
1237 1364 1291 1419 tuo
1306 1356 1396 1437 quasi
1412 1366 1574 1439 encausto,
1587 1367 1619 1421 ct
1633 1359 1731 1421 clavis
1745 1360 1815 1441 qui-

258 1454 372 1516 raliter
385 1453 594 1531 exhibentur3
610 1460 750 1515 attamen
770 1450 937 1514 beneficiis
956 1451 1011 1513 liei
1067 1455 1125 1517 bus
1143 1455 1312 1518 transfixus
1327 1476 1372 1537 eS,
1389 1456 1476 1519 velut
1492 1457 1564 1520 stilo
1579 1459 1738 1521 mentibus
1760 1479 1816 1523 no-

256 1562 293 1615 et
321 1552 446 1633 ipsimet
471 1549 667 1613 benefactori
692 1550 767 1629 Deo,
793 1549 854 1611 tria
877 1550 917 1611 ad
941 1568 1012 1630 gra·
1067 1553 1139 1615 stris
1160 1554 1355 1632 inscribere,
1372 1562 1404 1617 et
1425 1574 1465 1617 ne
1487 1556 1537 1617 vel
1558 1556 1596 1617 ad
1618 1567 1814 1621 momentum

254 1650 431 1713 titudinem
461 1647 652 1730 pertinentia
679 1648 846 1727 debentur,
873 1665 937 1710 uon
963 1666 1013 1710 so·
1066 1652 1572 1731 elabaturememoria,babere
1596 1656 1721 1717 camin
1747 1674 1813 1736 ore,

255 1749 333 1811 lum
361 1767 399 1810 ex
425 1747 643 1826 condecentia,
670 1746 725 1808 sed
754 1766 792 1809 ex
819 1744 1011 1826 obligatione
1067 1758 1098 1811 et
1126 1750 1194 1813 aliis
1225 1751 1310 1832 loqui
1339 1752 1378 1813 de
1408 1751 1486 1832 ipsa,
1513 1753 1720 1835 meditarique
1744 1774 1813 1817 eam

253 1845 404 1927 justitie,
435 1844 468 1906 in
495 1852 650 1925 quantum
679 1843 762 1905 Deus
789 1844 843 1905 dat
872 1861 920 1919 ea,
947 1861 1011 1906 non
1028 1845 1052 1907 B
1067 1848 1207 1912 sedendo
1221 1849 1253 1910 in
1268 1848 1362 1913 domo
1378 1857 1409 1911 et
1429 1849 1621 1914 ambulando
1640 1851 1961 1931 initinere,1>,„i„.‚7.

254 1943 399 2026 gratuite
413 1962 450 2005 ac
472 1940 645 2004 liberaliter
664 1949 797 2019 tantum,
814 1941 917 2003 sedet
938 1960 1011 2003 cum
1067 1954 1098 2007 et
1112 1946 1299 2010 dormiendo
1314 1966 1350 2009 ac
1374 1948 1607 2029 consurgendo,
1626 1949 1722 2031 ligare
1737 1969 1815 2031 quo
1829 1945 1849 1987 ⁰·

253 2062 390 2106 onere:
415 2041 489 2122 quia
512 2041 564 2103 cui
589 2041 661 2121 plus
683 2040 787 2120 datur,
813 2040 885 2121 plus
909 2040 1012 2120 requi·
1065 2063 1129 2125 que
1158 2064 1227 2107 eam
1256 2045 1346 2125 quasi
1374 2046 1499 2127 siguum
1526 2046 1559 2107 iu
1584 2066 1691 2127 manu,
1718 2056 1752 2110 nt
1775 2048 1815 2111 sit

253 2150 352 2204 retur
378 2140 419 2203 ab
445 2157 495 2202 eo.
524 2137 668 2219 llequirit
695 2137 781 2200 enim
809 2137 1010 2219 obsequium,
1066 2150 1098 2204 et
1112 2150 1276 2206 moveatur
1296 2144 1379 2207 inter
1399 2143 1509 2207 oculos
1532 2164 1668 2227 semper,
1685 2154 1716 2207 et
1738 2147 1814 2209 scri-

252 2239 531 2321 quemadmodum
545 2236 1013 2299 ecclesiasticabenefrciadan·
1066 2240 1141 2303 bere
1166 2260 1235 2303 eam
1265 2242 1298 2303 in
1324 2242 1487 2305 volumine
1516 2250 1611 2325 atque
1639 2244 1671 2305 in
1702 2244 1813 2307 limine

252 2347 315 2399 tur
339 2336 446 2419 gratis,
472 2344 579 2398 tamen
608 2353 682 2396 eum
709 2353 806 2398 onere
830 2334 931 2397 divini
956 2335 1011 2398 ob-
1065 2358 1102 2401 ac
1118 2340 1205 2402 ostiis
1225 2340 1349 2418 domus,
1367 2348 1399 2403 et
1419 2340 1647 2404 incessabiliter
1666 2342 1813 2405 confiteri

251 2435 375 2517 sequii.
393 2436 520 2512 l'erum,
536 2434 681 2515 quamvis
697 2433 778 2495 Deus
793 2433 847 2495 det
862 2432 1010 2496 omnibus
1065 2437 1138 2519 quia
1158 2437 1202 2499 nil
1226 2438 1357 2519 dignum
1381 2437 1524 2501 valemus
1546 2441 1719 2520 rependere
1741 2440 1810 2503 tibi.

250 2534 435 2597 affluenter
458 2542 490 2596 et
513 2551 577 2595 non
602 2532 795 2613 improperet
817 2531 926 2613 gratis,
953 2531 1010 2593 im·
1106 2538 1276 2599 Stevamrt.
1289 2572 1330 2583 -
1343 2536 1395 2599 Sic
1410 2556 1478 2619 age,
1496 2547 1527 2600 et
1541 2538 1658 2601 senties
1672 2538 1812 2601 fructum

248 2641 411 2715 properat
424 2640 529 2694 tamen
544 2631 687 2712 ingratis,
703 2631 819 2711 quibus
832 2639 864 2692 et
877 2630 909 2691 id
924 2630 1009 2710 quod
1066 2636 1252 2715 preclarum
1269 2633 1372 2715 valde,
1388 2636 1581 2715 addeturque
1600 2637 1701 2717 gratia
1720 2656 1814 2718 gran-

248 2732 409 2795 videutur
423 2731 540 2793 babere
554 2728 678 2807 aufert,
695 2730 779 2791 etde
794 2728 920 2791 talentis
935 2747 1011 2791 con·
1065 2732 1114 2795 dis
1135 2741 1235 2814 grato.

51 2834 67 2863 ⁰
137 2860 147 2880 ⁹
217 2858 226 2868 ·
249 2829 362 2894 cessis
376 2829 473 2911 exigit
487 2828 653 2905 rationem,
670 2837 702 2890 et
716 2846 844 2890 servum
862 2827 1009 2889 inutilem

82 2982 129 3010 ¹,
179 2988 193 2998 ‚
217 2998 225 3009 ‚
249 2932 293 2992 in
326 2929 471 2991 tenebras
499 2926 628 3010 projicit
655 2926 839 2989 infernales.
866 2926 1009 2988 iudicate
1332 2988 1341 3009 r

131 2999 142 3018 ’
247 3028 389 3109 (iuquit)
410 3027 493 3089 inter
513 3046 564 3089 me
588 3034 620 3088 et
639 3026 769 3088 vineam
790 3044 905 3087 meam.
928 3024 1050 3099 Quinc
1271 2988 1515 3055 ARHCULUS
1539 2990 1599 3053 XI·

245 3136 308 3191 est
331 3127 416 3207 quod
439 3126 523 3189 ultra
546 3125 641 3188 debui
665 3124 771 3187 facere
795 3124 895 3187 Vissttffl
916 3143 1006 3201 mem,
1099 3138 1249 3205 Qualiter
1269 3140 1378 3215 passio
1402 3139 1527 3199 Christi
1549 3140 1591 3198 sit
1616 3138 1776 3199 intuenda

245 3236 290 3290 et
314 3244 380 3288 nou
404 3224 491 3287 fecil
514 3224 665 3287 Auferam
690 3242 765 3305 ergo
789 3242 898 3305 sepem
922 3222 1004 3303 ejus,
1264 3231 1308 3287 ad
1337 3229 1609 3303 cornpatiendum.

244 3334 287 3389 et
310 3325 372 3386 erit
391 3324 424 3385 in
446 3323 667 3405 direptionem.

296 3422 345 3486 Ne
368 3440 449 3504 crgo
468 3422 602 3503 primam
626 3420 859 3502 ingratitudinis
884 3430 1006 3502 partem
1103 3420 1274 3483 Stemma.
1300 3419 1407 3481 -De
1435 3420 1545 3483 eadem
1572 3443 1604 3487 re
1633 3433 1735 3506 potest
1762 3446 1810 3489 se

243 3525 413 3601 incurras,
430 3521 461 3582 id
483 3528 531 3582 est
551 3519 744 3583 oblivionem
765 3520 815 3581 vel
836 3519 1007 3600 irrecogni-
1062 3516 1202 3579 cundum
1230 3516 1371 3578 diversas
1406 3518 1674 3585 considerationes
1709 3524 1808 3605 ipsius

242 3623 390 3699 tionem,
410 3619 502 3681 stude
523 3618 681 3701 passionis
702 3636 781 3680 meae
801 3617 920 3699 jugiter
940 3636 1006 3679 me·
1061 3613 1187 3695 concipi
1215 3614 1366 3695 gaudium
1393 3634 1430 3677 ac
1458 3616 1586 3680 tristitia
1614 3643 1621 3680 :
1649 3628 1684 3682 ut
1706 3620 1731 3681 si
1760 3622 1809 3683 vir

241 3738 377 3783 rnorem
410 3736 503 3795 esse,
533 3734 597 3779 uon
631 3716 758 3779 recedat
790 3735 809 3777 a
840 3715 1003 3794 memoria,
1060 3718 1200 3789 sanctus,
1221 3709 1371 3773 Ecclesiae
1394 3712 1493 3790 utilis,
1517 3716 1681 3795 moriatur,
1705 3726 1808 3799 potest

239 3837 318 3882 non
349 3817 389 3879 ab
423 3815 609 3878 interiorum
643 3815 807 3878 oculorum
836 3815 1001 3896 adspectu.
1058 3809 1132 3890 quis
1148 3807 1308 3871 doleretle
1328 3808 1398 3889 ejus
1419 3810 1645 3894 subtmctione‚
1661 3815 1694 3876 iu
1709 3835 1808 3896 quau-

239 3915 405 3981 Crucifixi
426 3914 599 3995 imaginem
621 3914 756 3975 libenter
774 3921 868 3993 atque
889 3912 1005 3975 multo-
1061 3915 1127 3969 tum
1157 3905 1212 3967 illa
1240 3905 1365 3967 videtur
1393 3906 1544 3971 fidelibus
1573 3930 1642 3973 esse
1670 3913 1804 3993 nociva3

237 4016 312 4078 ties
327 4033 401 4076 cum
421 4013 533 4075 intima
552 4012 725 4074 attentione
745 4010 913 4091 adspicias,
930 4029 1003 4072 cum
1059 4014 1091 4067 et
1106 4004 1206 4067 nihilo
1222 4004 1444 4086 minuspotest
1457 4005 1496 4069 de
1513 4008 1582 4090 ejus
1594 4011 1807 4075 subtractione

238 4112 455 4177 reverentiali
472 4110 690 4189 inclinatione,
699 4129 772 4172 cum
784 4109 921 4191 pectoris
936 4117 1003 4171 tun·
1059 4111 1091 4165 et
1116 4111 1216 4165 morte
1238 4103 1386 4184 gaudere,
1414 4104 1447 4165 iu
1473 4116 1627 4186 quantum
1651 4129 1709 4193 per
1736 4131 1807 4174 eam

237 4212 356 4287 sione,
382 4229 455 4272 cum
479 4209 592 4271 bumili
617 4207 844 4290 recognitione.
868 4208 1001 4269 attende
1018 4201 1186 4275 Ddeveuit
1201 4201 1239 4263 ad
1254 4200 1398 4282 gloriam.
1416 4202 1638 4285 Conformiter,
1657 4208 1683 4270 si
1699 4208 1807 4273 videas

235 4309 335 4391 quis,
357 4316 494 4389 quantus
513 4315 546 4370 et
567 4307 669 4388 qualis
690 4306 751 4368 sim
773 4324 843 4387 ego,
866 4305 921 4386 qui
944 4324 1002 4387 pro
1058 4300 1162 4361 virum
1186 4298 1373 4379 virtuosum,
1394 4300 1516 4380 mitem,
1533 4304 1698 4386 humilem,
1715 4307 1807 4371 inno·

234 4420 277 4473 te
300 4416 361 4483 tot,
378 4416 462 4469 tantu
481 4426 518 4469 ac
540 4406 615 4468 talia
634 4425 704 4467 sum
726 4423 906 4487 perpessus.
923 4404 1001 4466 l'ide
1058 4404 1194 4477 centem,
1220 4397 1260 4459 ab
1286 4396 1392 4478 impiis
1420 4397 1586 4481 flagellari,
1611 4405 1803 4484 conculcari,

234 4530 260 4573 a
298 4506 427 4587 quantis
458 4514 490 4568 te
518 4504 623 4582 malis,
646 4524 665 4566 a
693 4504 822 4585 quantis
851 4503 1002 4584 periculis
1057 4496 1173 4575 occidi,
1200 4496 1373 4558 autetiam
1399 4515 1456 4577 pro
1481 4497 1546 4561 lide
1576 4500 1805 4567 immanissime

234 4604 454 4686 miseriisque
489 4603 628 4681 redemi3
659 4612 813 4684 quantum
848 4602 1001 4665 honorem
1057 4591 1141 4654 ferre
1164 4600 1436 4673 tormente,p0tes
1459 4593 1616 4657 detentis
1638 4596 1708 4677 ejus
1731 4618 1805 4681 sup-

235 4715 278 4770 et
302 4703 451 4784 gloriam,
466 4710 585 4783 quanta
605 4702 778 4782 giiiiiium
798 4700 998 4777 charismata,
1058 4690 1163 4771 pliciis
1188 4690 1295 4753 dolere
1322 4714 1328 4751 :
1357 4691 1469 4772 primo,
1494 4691 1526 4753 in
1552 4702 1705 4774 qnantum
1733 4706 1806 4760 sunt

234 4810 374 4886 quanm
386 4810 509 4863 aeigmae
523 4799 726 4862 beatitudinis
741 4799 1002 4879 incomparabilia
1057 4790 1140 4851 mala
1155 4788 1293 4871 pmualia
1314 4797 1346 4851 et
1366 4789 1435 4851 dira
1457 4791 1614 4873 supplicia
1633 4795 1803 4876 patientis;

234 4904 427 4975 bona,mea
441 4896 586 4979 passione
601 4894 659 4957 tibi
676 4895 846 4976 pmmerni,
857 4904 887 4957 et
901 4914 1001 4976 quen·
1056 4889 1208 4968 secundo,
1231 4889 1263 4949 in
1285 4896 1439 4969 quantum
1460 4899 1533 4952 suut
1555 4893 1736 4957 vexationes
1758 4895 1805 4956 iu-

235 5010 322 5063 tum
346 4997 379 5057 in
399 5016 449 5059 me
470 5003 529 5072 est,
546 4994 601 5056 tibi
624 4992 787 5074 acquisivi.
805 4993 883 5055 Vide
905 5012 1000 5073 quam
1055 4988 1158 5069 justae,
1176 4988 1331 5067 crudeles,
1349 4988 1532 5069 tyrannice,
1550 5009 1587 5052 ex
1607 4992 1803 5073 nequissima

234 5093 426 5171 caritative,
450 5093 585 5175 gratuite
613 5111 650 5154 ac
681 5090 854 5153 liberaliter
881 5092 939 5152 tuli
970 5101 1001 5154 et
1055 5086 1313 5169 persequentium
1344 5086 1505 5149 voluntate
1540 5096 1633 5169 atque
1668 5091 1803 5172 perfidia

231 5193 318 5261 feci
341 5192 536 5256 haecomnia
566 5198 680 5273 praeter
702 5190 814 5251 merita
840 5197 905 5267 tua,
936 5190 1000 5254 imo
1055 5186 1258 5267 prodeuntes.
1284 5184 1374 5247 Potes
1402 5204 1527 5267 quoque
1556 5188 1596 5249 de
1620 5187 1665 5249 eis
1690 5188 1799 5269 laetari,

234 5300 365 5359 contra
377 5290 531 5354 demerita
550 5298 616 5367 tua,
632 5297 665 5351 et
685 5287 827 5371 impendi
850 5296 896 5351 tot
915 5288 998 5352 bona
1056 5286 1090 5346 in
1110 5292 1263 5365 quantum
1284 5290 1358 5345 suut
1380 5284 1510 5366 patienti
1530 5286 1660 5350 materia
1681 5288 1802 5369 patien-
