<?xml version="1.0" encoding="UTF-8"?>
<!DOCTYPE html PUBLIC "-//W3C//DTD XHTML 1.0 Transitional//EN"
    "http://www.w3.org/TR/xhtml1/DTD/xhtml1-transitional.dtd">
<html xmlns="http://www.w3.org/1999/xhtml" xml:lang="en" lang="en">
 <head>
  <title>
</title>
<meta http-equiv="Content-Type" content="text/html;charset=utf-8" />
  <meta name='ocr-system' content='tesseract 3.04.00' />
  <meta name='ocr-capabilities' content='ocr_page ocr_carea ocr_par ocr_line ocrx_word'/>
</head>
<body>
  <div class='ocr_page' id='page_1' title='image "./doctorisecstati02unkngoog/doctorisecstati02unkngoog_0025.png"; bbox 0 0 4309 6259; ppageno 0'>
   <div class='ocr_carea' id='block_1_1' title="bbox 341 574 1594 1101">
    <p class='ocr_par' dir='ltr' id='par_1_1' title="bbox 341 574 1594 1101">
     <span class='ocr_line' id='line_1_1' title="bbox 707 574 1223 700; baseline 0.006 -3"><span class='ocrx_word' id='word_1_1' title='bbox 707 574 1223 700; x_wconf 83' lang='lat' dir='ltr'>EXPOSITIO</span> 
     </span>
     <span class='ocr_line' id='line_1_2' title="bbox 341 914 1594 1101; baseline 0.005 -37"><span class='ocrx_word' id='word_1_2' title='bbox 341 914 1022 1068; x_wconf 88' lang='lat' dir='ltr'>HYMNORUM</span> <span class='ocrx_word' id='word_1_3' title='bbox 1095 916 1594 1101; x_wconf 84' lang='lat' dir='ltr'><strong>ALIQUOT</strong></span> 
     </span>
    </p>
   </div>
   <div class='ocr_carea' id='block_1_2' title="bbox 581 1282 1379 1397">
    <p class='ocr_par' dir='ltr' id='par_1_2' title="bbox 581 1282 1379 1397">
     <span class='ocr_line' id='line_1_3' title="bbox 581 1282 1379 1397; baseline 0.004 -3"><span class='ocrx_word' id='word_1_4' title='bbox 581 1282 1379 1397; x_wconf 85' lang='lat' dir='ltr'>ECCLESIASTIGORUM¹</span> 
     </span>
    </p>
   </div>
   <div class='ocr_carea' id='block_1_3' title="bbox 442 1930 1490 2056">
    <p class='ocr_par' dir='ltr' id='par_1_3' title="bbox 442 1930 1490 2056">
     <span class='ocr_line' id='line_1_4' title="bbox 442 1930 1490 2056; baseline 0.003 -3"><span class='ocrx_word' id='word_1_5' title='bbox 442 1930 541 2054; x_wconf 92' lang='lat' dir='ltr'>IN</span> <span class='ocrx_word' id='word_1_6' title='bbox 606 1930 1066 2055; x_wconf 84' lang='lat' dir='ltr'><strong>ADVENTU</strong></span> <span class='ocrx_word' id='word_1_7' title='bbox 1136 1930 1490 2056; x_wconf 90' lang='lat' dir='ltr'>DOMINI</span> 
     </span>
    </p>
   </div>
   <div class='ocr_carea' id='block_1_4' title="bbox 578 2274 1352 2372">
    <p class='ocr_par' dir='ltr' id='par_1_4' title="bbox 578 2274 1352 2372">
     <span class='ocr_line' id='line_1_5' title="bbox 578 2274 1352 2372; baseline 0.004 -3"><span class='ocrx_word' id='word_1_8' title='bbox 578 2276 659 2370; x_wconf 84' lang='grc' dir='ltr'>ΑΙ)</span> <span class='ocrx_word' id='word_1_9' title='bbox 708 2274 1041 2371; x_wconf 78' lang='lat' dir='ltr'>VESPERAS</span> <span class='ocrx_word' id='word_1_10' title='bbox 1087 2277 1352 2372; x_wconf 87' lang='lat' dir='ltr'>HYMNUS</span> 
     </span>
    </p>
   </div>
   <div class='ocr_carea' id='block_1_5' title="bbox 279 2608 1529 3007">
    <p class='ocr_par' dir='ltr' id='par_1_5' title="bbox 279 2608 1529 3007">
     <span class='ocr_line' id='line_1_6' title="bbox 303 2608 1529 2695; baseline 0.001 -20"><span class='ocrx_word' id='word_1_11' title='bbox 303 2614 333 2675; x_wconf 86' lang='lat'>1.</span> <span class='ocrx_word' id='word_1_12' title='bbox 355 2612 514 2675; x_wconf 85' lang='lat' dir='ltr'>Conditor</span> <span class='ocrx_word' id='word_1_13' title='bbox 528 2610 614 2675; x_wconf 86' lang='lat' dir='ltr'>alme</span> <span class='ocrx_word' id='word_1_14' title='bbox 633 2610 791 2688; x_wconf 89' lang='lat' dir='ltr'>siderum,</span> <span class='ocrx_word' id='word_1_15' title='bbox 1104 2612 1136 2675; x_wconf 79' lang='lat' dir='ltr'>l.</span> <span class='ocrx_word' id='word_1_16' title='bbox 1157 2608 1262 2693; x_wconf 86' lang='lat' dir='ltr'>Cujus</span> <span class='ocrx_word' id='word_1_17' title='bbox 1277 2612 1354 2675; x_wconf 88' lang='lat' dir='ltr'>lorti</span> <span class='ocrx_word' id='word_1_18' title='bbox 1373 2614 1529 2695; x_wconf 83' lang='lat' dir='ltr'>potentiae</span> 
     </span>
     <span class='ocr_line' id='line_1_7' title="bbox 279 2709 1515 2788; baseline 0 -15"><span class='ocrx_word' id='word_1_19' title='bbox 279 2710 414 2773; x_wconf 81' lang='lat' dir='ltr'>AEterna</span> <span class='ocrx_word' id='word_1_20' title='bbox 434 2710 490 2773; x_wconf 86' lang='lat' dir='ltr'>lux</span> <span class='ocrx_word' id='word_1_21' title='bbox 510 2709 725 2786; x_wconf 89' lang='lat' dir='ltr'>credentium,</span> <span class='ocrx_word' id='word_1_22' title='bbox 1081 2709 1178 2772; x_wconf 86' lang='lat' dir='ltr'>Genu</span> <span class='ocrx_word' id='word_1_23' title='bbox 1196 2712 1374 2774; x_wconf 84' lang='lat' dir='ltr'>curvantur</span> <span class='ocrx_word' id='word_1_24' title='bbox 1393 2712 1515 2788; x_wconf 84' lang='lat' dir='ltr'>omnia,</span> 
     </span>
     <span class='ocr_line' id='line_1_8' title="bbox 279 2806 1439 2888; baseline -0.002 -15"><span class='ocrx_word' id='word_1_25' title='bbox 279 2809 419 2887; x_wconf 82' lang='lat' dir='ltr'>Christe,</span> <span class='ocrx_word' id='word_1_26' title='bbox 439 2808 629 2888; x_wconf 81' lang='lat' dir='ltr'>redemptor</span> <span class='ocrx_word' id='word_1_27' title='bbox 648 2806 811 2885; x_wconf 88' lang='lat' dir='ltr'>omniurn,</span> <span class='ocrx_word' id='word_1_28' title='bbox 1080 2806 1245 2885; x_wconf 84' lang='lat' dir='ltr'>Coelestia,</span> <span class='ocrx_word' id='word_1_29' title='bbox 1262 2809 1439 2886; x_wconf 83' lang='lat' dir='ltr'>terrestria,</span> 
     </span>
     <span class='ocr_line' id='line_1_9' title="bbox 279 2903 1504 3007; baseline 0 -38"><span class='ocrx_word' id='word_1_30' title='bbox 279 2906 408 2969; x_wconf 82' lang='lat' dir='ltr'><strong>Exaudi</strong></span> <span class='ocrx_word' id='word_1_31' title='bbox 429 2923 542 2987; x_wconf 81' lang='lat' dir='ltr'>preces</span> <span class='ocrx_word' id='word_1_32' title='bbox 561 2904 761 2986; x_wconf 89' lang='lat' dir='ltr'>supplicum.</span> <span class='ocrx_word' id='word_1_33' title='bbox 1080 2903 1239 3007; x_wconf 50' lang='lat' dir='ltr'>ljatentur</span> <span class='ocrx_word' id='word_1_34' title='bbox 1258 2907 1341 2968; x_wconf 86' lang='lat' dir='ltr'>nutu</span> <span class='ocrx_word' id='word_1_35' title='bbox 1360 2904 1504 2969; x_wconf 85' lang='lat' dir='ltr'>subdita.</span> 
     </span>
    </p>
   </div>
   <div class='ocr_carea' id='block_1_6' title="bbox 278 3098 1559 3475">
    <p class='ocr_par' dir='ltr' id='par_1_6' title="bbox 278 3098 1559 3475">
     <span class='ocr_line' id='line_1_10' title="bbox 301 3098 1559 3183; baseline 0 -18"><span class='ocrx_word' id='word_1_36' title='bbox 301 3101 333 3165; x_wconf 84' lang='lat'>2.</span> <span class='ocrx_word' id='word_1_37' title='bbox 351 3101 428 3179; x_wconf 89' lang='lat' dir='ltr'>Oui,</span> <span class='ocrx_word' id='word_1_38' title='bbox 449 3100 627 3165; x_wconf 80' lang='lat' dir='ltr'>condolens</span> <span class='ocrx_word' id='word_1_39' title='bbox 646 3098 781 3163; x_wconf 90' lang='lat' dir='ltr'>interitu</span> <span class='ocrx_word' id='word_1_40' title='bbox 1102 3100 1133 3162; x_wconf 88' lang='grc'>5.</span> <span class='ocrx_word' id='word_1_41' title='bbox 1154 3099 1201 3163; x_wconf 80' lang='lat' dir='ltr'>l&#39;e</span> <span class='ocrx_word' id='word_1_42' title='bbox 1219 3099 1443 3181; x_wconf 84' lang='lat' dir='ltr'>deprecamur,</span> <span class='ocrx_word' id='word_1_43' title='bbox 1463 3099 1559 3183; x_wconf 85' lang='lat' dir='ltr'>Agie,</span> 
     </span>
     <span class='ocr_line' id='line_1_11' title="bbox 280 3195 1496 3280; baseline -0.002 -17"><span class='ocrx_word' id='word_1_44' title='bbox 280 3200 397 3263; x_wconf 85' lang='lat' dir='ltr'>Mortis</span> <span class='ocrx_word' id='word_1_45' title='bbox 414 3199 522 3280; x_wconf 89' lang='lat' dir='ltr'>perire</span> <span class='ocrx_word' id='word_1_46' title='bbox 540 3198 711 3277; x_wconf 85' lang='lat' dir='ltr'>saeculum,</span> <span class='ocrx_word' id='word_1_47' title='bbox 1080 3195 1226 3260; x_wconf 88' lang='lat' dir='ltr'>Venture</span> <span class='ocrx_word' id='word_1_48' title='bbox 1242 3196 1352 3261; x_wconf 82' lang='lat' dir='ltr'>Jucex</span> <span class='ocrx_word' id='word_1_49' title='bbox 1370 3198 1496 3279; x_wconf 85' lang='lat' dir='ltr'>saeeuli,</span> 
     </span>
     <span class='ocr_line' id='line_1_12' title="bbox 280 3292 1548 3377; baseline -0.002 -16"><span class='ocrx_word' id='word_1_50' title='bbox 280 3298 422 3361; x_wconf 82' lang='lat' dir='ltr'>Salvusti</span> <span class='ocrx_word' id='word_1_51' title='bbox 441 3297 604 3360; x_wconf 88' lang='lat' dir='ltr'>mundum</span> <span class='ocrx_word' id='word_1_52' title='bbox 623 3295 828 3377; x_wconf 84' lang='lat' dir='ltr'>languidum,</span> <span class='ocrx_word' id='word_1_53' title='bbox 1080 3292 1245 3358; x_wconf 85' lang='lat' dir='ltr'>Conserva</span> <span class='ocrx_word' id='word_1_54' title='bbox 1259 3312 1321 3358; x_wconf 89' lang='lat' dir='ltr'>nos</span> <span class='ocrx_word' id='word_1_55' title='bbox 1335 3296 1370 3359; x_wconf 90' lang='lat' dir='ltr'>iu</span> <span class='ocrx_word' id='word_1_56' title='bbox 1389 3298 1548 3377; x_wconf 88' lang='lat' dir='ltr'>tempore,</span> 
     </span>
     <span class='ocr_line' id='line_1_13' title="bbox 278 3391 1463 3475; baseline -0.003 -16"><span class='ocrx_word' id='word_1_57' title='bbox 278 3396 413 3459; x_wconf 82' lang='lat' dir='ltr'>Donens</span> <span class='ocrx_word' id='word_1_58' title='bbox 432 3396 497 3459; x_wconf 88' lang='lat' dir='ltr'>reis</span> <span class='ocrx_word' id='word_1_59' title='bbox 512 3394 707 3459; x_wconf 89' lang='lat' dir='ltr'>remedium.</span> <span class='ocrx_word' id='word_1_60' title='bbox 1079 3391 1196 3455; x_wconf 89' lang='lat' dir='ltr'>Hostis</span> <span class='ocrx_word' id='word_1_61' title='bbox 1213 3410 1232 3455; x_wconf 87' lang='lat' dir='ltr'><strong>a</strong></span> <span class='ocrx_word' id='word_1_62' title='bbox 1250 3393 1317 3456; x_wconf 91' lang='lat' dir='ltr'>telo</span> <span class='ocrx_word' id='word_1_63' title='bbox 1335 3393 1463 3475; x_wconf 76' lang='lat' dir='ltr'>perfidi.</span> 
     </span>
    </p>
   </div>
   <div class='ocr_carea' id='block_1_7' title="bbox 280 3585 1652 3965">
    <p class='ocr_par' dir='ltr' id='par_1_7' title="bbox 280 3585 1652 3771">
     <span class='ocr_line' id='line_1_14' title="bbox 301 3585 1652 3673; baseline -0.004 -18"><span class='ocrx_word' id='word_1_64' title='bbox 301 3593 333 3655; x_wconf 91' lang='lat'>3.</span> <span class='ocrx_word' id='word_1_65' title='bbox 354 3592 516 3673; x_wconf 84' lang='lat' dir='ltr'>Vergente</span> <span class='ocrx_word' id='word_1_66' title='bbox 535 3591 650 3655; x_wconf 90' lang='lat' dir='ltr'>mundi</span> <span class='ocrx_word' id='word_1_67' title='bbox 670 3608 817 3672; x_wconf 90' lang='lat' dir='ltr'>vespere,</span> <span class='ocrx_word' id='word_1_68' title='bbox 1102 3585 1134 3651; x_wconf 85' lang='grc'>6.</span> <span class='ocrx_word' id='word_1_69' title='bbox 1154 3585 1254 3664; x_wconf 83' lang='lat' dir='ltr'>Laus,</span> <span class='ocrx_word' id='word_1_70' title='bbox 1271 3586 1388 3664; x_wconf 90' lang='lat' dir='ltr'>honor,</span> <span class='ocrx_word' id='word_1_71' title='bbox 1409 3587 1527 3665; x_wconf 87' lang='lat' dir='ltr'>virtus,</span> <span class='ocrx_word' id='word_1_72' title='bbox 1547 3586 1652 3668; x_wconf 83' lang='lat' dir='ltr'>gloria</span> 
     </span>
     <span class='ocr_line' id='line_1_15' title="bbox 280 3684 1424 3771; baseline -0.005 -18"><span class='ocrx_word' id='word_1_73' title='bbox 280 3690 335 3753; x_wconf 89' lang='lat' dir='ltr'>Uti</span> <span class='ocrx_word' id='word_1_74' title='bbox 351 3706 494 3771; x_wconf 86' lang='lat' dir='ltr'>sponsus</span> <span class='ocrx_word' id='word_1_75' title='bbox 507 3689 549 3751; x_wconf 89' lang='lat' dir='ltr'>de</span> <span class='ocrx_word' id='word_1_76' title='bbox 567 3688 724 3765; x_wconf 80' lang='lat' dir='ltr'>thalamo,</span> <span class='ocrx_word' id='word_1_77' title='bbox 1080 3685 1150 3749; x_wconf 87' lang='lat' dir='ltr'>Deo</span> <span class='ocrx_word' id='word_1_78' title='bbox 1165 3684 1256 3746; x_wconf 82' lang='lat' dir='ltr'>Patri</span> <span class='ocrx_word' id='word_1_79' title='bbox 1275 3684 1308 3747; x_wconf 87' lang='lat' dir='ltr'>et</span> <span class='ocrx_word' id='word_1_80' title='bbox 1326 3684 1424 3762; x_wconf 86' lang='lat' dir='ltr'>Filio,</span> 
     </span>
    </p>

    <p class='ocr_par' dir='ltr' id='par_1_8' title="bbox 280 3780 1628 3965">
     <span class='ocr_line' id='line_1_16' title="bbox 280 3780 1516 3867; baseline -0.003 -18"><span class='ocrx_word' id='word_1_81' title='bbox 280 3787 442 3867; x_wconf 82' lang='lat' dir='ltr'>Egressus</span> <span class='ocrx_word' id='word_1_82' title='bbox 461 3786 696 3849; x_wconf 86' lang='lat' dir='ltr'>honestissima</span> <span class='ocrx_word' id='word_1_83' title='bbox 1079 3783 1199 3847; x_wconf 87' lang='lat' dir='ltr'>Sancto</span> <span class='ocrx_word' id='word_1_84' title='bbox 1217 3780 1318 3845; x_wconf 88' lang='lat' dir='ltr'>simul</span> <span class='ocrx_word' id='word_1_85' title='bbox 1334 3781 1516 3862; x_wconf 83' lang='lat' dir='ltr'>Paracleto,</span> 
     </span>
     <span class='ocr_line' id='line_1_17' title="bbox 280 3879 1628 3965; baseline -0.001 -20"><span class='ocrx_word' id='word_1_86' title='bbox 280 3882 428 3965; x_wconf 80' lang='lat' dir='ltr'>Virginis</span> <span class='ocrx_word' id='word_1_87' title='bbox 445 3882 560 3945; x_wconf 84' lang='lat' dir='ltr'>Matris</span> <span class='ocrx_word' id='word_1_88' title='bbox 579 3881 736 3945; x_wconf 84' lang='lat' dir='ltr'>clausule.</span> <span class='ocrx_word' id='word_1_89' title='bbox 1079 3882 1119 3944; x_wconf 92' lang='lat' dir='ltr'>In</span> <span class='ocrx_word' id='word_1_90' title='bbox 1139 3879 1338 3945; x_wconf 81' lang='lat' dir='ltr'>saeculorum</span> <span class='ocrx_word' id='word_1_91' title='bbox 1358 3880 1493 3945; x_wconf 78' lang='lat' dir='ltr'>secula.</span> <span class='ocrx_word' id='word_1_92' title='bbox 1510 3882 1628 3944; x_wconf 85' lang='lat' dir='ltr'>Amen.</span> 
     </span>
    </p>
   </div>
   <div class='ocr_carea' id='block_1_8' title="bbox 698 4250 1235 4341">
    <p class='ocr_par' dir='ltr' id='par_1_9' title="bbox 698 4250 1235 4341">
     <span class='ocr_line' id='line_1_18' title="bbox 698 4250 1235 4341; baseline -0.007 -1"><span class='ocrx_word' id='word_1_93' title='bbox 698 4252 1008 4341; x_wconf 81' lang='lat' dir='ltr'>EXPOSITIO</span> <span class='ocrx_word' id='word_1_94' title='bbox 1046 4250 1235 4338; x_wconf 82' lang='lat' dir='ltr'><strong>HYMNI</strong></span> 
     </span>
    </p>
   </div>
   <div class='ocr_carea' id='block_1_9' title="bbox 192 4557 1744 5139">
    <p class='ocr_par' dir='ltr' id='par_1_10' title="bbox 192 4557 1744 5139">
     <span class='ocr_line' id='line_1_19' title="bbox 234 4557 1741 4646; baseline -0.002 -15"><span class='ocrx_word' id='word_1_95' title='bbox 234 4566 465 4631; x_wconf 71' lang='lat' dir='ltr'>Commotus</span> <span class='ocrx_word' id='word_1_96' title='bbox 480 4562 513 4628; x_wconf 89' lang='lat' dir='ltr'>in</span> <span class='ocrx_word' id='word_1_97' title='bbox 533 4582 570 4629; x_wconf 91' lang='lat' dir='ltr'>eo</span> <span class='ocrx_word' id='word_1_98' title='bbox 584 4560 699 4629; x_wconf 82' lang='lat' dir='ltr'>Christi</span> <span class='ocrx_word' id='word_1_99' title='bbox 719 4560 790 4628; x_wconf 82' lang='lat' dir='ltr'>Filii</span> <span class='ocrx_word' id='word_1_100' title='bbox 811 4559 865 4627; x_wconf 88' lang='lat' dir='ltr'>Dei</span> <span class='ocrx_word' id='word_1_101' title='bbox 886 4564 940 4627; x_wconf 90' lang='lat' dir='ltr'>be-</span> <span class='ocrx_word' id='word_1_102' title='bbox 955 4565 980 4627; x_wconf 80' lang='lat' dir='ltr'>l</span> <span class='ocrx_word' id='word_1_103' title='bbox 1034 4562 1152 4626; x_wconf 83' lang='lat' dir='ltr'>Auctor</span> <span class='ocrx_word' id='word_1_104' title='bbox 1165 4557 1276 4626; x_wconf 82' lang='lat' dir='ltr'>boetus</span> <span class='ocrx_word' id='word_1_105' title='bbox 1295 4567 1385 4646; x_wconf 82' lang='lat' dir='ltr'>peter</span> <span class='ocrx_word' id='word_1_106' title='bbox 1397 4564 1592 4629; x_wconf 79' lang='lat' dir='ltr'>Ambrosius.</span> <span class='ocrx_word' id='word_1_107' title='bbox 1609 4562 1741 4630; x_wconf 78' lang='lat' dir='ltr'>Carmen</span> 
     </span>
     <span class='ocr_line' id='line_1_20' title="bbox 192 4661 1365 4747; baseline -0.002 -20"><span class='ocrx_word' id='word_1_108' title='bbox 192 4664 342 4747; x_wconf 76' lang='lat' dir='ltr'>dignitus,</span> <span class='ocrx_word' id='word_1_109' title='bbox 360 4664 443 4747; x_wconf 90' lang='lat' dir='ltr'>quod</span> <span class='ocrx_word' id='word_1_110' title='bbox 458 4665 497 4727; x_wconf 86' lang='lat' dir='ltr'>cd</span> <span class='ocrx_word' id='word_1_111' title='bbox 517 4683 575 4728; x_wconf 90' lang='lat' dir='ltr'>nos</span> <span class='ocrx_word' id='word_1_112' title='bbox 593 4664 806 4741; x_wconf 86' lang='lat' dir='ltr'>redimendos,</span> <span class='ocrx_word' id='word_1_113' title='bbox 824 4662 856 4726; x_wconf 89' lang='lat' dir='ltr'>in</span> <span class='ocrx_word' id='word_1_114' title='bbox 877 4662 939 4743; x_wconf 88' lang='lat' dir='ltr'>pri·</span> <span class='ocrx_word' id='word_1_115' title='bbox 995 4661 1169 4724; x_wconf 83' lang='lat' dir='ltr'>iambicum</span> <span class='ocrx_word' id='word_1_116' title='bbox 1183 4662 1365 4725; x_wconf 91' lang='lat' dir='ltr'>dimetrum.</span> 
     </span>
     <span class='ocr_line' id='line_1_21' title="bbox 192 4760 938 4844; baseline -0.005 -19"><span class='ocrx_word' id='word_1_117' title='bbox 192 4782 245 4827; x_wconf 94' lang='lat' dir='ltr'>mo</span> <span class='ocrx_word' id='word_1_118' title='bbox 278 4764 416 4826; x_wconf 75' lang='lat' dir='ltr'>adventu</span> <span class='ocrx_word' id='word_1_119' title='bbox 443 4764 482 4825; x_wconf 91' lang='lat' dir='ltr'>de</span> <span class='ocrx_word' id='word_1_120' title='bbox 513 4761 640 4844; x_wconf 81' lang='lat' dir='ltr'>Virgine</span> <span class='ocrx_word' id='word_1_121' title='bbox 673 4761 761 4825; x_wconf 84' lang='lat' dir='ltr'>nasci</span> <span class='ocrx_word' id='word_1_122' title='bbox 790 4760 938 4842; x_wconf 86' lang='lat' dir='ltr'>dignutus</span> 
     </span>
     <span class='ocr_line' id='line_1_22' title="bbox 192 4856 1744 4945; baseline 0.002 -21"><span class='ocrx_word' id='word_1_123' title='bbox 192 4868 256 4940; x_wconf 80' lang='lat' dir='ltr'>est3</span> <span class='ocrx_word' id='word_1_124' title='bbox 269 4868 458 4943; x_wconf 78' lang='lat' dir='ltr'>rogaturque</span> <span class='ocrx_word' id='word_1_125' title='bbox 474 4860 555 4923; x_wconf 89' lang='lat' dir='ltr'>utin</span> <span class='ocrx_word' id='word_1_126' title='bbox 572 4860 713 4923; x_wconf 89' lang='lat' dir='ltr'>secundo</span> <span class='ocrx_word' id='word_1_127' title='bbox 727 4860 864 4922; x_wconf 77' lang='lat' dir='ltr'>adventu</span> <span class='ocrx_word' id='word_1_128' title='bbox 880 4875 938 4922; x_wconf 88' lang='lat' dir='ltr'>nos</span> <span class='ocrx_word' id='word_1_129' title='bbox 1055 4856 1210 4921; x_wconf 76' lang='lat' dir='ltr'>AUDARE</span> <span class='ocrx_word' id='word_1_130' title='bbox 1223 4858 1335 4939; x_wconf 88' lang='lat' dir='ltr'>Deum,</span> <span class='ocrx_word' id='word_1_131' title='bbox 1351 4876 1520 4923; x_wconf 90' lang='lat' dir='ltr'>commune</span> <span class='ocrx_word' id='word_1_132' title='bbox 1533 4869 1583 4924; x_wconf 81' lang='lat' dir='ltr'>est</span> <span class='ocrx_word' id='word_1_133' title='bbox 1598 4878 1744 4945; x_wconf 79' lang='lat' dir='ltr'>compre-</span> 
     </span>
     <span class='ocr_line' id='line_1_23' title="bbox 192 4956 1741 5039; baseline 0.002 -17"><span class='ocrx_word' id='word_1_134' title='bbox 192 4957 232 5021; x_wconf 77' lang='lat' dir='ltr'>cb</span> <span class='ocrx_word' id='word_1_135' title='bbox 260 4960 350 5022; x_wconf 87' lang='lat' dir='ltr'>hoste</span> <span class='ocrx_word' id='word_1_136' title='bbox 378 4958 507 5039; x_wconf 87' lang='lat' dir='ltr'>entique</span> <span class='ocrx_word' id='word_1_137' title='bbox 534 4957 635 5021; x_wconf 82' lang='lat' dir='ltr'>solvet</span> <span class='ocrx_word' id='word_1_138' title='bbox 661 4965 694 5019; x_wconf 92' lang='lat' dir='ltr'>et</span> <span class='ocrx_word' id='word_1_139' title='bbox 717 4964 872 5038; x_wconf 81' lang='lat' dir='ltr'>proteget,</span> <span class='ocrx_word' id='word_1_140' title='bbox 898 4974 938 5019; x_wconf 89' lang='lat' dir='ltr'>ne</span> <span class='ocrx_word' id='word_1_141' title='bbox 1069 4956 1271 5035; x_wconf 74' lang='lat' dir='ltr'>hensoribuS,</span> <span class='ocrx_word' id='word_1_142' title='bbox 1288 4957 1321 5020; x_wconf 94' lang='lat' dir='ltr'>id</span> <span class='ocrx_word' id='word_1_143' title='bbox 1339 4965 1387 5019; x_wconf 84' lang='lat' dir='ltr'>est</span> <span class='ocrx_word' id='word_1_144' title='bbox 1405 4957 1564 5021; x_wconf 84' lang='lat' dir='ltr'>universis</span> <span class='ocrx_word' id='word_1_145' title='bbox 1583 4960 1687 5025; x_wconf 77' lang='lat' dir='ltr'>Boulis</span> <span class='ocrx_word' id='word_1_146' title='bbox 1706 4959 1741 5025; x_wconf 86' lang='lat' dir='ltr'>iu</span> 
     </span>
     <span class='ocr_line' id='line_1_24' title="bbox 193 5054 1741 5139; baseline 0.003 -20"><span class='ocrx_word' id='word_1_147' title='bbox 193 5056 295 5139; x_wconf 84' lang='lat' dir='ltr'>ipsius</span> <span class='ocrx_word' id='word_1_148' title='bbox 310 5056 527 5139; x_wconf 83' lang='lat' dir='ltr'>percutiamur</span> <span class='ocrx_word' id='word_1_149' title='bbox 541 5056 615 5119; x_wconf 90' lang='lat' dir='ltr'>telo.</span> <span class='ocrx_word' id='word_1_150' title='bbox 994 5054 1108 5137; x_wconf 83' lang='lat' dir='ltr'>patrie,</span> <span class='ocrx_word' id='word_1_151' title='bbox 1135 5073 1173 5117; x_wconf 83' lang='lat' dir='ltr'>oo</span> <span class='ocrx_word' id='word_1_152' title='bbox 1195 5054 1371 5118; x_wconf 78' lang='lat' dir='ltr'>victoribus</span> <span class='ocrx_word' id='word_1_153' title='bbox 1395 5054 1428 5117; x_wconf 90' lang='lat' dir='ltr'>in</span> <span class='ocrx_word' id='word_1_154' title='bbox 1456 5056 1517 5119; x_wconf 88' lang='lat' dir='ltr'>hoo</span> <span class='ocrx_word' id='word_1_155' title='bbox 1541 5058 1672 5122; x_wconf 88' lang='lat' dir='ltr'>mundo.</span> <span class='ocrx_word' id='word_1_156' title='bbox 1697 5058 1741 5122; x_wconf 85' lang='lat' dir='ltr'>De</span> 
     </span>
    </p>
   </div>
   <div class='ocr_carea' id='block_1_10' title="bbox 213 5230 1673 5443">
    <p class='ocr_par' dir='ltr' id='par_1_11' title="bbox 213 5230 1673 5443">
     <span class='ocr_line' id='line_1_25' title="bbox 213 5230 1673 5337; baseline -0.008 -12"><span class='ocrx_word' id='word_1_157' title='bbox 213 5316 217 5325; x_wconf 93' lang='lat'>.</span> <span class='ocrx_word' id='word_1_158' title='bbox 241 5275 249 5313; x_wconf 88' lang='lat'><strong>¹</strong></span> <span class='ocrx_word' id='word_1_159' title='bbox 269 5272 310 5323; x_wconf 84' lang='lat' dir='ltr'>Ex</span> <span class='ocrx_word' id='word_1_160' title='bbox 324 5270 445 5323; x_wconf 81' lang='lat' dir='ltr'>editione</span> <span class='ocrx_word' id='word_1_161' title='bbox 461 5230 619 5325; x_wconf 78' lang='lat' dir='ltr'>Coloniensi</span> <span class='ocrx_word' id='word_1_162' title='bbox 636 5270 710 5321; x_wconf 85' lang='lat' dir='ltr'>Petri</span> <span class='ocrx_word' id='word_1_163' title='bbox 725 5266 854 5331; x_wconf 75' lang='lat' dir='ltr'>Quentet</span> <span class='ocrx_word' id='word_1_164' title='bbox 869 5268 942 5321; x_wconf 75' lang='lat'><strong>153³.</strong></span> <span class='ocrx_word' id='word_1_165' title='bbox 1665 5330 1673 5337; x_wconf 20' lang='grc' dir='ltr'><strong><em>ἢ</em></strong></span> 
     </span>
     <span class='ocr_line' id='line_1_26' title="bbox 317 5384 1616 5443; baseline -0.002 0"><span class='ocrx_word' id='word_1_166' title='bbox 317 5384 349 5443; x_wconf 82' lang='grc' dir='ltr'>Τ.</span> <span class='ocrx_word' id='word_1_167' title='bbox 367 5389 406 5440; x_wconf 79' lang='grc'>35.</span> <span class='ocrx_word' id='word_1_168' title='bbox 1600 5388 1616 5441; x_wconf 76' lang='lat'>2</span> 
     </span>
    </p>
   </div>
   <div class='ocr_carea' id='block_1_11' title="bbox 0 0 2160 6259">
    <p class='ocr_par' dir='ltr' id='par_1_12' title="bbox 0 0 2160 6259">
     <span class='ocr_line' id='line_1_27' title="bbox 0 0 2160 6259; baseline 0 0"><span class='ocrx_word' id='word_1_169' title='bbox 0 0 2160 6259; x_wconf 95' lang='lat' dir='ltr'> </span> 
     </span>
    </p>
   </div>
  </div>
 </body>
</html>
