4309 6259
586 501 744 550 arrosnro
764 498 862 547 arum
886 500 894 545 :
916 498 1044 545 vrxuax
1066 497 1155 545 naon
1176 498 1334 548 rnooaonr
1692 483 1731 549 ll

186 680 235 739 est
248 675 346 738 variis
361 676 634 757 modis,atque,ut
648 671 932 755 affirmathryso·
947 670 972 735 b
989 690 1077 751 num,
1100 670 1144 735 ita
1165 672 1250 755 quod
1273 670 1474 754 particularis
1496 678 1529 735 et
1548 674 1733 757 temporalis

186 780 318 851 stamus,
336 774 433 837 radiis
454 774 530 839 solis
550 771 747 857 splendidior
762 769 932 853 injudicio
990 787 1076 834 mors
1098 770 1240 853 corporis
1255 768 1370 833 Christi
1392 770 1507 834 idonea
1527 768 1591 833 fuit
1609 771 1733 854 eripere

185 872 362 955 apparebit.
380 875 504 935 Ornata
525 874 624 950 Repis
641 889 810 948 purpura,
829 868 863 933 id
884 876 933 931 εει
987 887 1089 950 genus
1109 868 1285 933 humanum
1306 888 1326 931 a
1345 876 1447 933 morte
1467 868 1652 949 universali,
1670 872 1736 955 spi·

185 968 506 1051 prestantissimae
531 968 619 1052 regia
641 967 756 1031 Christi
781 984 876 1031 came
901 973 933 1027 et
988 966 1094 1030 rituali
1120 986 1157 1030 ae
1180 967 1333 1045 aeternali,
1360 966 1426 1031 imo
1448 976 1482 1030 et
1503 966 1602 1031 vitam
1626 969 1735 1051 gratia

186 1066 256 1148 ejus
278 1074 451 1130 contactu:
473 1066 565 1150 cujus
586 1066 682 1130 etiam
704 1084 794 1129 sacro
815 1071 932 1128 attactu
987 1064 1138 1128 omnibus
1159 1066 1333 1147 promereri
1357 1065 1518 1149 vitamque
1538 1063 1648 1148 gloriae
1668 1067 1737 1131 adi-

186 1184 268 1247 aqua
282 1165 349 1228 virn
364 1166 563 1248 purgativam
585 1164 707 1248 peccati
730 1164 840 1227 sortita
860 1182 934 1226 cen·
988 1162 1082 1245 pisci.
1106 1163 1187 1226 ilinc
1214 1163 1361 1227 subditur
1386 1186 1394 1225 ι
1417 1167 1628 1245 praedamque
1658 1168 1737 1227 tatii

187 1271 283 1327 setur.
301 1264 356 1327 Vel
373 1286 390 1325 a
406 1282 546 1347 purpura
562 1286 591 1341 n,
609 1264 641 1326 id
663 1270 711 1325 est
726 1280 817 1326 roseo
838 1268 933 1342 atque
989 1264 1142 1331 tartaris,
1158 1261 1191 1324 id
1214 1269 1273 1340 est,
1295 1259 1521 1325 infernalibus·
1527 1262 1736 1345 potestatibus

187 1380 346 1445 purpureo
368 1362 522 1443 sanguine
544 1361 724 1437 Salvatoris,
741 1360 781 1423 de
802 1377 866 1442 quo
881 1359 935 1422 de·
989 1378 1026 1421 ac
1053 1358 1221 1423 tormentis
1249 1358 1380 1422 abstulit
1413 1378 1515 1442 genus
1547 1360 1735 1439 humanam,

34 1470 173 1523 tPetr-rst.
187 1460 343 1543 prompsit
357 1459 615 1542 Archiapostolus
632 1482 639 1521 ι
656 1458 724 1522 Non
745 1456 935 1540 corruptibi-
988 1455 1072 1535 quod
1088 1454 1220 1536 maligni
1236 1454 1368 1537 spiritus
1383 1474 1441 1519 suo
1455 1456 1651 1519 abstulerant
1665 1456 1737 1521 Cre-

33 1536 68 1576 ¹⁹·
186 1559 270 1623 libus
285 1577 362 1623 auro
378 1558 428 1621 vel
450 1566 581 1640 argento
596 1557 751 1639 redempti
773 1556 861 1634 estis,
878 1554 932 1618 sed
989 1552 1068 1617 atori
1093 1572 1130 1615 ac
1152 1552 1185 1615 in
1209 1572 1298 1615 suam
1325 1554 1512 1635 redegerant
1535 1561 1735 1637 potestatem,

187 1656 326 1739 pretioso
353 1656 508 1739 sanguine
536 1655 661 1720 Christi.
693 1659 804 1718 Electa
833 1656 933 1731 dipno
989 1650 1033 1713 ita
1060 1651 1145 1733 quod
1169 1668 1281 1715 omnes
1309 1659 1382 1714 ante
1411 1651 1526 1716 Christi
1555 1652 1735 1735 passionem

186 1756 308 1831 stipite,
335 1754 367 1818 id
396 1762 444 1817 est
474 1754 683 1838 preordinata
711 1752 866 1815 divinitus
895 1770 932 1815 ex
988 1749 1221 1813 descendemnt
1248 1750 1287 1812 ad
1317 1750 1423 1813 locum
1448 1751 1586 1833 aliquem
1618 1750 1736 1815 infero-

186 1852 291 1916 radice
321 1871 377 1917 seu
401 1861 513 1917 tmnco
537 1852 701 1935 praeclaro,
728 1862 795 1912 tam
819 1860 931 1911 sancta
950 1848 1071 1912 lirum.
1090 1848 1177 1912 Unde
1198 1848 1231 1912 in
1253 1848 1426 1931 Evangelio
1447 1848 1588 1912 Christus
1609 1867 1737 1932 expres·

184 1953 328 2011 membra
351 1960 496 2029 coepere,
522 1958 631 2033 utpote
654 1950 795 2026 dorsum,
819 1967 932 2011 manus
989 1944 1031 2009 sit
1046 1969 1054 2008 ε
1071 1946 1173 2022 Quum
1190 1946 1281 2010 fortis
1302 1954 1442 2009 armatus
1461 1947 1600 2011 custodit
1617 1947 1735 2011 atrium
1749 1968 1883 2021 ruenti,

185 2056 216 2111 et
236 2047 377 2126 brachia,
395 2049 492 2131 pedes
514 2057 545 2112 et
567 2068 659 2111 crura
680 2046 804 2111 Domini
827 2046 935 2109 Salva·
990 2063 1094 2121 suum,
1117 2042 1151 2105 in
1176 2061 1255 2126 pace
1278 2052 1353 2106 sunt
1371 2063 1410 2107 ea
1432 2063 1503 2127 qua
1524 2045 1686 2128 possidet;
1707 2046 1735 2109 si
1750 2034 1785 2075 ²²·

184 2148 272 2211 toris.
287 2146 322 2209 ln
338 2147 389 2209 bie
405 2147 510 2209 verbis
525 2147 698 2229 alloquitur
711 2164 851 2223 cmeem,
869 2162 932 2208 non
989 2149 1094 2205 autem
1122 2140 1238 2206 fortior
1269 2143 1325 2207 illo
1358 2144 1588 2226 superveniens
1622 2144 1737 2209 vicarit

184 2246 268 2329 quod
282 2244 339 2307 illa
354 2245 532 2327 intelligere
553 2253 659 2326 queat,
677 2245 730 2307 sed
751 2251 786 2307 ut
805 2244 934 2326 ipsimet
989 2259 1074 2319 eum,
1091 2240 1241 2303 universa
1263 2261 1338 2304 vasa
1358 2243 1429 2323 ejus
1444 2241 1570 2324 eripiet,
1586 2251 1618 2305 et
1633 2244 1736 2325 spolia

186 2344 218 2406 in
243 2344 395 2407 bonorem
422 2352 538 2407 sanetae
565 2342 681 2421 crucis,
703 2343 808 2424 potius
827 2348 931 2405 autem
989 2338 1059 2419 ejus
1074 2338 1252 2401 distribuet.
1263 2340 1310 2403 Ab
1324 2340 1404 2403 isaia
1418 2357 1544 2422 quoque
1558 2340 1598 2404 de
1612 2340 1736 2405 Christo

185 2440 349 2519 Crucifixi,
384 2440 569 2505 excitemur.
600 2440 763 2519 Praeterea,
797 2440 836 2503 de
871 2440 932 2502 boc
989 2435 1176 2519 pradictum
1197 2445 1246 2499 est
1269 2460 1276 2498 :
1299 2436 1488 2519 Dispertiam
1514 2438 1544 2501 ei
1566 2439 1734 2521 plurimos,
1750 2462 1882 2513 reunia.

185 2548 301 2601 sanotae
321 2539 425 2601 crucis
445 2539 559 2601 decore
580 2547 612 2600 et
634 2538 756 2619 fulgore
776 2536 932 2619 gloriosus
989 2542 1020 2596 et
1034 2534 1166 2597 fortium
1181 2534 1302 2598 dividet
1321 2536 1435 2617 spolia,
1451 2554 1509 2617 pro
1523 2554 1561 2599 co
1575 2537 1659 2619 quod
1674 2546 1737 2601 tra-

186 2638 325 2700 Andreas
340 2636 500 2719 apostolus
522 2636 601 2699 dixit
618 2636 742 2713 :Salve
758 2654 846 2713 crux,
862 2654 932 2717 quse
989 2632 1070 2695 didit
1094 2632 1128 2696 in
1153 2641 1287 2697 mortem
1313 2634 1453 2697 animam
1477 2654 1577 2699 suam.
1603 2636 1737 2717 Insuper

186 2736 219 2797 in
236 2752 367 2816 corpore
381 2734 495 2797 Christi
511 2752 545 2797 es
560 2734 716 2811 dedicata,
733 2740 765 2795 et
780 2733 932 2796 membris
988 2730 1131 2795 Christus
1152 2754 1170 2791 κ
1186 2732 1324 2814 praedam
1340 2755 1357 2792 r
1378 2732 1509 2796 abstulit
1529 2755 1547 2793 a
1563 2734 1688 2796 tartaris
1704 2756 1735 2813 a,

186 2832 256 2914 ejus
281 2841 430 2914 tanquam
457 2832 635 2914 margaritis
661 2830 827 2895 omata.0
852 2831 933 2894 bona
988 2838 1116 2893 sanctos
1143 2830 1183 2894 de
1212 2830 1312 2893 limbo
1341 2840 1467 2913 patrum
1496 2832 1672 2910 educendo,
1698 2851 1735 2896 ac

187 2950 275 3009 crux,
291 2950 361 3013 quaa
380 2931 527 2993 decorem
549 2939 580 2992 et
603 2929 873 3013 pulchritudinem
892 2929 932 2993 de
989 2928 1134 2992 detentos
1162 2928 1196 2991 in
1225 2928 1418 3011 purgatorio,
1448 2938 1591 3012 tempore
1621 2948 1736 3013 oppor-

187 3028 338 3091 membris
353 3028 477 3092 Domini
494 3028 684 3111 suscepistil
949 3022 971 3087 C
990 3032 1076 3089 tuno.
1094 3025 1181 3089 Unde
1203 3026 1349 3108 praedixit
1368 3046 1425 3109 per
1445 3027 1523 3091 Osee
1544 3051 1551 3089 ε
1569 3028 1613 3090 De
1633 3037 1735 3093 morte
1769 3050 1827 3095 oue
1839 3063 1883 3101 zm,

177 3128 180 3139 '
228 3130 340 3197 Beata,
369 3128 465 3205 cujus
494 3128 637 3186 brachiis
665 3128 752 3187 saecli
778 3127 932 3203 pependit
989 3124 1144 3187 redimam
1159 3144 1234 3202 eos3
1251 3143 1305 3188 ero
1321 3144 1406 3188 mors
1420 3132 1484 3203 tua,
1500 3144 1520 3189 o
1534 3144 1636 3207 mors3
1652 3117 1783 3190 mor-¹⁸·

182 3226 330 3302 pretinm
346 3223 405 3285 :id
427 3232 485 3300 est,
503 3231 548 3302 tu,
565 3242 584 3287 o
606 3243 694 3301 crux,
712 3246 728 3284 a
746 3224 836 3286 beata
852 3246 869 3283 a
885 3242 931 3300 es,
989 3241 1043 3286 sus
1059 3232 1131 3285 tuus
1146 3241 1212 3302 ero,
1229 3224 1365 3287 inferne.

186 3340 250 3385 non
275 3321 462 3400 formaliter,
483 3340 582 3403 quum
606 3340 670 3385 non
695 3321 738 3383 sis
760 3340 810 3383 res
834 3340 932 3404 capax
1030 3326 1167 3391 earne,
1182 3342 1252 3391 ace,
1268 3342 1338 3399 spes
1354 3325 1463 3393 unice,
1480 3322 1513 3385 id
1530 3331 1733 3402 est,aoatu,
1802 3326 1821 3382 7

186 3419 260 3482 vitae
274 3426 305 3482 et
326 3418 448 3496 salutis,
465 3420 521 3481 sed
544 3418 839 3497 instrumentaliter,
856 3436 933 3500 quo
989 3442 1005 3479 a
1023 3438 1100 3481 crux
1116 3441 1146 3495 n,
1168 3418 1324 3482 exsistens
1346 3442 1362 3480 o
1383 3438 1456 3501 spes
1477 3421 1571 3484 unica
1588 3445 1616 3500 a,
1634 3422 1666 3484 id
1688 3429 1736 3484 est

185 3516 270 3581 niam
294 3518 334 3579 ad
359 3517 469 3579 mundi
492 3516 721 3580 beatitudinem
745 3536 933 3599 recuperan-
989 3536 1061 3599 spes
1082 3516 1269 3599 principalis
1292 3537 1329 3580 ac
1355 3537 1490 3597 summa,
1511 3520 1571 3583 hoc
1591 3529 1640 3584 est
1657 3540 1735 3603 pra·

184 3616 256 3678 darn
273 3614 480 3678 materialiter
501 3623 723 3697 cooperata-es
738 3623 769 3678 et
791 3615 932 3678 medium
989 3615 1119 3697 cipuum
1143 3614 1211 3695 spei
1241 3622 1355 3678 nostrae
1379 3615 1552 3698 objectum,
1578 3640 1595 3678 a
1620 3638 1679 3681 ave
1704 3642 1733 3700 a,

184 3713 343 3795 quoddam
358 3713 514 3791 effecta‚n
533 3713 624 3795 cujus
641 3713 779 3777 brachiis
796 3736 825 3791 n,
839 3713 869 3776 id
886 3722 933 3776 est
989 3712 1095 3791 idest,
1112 3712 1181 3775 sine
1202 3712 1290 3776 omni
1313 3732 1359 3775 νε
1381 3712 1425 3775 sis
1446 3714 1580 3779 salutata
1593 3734 1630 3779 ac
1646 3716 1733 3780 felix.

185 3812 218 3873 in
244 3811 336 3892 cujus
362 3810 504 3894 partibus
529 3811 629 3873 instar
652 3806 857 3875 brachiomm
882 3831 933 3875 ex·
988 3812 1072 3875 lstud
1089 3811 1291 3875 referendum
1313 3818 1362 3874 est
1382 3812 1421 3873 ad
1444 3831 1510 3875 rem
1533 3812 1688 3895 signatam
1704 3823 1737 3878 et

185 3908 293 3989 tentis,
310 3931 327 3969 a
344 3908 428 3972 saecli
452 3910 604 3992 pependit
625 3910 763 3991 pretium
780 3932 809 3987 n,
828 3910 860 3973 id
884 3919 932 3973 est
988 3912 1171 3994 figuratam,
1194 3918 1269 3992 puta
1290 3910 1330 3973 ad
1351 3910 1510 3973 Christum
1531 3913 1733 3995 crucifixum,

185 4007 339 4085 Christus,
366 4008 458 4089 eujus
488 4008 642 4090 sanguine
671 4008 811 4091 pretioso
835 4028 932 4071 saecu-
988 4010 1210 4092 potiusquam
1232 4009 1272 4072 ad
1294 4028 1421 4072 crucem
1443 4010 1622 4092 signantem
1643 4020 1675 4075 ει
1696 4012 1737 4075 fi-

185 4106 477 4187 lum,idestgenus
493 4106 736 4185 humanum,est
751 4106 929 4171 liberatum.
987 4115 1154 4189 gurautem
1182 4132 1189 4169 ε
1217 4108 1301 4171 idern
1328 4126 1465 4189 namque
1493 4118 1598 4173 motus
1626 4118 1675 4173 est
1702 4111 1736 4173 in

185 4203 282 4285 Cujus
297 4204 407 4285 utique
422 4203 534 4266 Christi
554 4204 641 4267 valor
661 4213 691 4267 et
711 4205 850 4286 dignitas
864 4214 932 4269 tan·
947 4202 972 4264 D
989 4206 1126 4287 liguram
1141 4213 1173 4268 et
1188 4205 1373 4287 figuratum,
1389 4205 1444 4289 qui
1460 4214 1566 4271 tamen
1581 4216 1686 4273 motus
1703 4210 1735 4271 in

186 4309 225 4365 tae
250 4300 311 4363 fuit
334 4301 535 4383 prestantia,
560 4303 644 4384 quod
670 4302 803 4366 minima
828 4304 931 4386 portio
989 4304 1161 4385 figuratum
1185 4305 1406 4386 principaliter
1426 4305 1537 4385 fertur,
1560 4308 1735 4370 secundum

186 4400 351 4481 sanguinis
366 4399 436 4480 ejus
459 4400 640 4462 suffecisset
655 4401 809 4465 redimere
831 4409 931 4466 totum
987 4402 1225 4484 Philosophum.
1251 4403 1332 4466 llinc
1361 4404 1527 4485 sequentia
1550 4406 1589 4467 de
1612 4405 1736 4469 Christo

185 4498 360 4581 captivum,
376 4497 591 4560 venundatum
607 4506 638 4560 et
658 4499 811 4561 amissum
830 4499 932 4563 homi·
988 4500 1189 4582 potissimum
1214 4501 1447 4583 intelliguntur.
1474 4506 1543 4565 Hoc
1565 4507 1736 4566 Passionis

185 4614 262 4657 num
284 4614 395 4678 genua.
988 4609 1129 4675 tempore
1143 4619 1227 4676 auge
1236 4602 1305 4676 piis
1312 4602 1497 4678 justitiam,
1513 4600 1545 4662 id
1561 4609 1619 4679 est,
1632 4602 1666 4665 in
1680 4605 1737 4667 he-

224 4698 370 4764 Statera,
387 4693 419 4756 id
440 4701 488 4757 est
510 4694 601 4771 libra,
617 4696 707 4771 facta
726 4706 770 4757 est
786 4700 932 4775 corporis
987 4696 1129 4758 minibus
1143 4697 1268 4760 devotis
1278 4696 1399 4779 perfice
1410 4706 1442 4759 et
1451 4709 1622 4781 augmenta
1632 4700 1734 4782 ipsam

184 4790 311 4870 Christi,
328 4792 413 4873 quod
433 4791 466 4853 in
489 4810 583 4854 eruce
604 4794 756 4875 pependit
780 4795 861 4859 sicut
881 4816 930 4859 res
987 4816 1003 4853 a
1023 4794 1180 4875 justitiam
1200 4818 1229 4875 n,
1245 4796 1315 4859 sine
1337 4815 1399 4877 qua
1420 4815 1485 4859 nou
1506 4796 1641 4862 habetur
1661 4818 1736 4863 vera

185 4890 278 4971 cujus
306 4889 396 4953 valor
425 4908 481 4953 seu
508 4890 668 4972 quantitas
697 4911 754 4973 per
781 4902 930 4958 steteram
987 4893 1125 4971 devotio,
1150 4913 1220 4975 quaa
1245 4902 1293 4957 est
1318 4894 1536 4975 promptitudo
1564 4896 1735 4961 voluntatis

186 4986 404 5068 investigatur.
422 4987 473 5051 Sic
488 4996 605 5070 quanta
620 4990 774 5053 exstiterit
792 4992 930 5075 dignitas
986 4994 1025 5055 ad
1040 5012 1078 5055 ea
1093 5011 1163 5074 quae
1173 4992 1229 5055 Dei
1244 4993 1398 5071 sunt,hoc
1414 4994 1511 5056 estad
1526 5002 1615 5057 actus
1631 4995 1735 5058 cultus

185 5084 328 5166 corporis
356 5083 471 5148 Christi
499 5085 576 5149 hinc
606 5088 719 5168 patuit,
744 5091 827 5170 quod
860 5092 930 5173 ejus
985 5091 1109 5168 divini3
1133 5100 1243 5172 estque
1267 5092 1395 5155 devotio
1420 5092 1504 5155 actio
1528 5092 1639 5171 latrias,
1664 5111 1734 5174 quae

31 5208 171 5253 mnsam
186 5184 219 5245 iu
235 5201 329 5246 cruce
343 5184 512 5248 ascensio*
530 5184 697 5249 sufficiens
720 5195 751 5249 et
768 5190 931 5272 supersuf-
985 5198 1117 5272 estpars
1132 5190 1311 5271 subjectiva
1320 5190 1367 5270 (id
1381 5200 1430 5253 est
1443 5191 1581 5272 species)
1589 5191 1731 5272 justitiae.

185 5280 300 5345 siciens
319 5280 381 5345 fuit
401 5282 440 5345 ad
463 5283 682 5348 redimendum
698 5304 799 5368 genus
819 5287 930 5352 buma-
985 5288 1090 5353 Potest
1109 5306 1235 5371 quoque
1255 5306 1314 5372 per
1328 5310 1345 5348 a
1360 5288 1517 5373 justitiam
1540 5287 1734 5372 »designari
