4309 6259
593 516 749 562 nxsosrrro
769 514 868 561 nrum
892 522 899 559 :
923 514 1010 578 nnus,
1032 514 1171 563 onmroa
1190 514 1310 563 ornum
1668 489 1730 563 ιιι

46 700 89 745 Jr.
102 714 164 753 nn
179 682 252 747 llaec
280 685 357 749 dicit
390 686 552 763 Dominus,
583 686 639 767 qui
671 686 725 749 dat
760 686 858 749 solem
894 684 966 747 inA
1020 690 1128 749 Artas
1149 691 1269 748 solutos
1293 698 1330 748 ιιι
1353 691 1445 769 quies
1469 693 1586 751 reddat
1606 691 1728 751 loboris

179 782 300 847 lumine
314 784 388 865 diei,
401 784 543 848 ordinem
558 784 641 847 lune
655 792 752 866 atque
766 784 927 847 stellarum
981 786 1085 845 usai:
1100 785 1160 848 hoc
1176 782 1377 865 estuantem
1392 788 1489 851 vestis
1503 796 1535 851 et
1547 788 1629 851 ditas
1642 790 1726 851 dono

180 880 213 942 in
236 880 355 945 lumine
376 883 498 962 noctis;
514 892 637 943 noctem
658 886 784 959 soporis
800 885 927 960 praesta
981 884 1143 965 soporis«
1169 892 1204 947 ιι
1227 886 1317 966 quies
1342 908 1372 964 a,
1393 886 1453 950 hoc
1477 894 1526 949 cst
1549 887 1727 967 repausatio

180 978 242 1043 laoc
256 989 315 1058 est,
332 992 524 1044 nocturnum
540 991 665 1062 tempus
680 982 777 1043 vestis
792 990 823 1044 ct
839 989 927 1063 aptas
981 982 1034 1044 illa
1059 984 1161 1045 somni
1186 986 1344 1062 nocturni,
1365 1008 1382 1044 ι
1406 986 1516 1047 reddat
1537 1008 1566 1061 ι,
1583 985 1643 1048 hoc
1665 994 1724 1063 est,

179 1100 196 1137 ι
220 1080 342 1162 soporis
363 1080 462 1162 gratia
482 1102 511 1157 ι,
528 1080 559 1143 id
581 1088 629 1143 est
649 1081 733 1144 dono
754 1078 868 1161 quietis
889 1099 925 1142 ac
980 1089 1070 1162 aptos
1092 1090 1124 1143 et
1145 1083 1337 1145 confortatos
1359 1084 1513 1160 restituat,
1531 1106 1547 1141 u
1570 1091 1656 1145 artus
1678 1102 1728 1147 so-

178 1178 294 1257 somni,
319 1198 375 1241 seu
404 1196 517 1242 somno
544 1178 679 1259 gratiose
708 1178 798 1241 nobis
822 1178 927 1260 provi·
982 1178 1063 1242 lutos
1085 1202 1114 1258 ι,
1135 1180 1195 1243 hoc
1219 1188 1268 1243 est
1296 1181 1438 1245 membra
1456 1200 1475 1243 a
1494 1199 1607 1245 somno
1627 1182 1727 1244 laxata

179 1294 216 1339 so
236 1276 448 1357 divinitusque
474 1295 637 1340 concesso.
656 1275 926 1351 Quemadmodum
982 1296 1037 1341 seu
1055 1278 1203 1359 resoluta,
1219 1302 1236 1339 u
1253 1280 1323 1342 usui
1340 1302 1369 1359 a,
1386 1280 1481 1343 idest
1499 1279 1725 1357 exercitationi,

179 1373 265 1437 enirn
281 1374 385 1437 nutrix
399 1376 510 1438 volens
525 1374 718 1438 infantulum
734 1374 924 1453 obdormire,
982 1398 998 1435 ι
1017 1376 1132 1441 laboris
1148 1400 1177 1455 ι,
1194 1378 1254 1441 hoc
1276 1387 1324 1441 est
1344 1396 1477 1461 operum
1501 1378 1727 1443 laboriosorum

181 1472 364 1553 superducit
385 1474 412 1536 ei
435 1474 580 1536 velamen
602 1474 640 1535 ad
663 1474 794 1549 oculos3
818 1474 859 1535 ιιι
881 1472 928 1534 in·
982 1484 1076 1557 atque
1092 1476 1246 1539 bonorum
1262 1496 1332 1558 quas
1346 1478 1379 1539 in
1389 1478 1441 1540 die
1452 1485 1623 1541 occurrunt
1634 1496 1730 1559 agen-

180 1580 287 1635 creata
311 1572 468 1653 Sapientia
493 1572 711 1655 superinducit
734 1572 834 1635 oeulis
862 1572 927 1634 via·
982 1576 1033 1650 da,
1060 1575 1092 1636 in
1117 1594 1181 1655 quo
1205 1576 1402 1657 implendum
1427 1585 1487 1654 est,
1513 1576 1729 1658 prasertima

181 1678 286 1731 torum
307 1670 453 1733 tenebras
473 1670 574 1733 noctis
597 1678 747 1751 tanquam
768 1670 924 1747 velamen,
983 1673 1107 1735 clericis
1121 1680 1153 1734 et
1174 1674 1324 1735 ordinatis
1345 1693 1382 1736 ac
1405 1674 1569 1756 religiosis,
1586 1673 1670 1755 qnod
1687 1674 1731 1736 ιιι

179 1776 336 1848 quatenus
366 1768 563 1831 resolvantur
592 1768 624 1831 in
654 1788 801 1831 somnum
829 1777 859 1830 et
888 1786 927 1831 eo
982 1770 1245 1853 Psalmographus
1272 1794 1280 1832 z
1311 1772 1433 1853 Septies
1461 1772 1493 1833 in
1522 1772 1574 1836 die
1603 1773 1729 1835 laudem
1755 1795 1876 1851 Ριωιιι,

181 1874 376 1945 recreentur,
393 1875 486 1948 atque
509 1868 547 1929 ad
563 1867 618 1931 Dei
633 1867 820 1949 obsequium
842 1874 872 1929 ιι
887 1867 926 1929 ad
941 1864 964 1927 B
982 1868 1044 1931 dixi
1063 1868 1140 1946 tibi;
1156 1877 1250 1949 atque
1265 1870 1349 1949 quod
1371 1870 1414 1932 ait
1434 1870 1595 1953 apostolus
1615 1870 1729 1933 Paulus
1743 1862 1790 1903 ¹⁶⁸·

179 1964 359 2027 necessaria
381 1966 560 2047 peragenda
582 1965 727 2029 lortiorcs
750 1972 925 2047 resurgant.
983 1968 1022 2030 ad
1038 1967 1359 2030 Thessalonicenses:
1377 1967 1440 2031 Nos
1461 1988 1515 2050 qm
1505 1968 1591 2031 dici
1606 1988 1728 2047 sumus,
1751 1983 1877 2042 irtam

180 2061 269 2124 Sicut
283 2061 498 2125 laborantibus
509 2064 694 2127 concedrtur
708 2063 865 2125 interdum
882 2062 928 2125 lu·
984 2066 1079 2129 sobrii
1101 2065 1220 2142 simus;
1236 2075 1268 2128 et
1288 2066 1364 2129 item
1385 2068 1424 2129 ad
1447 2067 1627 2130 Romanos:
1644 2052 1764 2148 Abii-⁸·
1757 2115 1821 2158 ,Μ
1832 2128 1877 2166 uu.

179 2161 222 2223 do
242 2160 377 2223 recreari
397 2160 541 2241 honeste,
558 2180 616 2244 pro
631 2161 821 2224 relevamine
838 2160 929 2223 ratio-
984 2164 1105 2226 ciamus
1133 2181 1230 2245 opera
1262 2165 1464 2228 tenebrarum
1499 2174 1529 2227 et
1562 2165 1732 2228 induamur
1746 2181 1779 2230 ιι.
1790 2182 1823 2223 ιι.

181 2259 231 2320 nis
255 2277 293 2322 ac
318 2278 480 2338 sensuum,
502 2260 614 2342 capitis
634 2279 670 2322 ιι
692 2259 927 2338 membrorum3
985 2281 1072 2325 arma
1098 2262 1188 2342 lucis,
1215 2262 1296 2325 sicut
1320 2262 1352 2323 in
1381 2262 1432 2327 die
1460 2264 1592 2327 honeste
1622 2264 1732 2327 ambu-

180 2356 225 2419 ita
253 2364 284 2419 et
312 2375 443 2419 somnus
472 2358 517 2420 eis
551 2366 599 2420 est
628 2356 825 2420 necessarius
858 2365 929 2439 post
986 2361 1099 2423 lemus.

180 2455 406 2538 occupationes
430 2464 462 2519 et
491 2456 696 2519 relectionem
721 2456 795 2534 diei,
821 2475 931 2519 ascen·
1026 2459 1189 2537 Praeterea,
1220 2459 1308 2540 juxta
1344 2458 1587 2540 philosophiam,
1620 2460 1732 2522 modus

181 2554 329 2617 dentibus
345 2555 384 2617 ad
407 2562 501 2635 caput
521 2554 701 2637 vaporibus
720 2554 779 2617 Sed
802 2554 883 2617 sicut
898 2555 929 2617 in
985 2556 1099 2639 agendi
1115 2556 1258 2637 sequitur
1272 2556 1400 2619 modum
1416 2557 1557 2634 essendi3
1571 2576 1733 2639 quumque

183 2652 254 2715 cibo
277 2660 308 2715 ιι
332 2660 420 2735 potu,
443 2652 487 2714 ita
507 2652 539 2715 in
562 2672 674 2717 somno
698 2653 930 2717 observandum
986 2657 1082 2719 homo
1097 2655 1138 2716 sit
1152 2654 1454 2737 multipliciter,imo
1469 2654 1733 2737 multiplicissime

183 2759 232 2813 est
248 2751 463 2832 moderamen,
480 2752 561 2813 sicut
575 2760 606 2813 et
620 2751 694 2815 Calo
709 2752 904 2833 deprompsit
922 2774 929 2813 ι
987 2773 1050 2837 pra
1065 2753 1152 2816 omni
1168 2760 1312 2816 creatura
1323 2752 1515 2833 compositus
1526 2757 1614 2833 (nam
1629 2755 1734 2817 anima

183 2849 256 2911 Plus
273 2848 368 2929 vigila
383 2868 519 2932 semper,
531 2870 570 2912 ne
586 2868 698 2913 somno
713 2850 836 2912 deditus
851 2858 930 2930 esto,
988 2851 1149 2915 rationalis
1177 2851 1319 2913 omnium
1347 2850 1533 2914 inferiorum
1559 2851 1732 2914 formarum

185 2966 259 3009 nam
284 2946 433 3009 diuturna
457 2948 546 3029 quies
572 2947 654 3009 vitiis
673 2946 823 3009 alimenta
844 2947 933 3009 mini·
987 2950 1083 3030 vires,
1106 2948 1318 3031 perfectiones
1342 2956 1374 3011 et
1397 2948 1512 3029 gradus
1536 2948 1680 3028 includit,
1703 2958 1735 3012 ιι

107 3072 169 3109 .ιι,
185 3053 273 3107 strat.
304 3044 378 3109 ldeo
407 3045 450 3107 ait
479 3046 638 3127 Scriptura
669 3068 676 3107 ε
706 3045 774 3109 Noli
803 3039 969 3127 diligerell
987 3066 1103 3129 corpus
1123 3048 1297 3110 humanum
1318 3066 1383 3127 pra
1402 3046 1516 3108 ceteris
1536 3045 1668 3109 multam
1688 3047 1735 3107 ni-

186 3162 347 3223 somnum,
364 3162 405 3205 ne
421 3152 450 3205 ιι
465 3150 588 3225 egestas
603 3144 770 3225 opprimat.
988 3150 1047 3211 mis
1076 3148 1171 3209 hahet
1199 3145 1434 3207 distinctionem
1464 3145 1494 3205 in
1527 3146 1679 3208 membris
1703 3154 1735 3207 ct

226 3242 381 3323 Deinceps
405 3250 528 3324 tempus
550 3250 740 3305 nocturnum
760 3243 798 3304 ad
820 3262 934 3305 vacan—
986 3246 1113 3327 organis
1128 3242 1335 3306 exterioribus
1349 3251 1382 3305 ct
1395 3241 1609 3323 interioribus,
1618 3244 1649 3303 in
1665 3262 1736 3324 par-

184 3342 261 3403 dum
277 3340 341 3403 Deo
363 3339 560 3421 aptissimum
582 3349 640 3417 est,
660 3340 865 3404 exterioribus
887 3342 934 3403 in·
987 3345 1072 3406 tibus
1094 3341 1329 3418 essentialibus,
1345 3340 1549 3417 oflicialihuS,
1572 3341 1732 3418 vitalibus,

184 3438 422 3520 quietudinibus
436 3438 502 3519 jam
518 3439 689 3501 exstinctis.
701 3440 779 3501 llinc
795 3439 836 3502 ait
851 3440 934 3502 Psel-
987 3451 1019 3505 et
1034 3441 1104 3503 aliis
1121 3440 1239 3518 multis,
1251 3448 1286 3501 ut
1300 3439 1471 3516 Aviceuna,
1483 3438 1630 3520 Galenus,
1644 3440 1736 3502 loan-

61 3536 279 3603 mruamista
305 3560 313 3597 ε
339 3536 437 3599 ldedia
463 3545 554 3601 nocte
579 3537 746 3619 surgebam
770 3539 808 3600 ad
834 3538 935 3601 confi·
987 3540 1090 3602 nicius
1125 3547 1157 3602 ιι
1191 3537 1287 3601 ceteri
1323 3537 1437 3600 medici
1472 3539 1624 3617 tradunt),
1659 3537 1735 3601 hinc

45 3648 136 3727 sm,
165 3635 318 3722 ,tendum
335 3634 400 3719 tibi.
418 3634 454 3697 Et
469 3635 563 3697 lsaias
579 3635 716 3717 loquitur
730 3635 934 3699 Deo:Anima
989 3638 1131 3701 naturale
1160 3644 1208 3699 est
1240 3635 1362 3699 homini
1396 3636 1587 3715 multiplices
1617 3636 1734 3699 habere

187 3752 258 3796 mea
273 3732 465 3796 desideravit
480 3742 510 3797 te
524 3733 555 3795 in
572 3743 679 3811 nocte3
692 3734 843 3798 ieremias
858 3736 933 3798 item
988 3736 1198 3820 operationes,
1223 3733 1357 3797 diversis
1385 3752 1512 3814 quoque
1541 3735 1735 3815 temporibus

81 3832 132 3894 ἦ.
167 3831 219 3901 ,ιι
249 3831 382 3895 Threnis
410 3854 417 3892 ε
444 3832 614 3914 Consurge,
647 3832 738 3896 lauda
766 3833 798 3895 in
828 3843 931 3911 nocte,
988 3838 1112 3899 diversa
1136 3840 1167 3896 et
1191 3832 1277 3895 varia
1301 3850 1447 3895 exercere
1471 3840 1502 3895 et
1526 3831 1571 3893 uti
1592 3831 1732 3895 alternis.

188 3930 220 3991 in
246 3930 401 4012 principio
425 3929 614 4011 vigiliarum,
641 3938 672 3992 et
697 3930 828 3995 ellnnde
854 3932 935 3995 sicut
988 3935 1067 3997 Hinc
1092 3931 1216 3994 inlinita
1239 3930 1394 4011 sapientia
1415 3929 1571 3993 Creatoris
1593 3930 1736 3993 distinxit

185 4048 301 4109 aquam
318 4047 374 4091 cor
393 4037 482 4092 tuum
502 4037 574 4091 ante
590 4038 794 4110 conspectum
811 4030 934 4093 Domini
990 4030 1226 4095 multiformiter
1250 4037 1404 4110 tempora,
1425 4037 1457 4091 et
1480 4028 1621 4091 diversas
1641 4028 1735 4091 horas

185 4127 241 4190 Dei
258 4126 313 4190 tui.
327 4128 380 4189 Vae
395 4127 499 4208 itaque
515 4126 588 4207 illis,
601 4127 773 4208 praesertim
789 4128 820 4189 in
837 4129 934 4191 sacris
988 4129 1148 4195 exercitiis
1173 4126 1336 4208 deputavit
1359 4126 1504 4207 diversis,
1526 4134 1560 4187 ut
1579 4125 1645 4207 jam
1667 4145 1736 4190 cor-

186 4225 356 4288 Ordinibus
371 4225 560 4302 constitutis,
577 4226 631 4306 qui
647 4234 772 4307 tempus
787 4226 864 4288 illud
880 4228 934 4289 de-
950 4228 974 4289 D
989 4228 1119 4312 poralia,
1148 4226 1213 4308 jam
1248 4225 1422 4308 spiritualia
1455 4232 1598 4288 exerceat
1626 4225 1732 4306 homo,

186 4325 318 4403 votioni,
349 4324 605 4405 contemplationi
640 4333 670 4387 ιι
705 4324 849 4387 laudibus
879 4326 933 4389 Dei
989 4345 1138 4407 nuncque
1162 4324 1241 4387 illud
1266 4323 1440 4405 corporale,
1466 4342 1551 4384 nunc
1582 4323 1676 4402 istud,
1703 4331 1736 4384 et

187 4434 250 4487 tam
267 4442 454 4505 congruum,
471 4422 503 4483 in
526 4422 618 4485 loedis
639 4442 675 4485 ac
698 4422 837 4504 porcinis
859 4442 933 4487 oon·
989 4435 1065 4489 tunc
1091 4424 1167 4486 illud
1194 4422 1367 4504 spirituale,
1393 4430 1468 4482 tunc
1494 4420 1576 4483 istud
1599 4444 1606 4481 :
1628 4420 1734 4484 omnia

186 4530 318 4585 sumunt
348 4519 505 4595 lasciviis;
537 4520 590 4600 qui
622 4521 681 4584 sub
711 4521 803 4583 unius
833 4524 933 4603 spatio
990 4522 1099 4603 utique
1126 4540 1199 4583 cum
1228 4518 1428 4597 discretione,
1458 4527 1613 4599 quatenus
1643 4518 1880 4595 ratio-rarr,¹..,1,

187 4620 302 4699 noctis,
323 4619 414 4683 toties
435 4627 552 4681 aterna
574 4628 793 4699 pmmerentur
814 4621 934 4703 suppli·
990 4620 1094 4683 nabile
1119 4620 1158 4681 sit
1181 4617 1370 4697 obsequium
1395 4625 1549 4694 nostrum,
1573 4625 1605 4680 et
1628 4615 1733 4679 omnia
1748 4643 1819 4687 100„
1837 4656 1881 4694 m,

187 4718 247 4798 cia,
278 4717 392 4781 deinde
421 4734 494 4778 cum
522 4716 576 4778 vili
604 4725 635 4779 et
663 4717 772 4781 loetido
801 4737 933 4802 corpore
989 4721 1122 4783 honeste
1137 4724 1230 4797 atque
1251 4716 1427 4777 secundum
1448 4715 1591 4779 ordinem
1608 4714 1732 4776 hantin
1747 4709 1781 4749 ⁴⁰·

186 4818 317 4881 introire
346 4816 463 4877 audent
491 4814 658 4877 ecclesiam
693 4815 746 4877 nei
781 4824 812 4879 ιι
845 4837 934 4881 sacra
989 4817 1080 4880 nobis
1110 4824 1141 4877 ιι
1169 4834 1187 4876 ι
1215 4813 1319 4893 nobis,
1344 4812 1495 4893 quoniam
1523 4832 1593 4894 quae
1622 4834 1641 4876 ι
1669 4813 1734 4877 Deo
1748 4842 1880 4890 ramma,

187 4924 322 4979 tractare
347 4912 504 4995 mysteria,
521 4930 584 4976 non
607 4922 775 4994 pensantes
796 4916 879 4996 quod
901 4916 933 4977 in
990 4922 1074 4993 sunt,
1092 4912 1235 4975 ordinata
1250 4920 1333 4973 sunt.

187 5012 274 5079 omui
297 5021 369 5074 actu
384 5010 506 5073 Ordinis
528 5010 576 5072 sui
598 5020 731 5093 peccent
751 5014 933 5091 mortaliter,
1030 5012 1191 5088 Praeterea,
1216 5018 1335 5091 quanto
1363 5009 1433 5091 quis
1462 5009 1598 5092 amplius
1623 5010 1736 5071 crescit

187 5122 223 5175 ut
245 5132 284 5175 cx
307 5110 414 5173 verbis
438 5108 536 5171 divini
561 5108 708 5191 Dionysii,
732 5110 763 5172 S.
787 5110 932 5186 Th0mas,
990 5112 1021 5173 in
1052 5108 1343 5190 supernaturalibus
1367 5107 1458 5170 donis
1481 5108 1588 5189 gratias
1612 5115 1735 5187 gratum

186 5211 347 5287 Albertus,
363 5206 557 5271 Raimundus
572 5216 603 5271 ιι
618 5207 670 5270 ιιιι
685 5207 794 5271 dicunt
813 5218 844 5271 et
865 5229 936 5292 pre
990 5208 1147 5284 facientis,
1175 5206 1346 5289 presertim
1376 5206 1408 5267 in
1438 5206 1565 5269 caritate
1593 5213 1625 5267 ιι
1653 5206 1736 5268 dono

187 5310 264 5374 bant
279 5306 489 5373 concorditer.
991 5307 1163 5389 sapientia,
1180 5314 1267 5369 tanto
1288 5304 1360 5386 plus
1381 5322 1530 5387 superse
1549 5304 1654 5387 ipsum
1674 5303 1738 5368 elo-
