<?xml version="1.0" encoding="UTF-8"?>
<!DOCTYPE html PUBLIC "-//W3C//DTD XHTML 1.0 Transitional//EN"
    "http://www.w3.org/TR/xhtml1/DTD/xhtml1-transitional.dtd">
<html xmlns="http://www.w3.org/1999/xhtml" xml:lang="en" lang="en">
 <head>
  <title>
</title>
<meta http-equiv="Content-Type" content="text/html;charset=utf-8" />
  <meta name='ocr-system' content='tesseract 3.04.00' />
  <meta name='ocr-capabilities' content='ocr_page ocr_carea ocr_par ocr_line ocrx_word'/>
</head>
<body>
  <div class='ocr_page' id='page_1' title='image "./doctorisecstati02unkngoog/doctorisecstati02unkngoog_0661.png"; bbox 0 0 4309 6259; ppageno 0'>
   <div class='ocr_carea' id='block_1_1' title="bbox 796 484 1726 549">
    <p class='ocr_par' dir='ltr' id='par_1_1' title="bbox 796 484 1726 549">
     <span class='ocr_line' id='line_1_1' title="bbox 796 484 1726 549; baseline 0.001 -1"><span class='ocrx_word' id='word_1_1' title='bbox 796 500 890 548; x_wconf 85' lang='lat' dir='ltr'><strong>mnsx</strong></span> <span class='ocrx_word' id='word_1_2' title='bbox 911 499 1101 549; x_wconf 82' lang='grc'><strong>6666161666</strong></span> <span class='ocrx_word' id='word_1_3' title='bbox 1666 484 1726 549; x_wconf 86' lang='grc'><strong>639</strong></span> 
     </span>
    </p>
   </div>
   <div class='ocr_carea' id='block_1_2' title="bbox 207 670 926 5405">
    <p class='ocr_par' dir='ltr' id='par_1_2' title="bbox 207 670 925 2266">
     <span class='ocr_line' id='line_1_2' title="bbox 211 670 924 744; baseline -0.004 -15"><span class='ocrx_word' id='word_1_4' title='bbox 211 672 493 744; x_wconf 76' lang='grc'><strong>6666666165366,</strong></span> <span class='ocrx_word' id='word_1_5' title='bbox 509 671 547 735; x_wconf 91' lang='grc'><strong>6,</strong></span> <span class='ocrx_word' id='word_1_6' title='bbox 563 671 626 743; x_wconf 90' lang='lat' dir='ltr'><strong>ejus</strong></span> <span class='ocrx_word' id='word_1_7' title='bbox 645 670 774 743; x_wconf 87' lang='lat' dir='ltr'><strong>passioni</strong></span> <span class='ocrx_word' id='word_1_8' title='bbox 793 670 924 727; x_wconf 89' lang='lat' dir='ltr'><strong>absolute</strong></span> 
     </span>
     <span class='ocr_line' id='line_1_3' title="bbox 212 759 923 834; baseline -0.004 -16"><span class='ocrx_word' id='word_1_9' title='bbox 212 779 269 819; x_wconf 91' lang='lat' dir='ltr'><strong>non</strong></span> <span class='ocrx_word' id='word_1_10' title='bbox 300 763 412 818; x_wconf 90' lang='lat' dir='ltr'><strong>obstitit</strong></span> <span class='ocrx_word' id='word_1_11' title='bbox 437 767 467 819; x_wconf 88' lang='grc'><strong>66</strong></span> <span class='ocrx_word' id='word_1_12' title='bbox 494 762 549 834; x_wconf 92' lang='lat' dir='ltr'><strong>ipsi</strong></span> <span class='ocrx_word' id='word_1_13' title='bbox 582 761 730 817; x_wconf 90' lang='lat' dir='ltr'><strong>meritorie</strong></span> <span class='ocrx_word' id='word_1_14' title='bbox 764 759 923 823; x_wconf 89' lang='lat' dir='ltr'><strong>condoluit,</strong></span> 
     </span>
     <span class='ocr_line' id='line_1_4' title="bbox 210 850 923 918; baseline -0.007 -11"><span class='ocrx_word' id='word_1_15' title='bbox 210 852 396 918; x_wconf 84' lang='grc'><strong>3686;1616</strong></span> <span class='ocrx_word' id='word_1_16' title='bbox 418 851 531 907; x_wconf 89' lang='lat' dir='ltr'><strong>Christo</strong></span> <span class='ocrx_word' id='word_1_17' title='bbox 550 851 737 907; x_wconf 80' lang='lat' dir='ltr'><strong>vehementer</strong></span> <span class='ocrx_word' id='word_1_18' title='bbox 755 850 923 911; x_wconf 91' lang='lat' dir='ltr'><strong>condolens,</strong></span> 
     </span>
     <span class='ocr_line' id='line_1_5' title="bbox 209 938 924 1013; baseline -0.006 -16"><span class='ocrx_word' id='word_1_19' title='bbox 209 958 267 997; x_wconf 87' lang='lat' dir='ltr'><strong>nou</strong></span> <span class='ocrx_word' id='word_1_20' title='bbox 289 942 389 998; x_wconf 87' lang='lat' dir='ltr'><strong>minus</strong></span> <span class='ocrx_word' id='word_1_21' title='bbox 404 942 550 1013; x_wconf 75' lang='lat' dir='ltr'><strong>gaudebat</strong></span> <span class='ocrx_word' id='word_1_22' title='bbox 569 939 716 997; x_wconf 80' lang='lat' dir='ltr'><strong>detractu</strong></span> <span class='ocrx_word' id='word_1_23' title='bbox 735 939 801 1012; x_wconf 85' lang='lat' dir='ltr'><strong>ejus</strong></span> <span class='ocrx_word' id='word_1_24' title='bbox 815 938 924 1010; x_wconf 89' lang='lat' dir='ltr'><strong>passio·</strong></span> 
     </span>
     <span class='ocr_line' id='line_1_6' title="bbox 208 1027 924 1100; baseline -0.004 -15"><span class='ocrx_word' id='word_1_25' title='bbox 208 1031 264 1093; x_wconf 84' lang='lat' dir='ltr'><strong>nis,</strong></span> <span class='ocrx_word' id='word_1_26' title='bbox 276 1032 370 1091; x_wconf 84' lang='grc'><strong>3616,</strong></span> <span class='ocrx_word' id='word_1_27' title='bbox 382 1032 460 1087; x_wconf 89' lang='grc'><strong>6666</strong></span> <span class='ocrx_word' id='word_1_28' title='bbox 474 1033 545 1086; x_wconf 90' lang='grc'><strong>6666</strong></span> <span class='ocrx_word' id='word_1_29' title='bbox 560 1029 638 1085; x_wconf 87' lang='grc'><strong>61616</strong></span> <span class='ocrx_word' id='word_1_30' title='bbox 651 1032 695 1085; x_wconf 87' lang='grc'><strong>661</strong></span> <span class='ocrx_word' id='word_1_31' title='bbox 709 1027 794 1100; x_wconf 82' lang='lat' dir='ltr'><strong>nigra</strong></span> <span class='ocrx_word' id='word_1_32' title='bbox 808 1031 924 1099; x_wconf 87' lang='lat' dir='ltr'><strong>propter</strong></span> 
     </span>
     <span class='ocr_line' id='line_1_7' title="bbox 209 1117 922 1189; baseline -0.008 -12"><span class='ocrx_word' id='word_1_33' title='bbox 209 1122 351 1183; x_wconf 89' lang='grc'><strong>66166616,</strong></span> <span class='ocrx_word' id='word_1_34' title='bbox 367 1122 418 1176; x_wconf 88' lang='lat' dir='ltr'><strong>sed</strong></span> <span class='ocrx_word' id='word_1_35' title='bbox 438 1119 567 1175; x_wconf 86' lang='grc'><strong>16616666</strong></span> <span class='ocrx_word' id='word_1_36' title='bbox 581 1121 698 1189; x_wconf 88' lang='lat' dir='ltr'><strong>propter</strong></span> <span class='ocrx_word' id='word_1_37' title='bbox 717 1117 922 1179; x_wconf 78' lang='lat' dir='ltr'><strong>constantiam,</strong></span> 
     </span>
     <span class='ocr_line' id='line_1_8' title="bbox 208 1205 922 1266; baseline -0.01 0"><span class='ocrx_word' id='word_1_38' title='bbox 208 1212 303 1266; x_wconf 90' lang='grc'><strong>5366.</strong></span> <span class='ocrx_word' id='word_1_39' title='bbox 327 1211 405 1266; x_wconf 83' lang='lat' dir='ltr'><strong>lianc</strong></span> <span class='ocrx_word' id='word_1_40' title='bbox 426 1208 491 1265; x_wconf 90' lang='lat' dir='ltr'><strong>ideo</strong></span> <span class='ocrx_word' id='word_1_41' title='bbox 510 1206 694 1263; x_wconf 87' lang='lat' dir='ltr'><strong>crucilixioni</strong></span> <span class='ocrx_word' id='word_1_42' title='bbox 712 1222 774 1263; x_wconf 77' lang='lat' dir='ltr'><strong>sues</strong></span> <span class='ocrx_word' id='word_1_43' title='bbox 792 1209 821 1262; x_wconf 89' lang='lat' dir='ltr'><strong>et</strong></span> <span class='ocrx_word' id='word_1_44' title='bbox 835 1205 922 1261; x_wconf 88' lang='lat' dir='ltr'><strong>morti</strong></span> 
     </span>
     <span class='ocr_line' id='line_1_9' title="bbox 209 1294 924 1367; baseline -0.008 -12"><span class='ocrx_word' id='word_1_45' title='bbox 209 1300 349 1356; x_wconf 85' lang='lat' dir='ltr'><strong>interesse</strong></span> <span class='ocrx_word' id='word_1_46' title='bbox 364 1298 456 1354; x_wconf 81' lang='lat' dir='ltr'><strong>voluit</strong></span> <span class='ocrx_word' id='word_1_47' title='bbox 474 1296 612 1360; x_wconf 89' lang='lat' dir='ltr'><strong>Christus,</strong></span> <span class='ocrx_word' id='word_1_48' title='bbox 628 1296 727 1360; x_wconf 88' lang='grc'><strong>5636,</strong></span> <span class='ocrx_word' id='word_1_49' title='bbox 744 1299 776 1351; x_wconf 89' lang='lat' dir='ltr'><strong>ut</strong></span> <span class='ocrx_word' id='word_1_50' title='bbox 794 1294 924 1367; x_wconf 91' lang='lat' dir='ltr'><strong>amplius</strong></span> 
     </span>
     <span class='ocr_line' id='line_1_10' title="bbox 210 1384 924 1455; baseline -0.008 -11"><span class='ocrx_word' id='word_1_51' title='bbox 210 1391 382 1451; x_wconf 87' lang='lat' dir='ltr'><strong>mereretur,</strong></span> <span class='ocrx_word' id='word_1_52' title='bbox 405 1387 506 1450; x_wconf 88' lang='grc'><strong>5636,</strong></span> <span class='ocrx_word' id='word_1_53' title='bbox 530 1389 558 1442; x_wconf 88' lang='grc'><strong>66</strong></span> <span class='ocrx_word' id='word_1_54' title='bbox 577 1386 659 1441; x_wconf 87' lang='grc'><strong>66666</strong></span> <span class='ocrx_word' id='word_1_55' title='bbox 676 1384 874 1455; x_wconf 75' lang='lat' dir='ltr'><strong>archimartyr</strong></span> <span class='ocrx_word' id='word_1_56' title='bbox 895 1386 924 1441; x_wconf 91' lang='lat' dir='ltr'><strong>et</strong></span> 
     </span>
     <span class='ocr_line' id='line_1_11' title="bbox 209 1473 923 1551; baseline -0.011 -14"><span class='ocrx_word' id='word_1_57' title='bbox 209 1477 312 1551; x_wconf 80' lang='lat' dir='ltr'><strong>regino</strong></span> <span class='ocrx_word' id='word_1_58' title='bbox 329 1480 502 1549; x_wconf 70' lang='lat' dir='ltr'><strong>martyrum,</strong></span> <span class='ocrx_word' id='word_1_59' title='bbox 513 1476 567 1531; x_wconf 91' lang='grc'><strong>569</strong></span> <span class='ocrx_word' id='word_1_60' title='bbox 575 1476 603 1537; x_wconf 88' lang='grc'><strong>6,</strong></span> <span class='ocrx_word' id='word_1_61' title='bbox 621 1474 859 1531; x_wconf 85' lang='grc'><strong>616166661666111</strong></span> <span class='ocrx_word' id='word_1_62' title='bbox 874 1473 923 1530; x_wconf 90' lang='lat' dir='ltr'><strong>ha·</strong></span> 
     </span>
     <span class='ocr_line' id='line_1_12' title="bbox 210 1564 924 1636; baseline -0.007 -12"><span class='ocrx_word' id='word_1_63' title='bbox 210 1570 291 1625; x_wconf 85' lang='lat' dir='ltr'><strong>beret</strong></span> <span class='ocrx_word' id='word_1_64' title='bbox 304 1564 521 1623; x_wconf 74' lang='lat' dir='ltr'><strong>intercessionis</strong></span> <span class='ocrx_word' id='word_1_65' title='bbox 534 1564 705 1636; x_wconf 87' lang='lat' dir='ltr'><strong>potentiam,</strong></span> <span class='ocrx_word' id='word_1_66' title='bbox 715 1564 815 1627; x_wconf 84' lang='grc'><strong>5636,</strong></span> <span class='ocrx_word' id='word_1_67' title='bbox 831 1567 859 1620; x_wconf 86' lang='grc'><strong>61</strong></span> <span class='ocrx_word' id='word_1_68' title='bbox 873 1580 924 1636; x_wconf 92' lang='lat' dir='ltr'><strong>per</strong></span> 
     </span>
     <span class='ocr_line' id='line_1_13' title="bbox 209 1652 923 1729; baseline -0.008 -16"><span class='ocrx_word' id='word_1_69' title='bbox 209 1656 445 1729; x_wconf 89' lang='lat' dir='ltr'><strong>compassionem</strong></span> <span class='ocrx_word' id='word_1_70' title='bbox 454 1653 648 1727; x_wconf 88' lang='lat' dir='ltr'><strong>peccatoribus</strong></span> <span class='ocrx_word' id='word_1_71' title='bbox 657 1654 801 1709; x_wconf 88' lang='lat' dir='ltr'><strong>obtineret</strong></span> <span class='ocrx_word' id='word_1_72' title='bbox 811 1652 923 1709; x_wconf 88' lang='lat' dir='ltr'><strong>llnalem</strong></span> 
     </span>
     <span class='ocr_line' id='line_1_14' title="bbox 207 1742 923 1816; baseline -0.008 -13"><span class='ocrx_word' id='word_1_73' title='bbox 207 1744 438 1805; x_wconf 76' lang='lat' dir='ltr'><strong>conversionem.</strong></span> <span class='ocrx_word' id='word_1_74' title='bbox 453 1746 507 1799; x_wconf 78' lang='lat' dir='ltr'><strong>28t</strong></span> <span class='ocrx_word' id='word_1_75' title='bbox 516 1745 556 1809; x_wconf 89' lang='grc'><strong>6,</strong></span> <span class='ocrx_word' id='word_1_76' title='bbox 572 1760 638 1816; x_wconf 76' lang='lat' dir='ltr'><strong>qua</strong></span> <span class='ocrx_word' id='word_1_77' title='bbox 652 1742 787 1799; x_wconf 75' lang='lat' dir='ltr'><strong>Ecclesiae</strong></span> <span class='ocrx_word' id='word_1_78' title='bbox 801 1744 923 1798; x_wconf 79' lang='lat' dir='ltr'><strong>advoca·</strong></span> 
     </span>
     <span class='ocr_line' id='line_1_15' title="bbox 209 1834 923 1904; baseline -0.007 -12"><span class='ocrx_word' id='word_1_79' title='bbox 209 1842 239 1894; x_wconf 85' lang='grc'><strong>16</strong></span> <span class='ocrx_word' id='word_1_80' title='bbox 253 1835 457 1893; x_wconf 89' lang='lat' dir='ltr'><strong>constituenda</strong></span> <span class='ocrx_word' id='word_1_81' title='bbox 470 1838 540 1896; x_wconf 90' lang='lat' dir='ltr'><strong>erat,</strong></span> <span class='ocrx_word' id='word_1_82' title='bbox 551 1834 650 1897; x_wconf 91' lang='grc'><strong>5636,</strong></span> <span class='ocrx_word' id='word_1_83' title='bbox 661 1836 690 1889; x_wconf 88' lang='grc'><strong>66</strong></span> <span class='ocrx_word' id='word_1_84' title='bbox 704 1834 923 1904; x_wconf 88' lang='lat' dir='ltr'><strong>desperatorum</strong></span> 
     </span>
     <span class='ocr_line' id='line_1_16' title="bbox 208 1922 924 2000; baseline -0.007 -16"><span class='ocrx_word' id='word_1_85' title='bbox 208 1944 275 2000; x_wconf 85' lang='lat' dir='ltr'><strong>spes</strong></span> <span class='ocrx_word' id='word_1_86' title='bbox 294 1923 661 1987; x_wconf 80' lang='grc'><strong>6111616.5636.-81666</strong></span> <span class='ocrx_word' id='word_1_87' title='bbox 678 1926 777 1979; x_wconf 90' lang='lat' dir='ltr'><strong>autem</strong></span> <span class='ocrx_word' id='word_1_88' title='bbox 798 1922 924 1994; x_wconf 87' lang='lat' dir='ltr'><strong>patiente</strong></span> 
     </span>
     <span class='ocr_line' id='line_1_17' title="bbox 209 2010 924 2087; baseline -0.006 -14"><span class='ocrx_word' id='word_1_89' title='bbox 209 2015 331 2079; x_wconf 88' lang='lat' dir='ltr'><strong>Christo,</strong></span> <span class='ocrx_word' id='word_1_90' title='bbox 352 2014 415 2087; x_wconf 90' lang='lat' dir='ltr'><strong>ipsa</strong></span> <span class='ocrx_word' id='word_1_91' title='bbox 436 2016 680 2086; x_wconf 77' lang='lat' dir='ltr'><strong>compossuerat,</strong></span> <span class='ocrx_word' id='word_1_92' title='bbox 700 2012 742 2067; x_wconf 90' lang='lat' dir='ltr'><strong>sic</strong></span> <span class='ocrx_word' id='word_1_93' title='bbox 763 2010 924 2084; x_wconf 81' lang='lat' dir='ltr'><strong>glorificato</strong></span> 
     </span>
     <span class='ocr_line' id='line_1_18' title="bbox 209 2101 925 2176; baseline -0.006 -15"><span class='ocrx_word' id='word_1_94' title='bbox 209 2106 292 2170; x_wconf 88' lang='lat' dir='ltr'><strong>Filio,</strong></span> <span class='ocrx_word' id='word_1_95' title='bbox 309 2104 403 2176; x_wconf 87' lang='lat' dir='ltr'><strong>ipsam</strong></span> <span class='ocrx_word' id='word_1_96' title='bbox 422 2101 636 2176; x_wconf 75' lang='lat' dir='ltr'><strong>conglorificari</strong></span> <span class='ocrx_word' id='word_1_97' title='bbox 651 2101 758 2161; x_wconf 88' lang='lat' dir='ltr'><strong>decuit,</strong></span> <span class='ocrx_word' id='word_1_98' title='bbox 777 2101 881 2167; x_wconf 77' lang='lat' dir='ltr'><strong>532a&#39;,</strong></span> <span class='ocrx_word' id='word_1_99' title='bbox 896 2105 925 2157; x_wconf 91' lang='lat' dir='ltr'><strong>et</strong></span> 
     </span>
     <span class='ocr_line' id='line_1_19' title="bbox 210 2190 922 2266; baseline -0.006 -15"><span class='ocrx_word' id='word_1_100' title='bbox 210 2195 277 2253; x_wconf 91' lang='lat' dir='ltr'><strong>ideo</strong></span> <span class='ocrx_word' id='word_1_101' title='bbox 287 2193 384 2266; x_wconf 87' lang='lat' dir='ltr'><strong>prima</strong></span> <span class='ocrx_word' id='word_1_102' title='bbox 393 2193 539 2249; x_wconf 86' lang='lat' dir='ltr'><strong>Christum</strong></span> <span class='ocrx_word' id='word_1_103' title='bbox 555 2191 717 2248; x_wconf 80' lang='lat' dir='ltr'><strong>redivivum</strong></span> <span class='ocrx_word' id='word_1_104' title='bbox 731 2190 922 2255; x_wconf 73' lang='grc'><strong>1161156316.</strong></span> 
     </span>
    </p>

    <p class='ocr_par' dir='ltr' id='par_1_3' title="bbox 208 2280 926 5405">
     <span class='ocr_line' id='line_1_20' title="bbox 247 2280 925 2354; baseline -0.006 -13"><span class='ocrx_word' id='word_1_105' title='bbox 247 2286 314 2341; x_wconf 85' lang='lat' dir='ltr'><strong>Post</strong></span> <span class='ocrx_word' id='word_1_106' title='bbox 330 2283 532 2341; x_wconf 74' lang='lat' dir='ltr'><strong>ascensionem</strong></span> <span class='ocrx_word' id='word_1_107' title='bbox 548 2282 664 2345; x_wconf 91' lang='lat' dir='ltr'><strong>Christi,</strong></span> <span class='ocrx_word' id='word_1_108' title='bbox 680 2298 748 2337; x_wconf 89' lang='lat' dir='ltr'><strong>cum</strong></span> <span class='ocrx_word' id='word_1_109' title='bbox 774 2280 925 2354; x_wconf 80' lang='lat' dir='ltr'><strong>discipulis</strong></span> 
     </span>
     <span class='ocr_line' id='line_1_21' title="bbox 210 2371 925 2445; baseline -0.006 -14"><span class='ocrx_word' id='word_1_110' title='bbox 210 2378 380 2432; x_wconf 84' lang='lat' dir='ltr'><strong>conversata</strong></span> <span class='ocrx_word' id='word_1_111' title='bbox 393 2376 445 2437; x_wconf 91' lang='lat' dir='ltr'><strong>est,</strong></span> <span class='ocrx_word' id='word_1_112' title='bbox 460 2373 551 2435; x_wconf 88' lang='grc'><strong>5666,</strong></span> <span class='ocrx_word' id='word_1_113' title='bbox 566 2371 671 2428; x_wconf 87' lang='grc'><strong>661666</strong></span> <span class='ocrx_word' id='word_1_114' title='bbox 690 2371 720 2427; x_wconf 91' lang='grc'><strong>16</strong></span> <span class='ocrx_word' id='word_1_115' title='bbox 736 2373 824 2427; x_wconf 92' lang='lat' dir='ltr'><strong>domo</strong></span> <span class='ocrx_word' id='word_1_116' title='bbox 839 2372 925 2445; x_wconf 80' lang='lat' dir='ltr'><strong>Juxta</strong></span> 
     </span>
     <span class='ocr_line' id='line_1_22' title="bbox 213 2461 926 2534; baseline -0.006 -13"><span class='ocrx_word' id='word_1_117' title='bbox 213 2468 343 2522; x_wconf 90' lang='lat' dir='ltr'><strong>montem</strong></span> <span class='ocrx_word' id='word_1_118' title='bbox 354 2464 424 2519; x_wconf 91' lang='lat' dir='ltr'><strong>Sion</strong></span> <span class='ocrx_word' id='word_1_119' title='bbox 433 2462 539 2518; x_wconf 77' lang='lat' dir='ltr'><strong>vixisse</strong></span> <span class='ocrx_word' id='word_1_120' title='bbox 554 2461 725 2534; x_wconf 87' lang='lat' dir='ltr'><strong>perhibetur</strong></span> <span class='ocrx_word' id='word_1_121' title='bbox 734 2478 802 2517; x_wconf 88' lang='lat' dir='ltr'><strong>cum</strong></span> <span class='ocrx_word' id='word_1_122' title='bbox 812 2480 861 2517; x_wconf 79' lang='lat' dir='ltr'><strong>cxx</strong></span> <span class='ocrx_word' id='word_1_123' title='bbox 871 2461 926 2517; x_wconf 77' lang='lat' dir='ltr'><strong>sir·</strong></span> 
     </span>
     <span class='ocr_line' id='line_1_23' title="bbox 211 2550 926 2629; baseline -0.007 -18"><span class='ocrx_word' id='word_1_124' title='bbox 211 2554 337 2629; x_wconf 78' lang='grc'><strong>6161666,</strong></span> <span class='ocrx_word' id='word_1_125' title='bbox 358 2553 413 2609; x_wconf 89' lang='grc'><strong>566</strong></span> <span class='ocrx_word' id='word_1_126' title='bbox 421 2554 463 2618; x_wconf 86' lang='grc'><strong>6’,</strong></span> <span class='ocrx_word' id='word_1_127' title='bbox 482 2550 611 2624; x_wconf 90' lang='grc'><strong>66661616</strong></span> <span class='ocrx_word' id='word_1_128' title='bbox 633 2550 697 2607; x_wconf 88' lang='grc'><strong>1666</strong></span> <span class='ocrx_word' id='word_1_129' title='bbox 721 2550 864 2623; x_wconf 80' lang='lat' dir='ltr'><strong>passionis</strong></span> <span class='ocrx_word' id='word_1_130' title='bbox 888 2550 926 2607; x_wconf 83' lang='lat' dir='ltr'><strong>vi-</strong></span> 
     </span>
     <span class='ocr_line' id='line_1_24' title="bbox 209 2640 925 2708; baseline -0.003 -8"><span class='ocrx_word' id='word_1_131' title='bbox 209 2645 309 2708; x_wconf 87' lang='lat' dir='ltr'><strong>silaus,</strong></span> <span class='ocrx_word' id='word_1_132' title='bbox 329 2642 422 2705; x_wconf 85' lang='grc'><strong>5116,</strong></span> <span class='ocrx_word' id='word_1_133' title='bbox 442 2642 496 2696; x_wconf 91' lang='grc'><strong>566</strong></span> <span class='ocrx_word' id='word_1_134' title='bbox 510 2640 552 2705; x_wconf 85' lang='grc'><strong>6’,</strong></span> <span class='ocrx_word' id='word_1_135' title='bbox 568 2643 598 2697; x_wconf 87' lang='grc'><strong>61</strong></span> <span class='ocrx_word' id='word_1_136' title='bbox 615 2640 781 2697; x_wconf 86' lang='lat' dir='ltr'><strong>coelestibus</strong></span> <span class='ocrx_word' id='word_1_137' title='bbox 799 2641 925 2698; x_wconf 87' lang='grc'><strong>11166666-</strong></span> 
     </span>
     <span class='ocr_line' id='line_1_25' title="bbox 208 2729 924 2795; baseline -0.006 -6"><span class='ocrx_word' id='word_1_138' title='bbox 208 2733 306 2790; x_wconf 86' lang='lat' dir='ltr'><strong>biliter</strong></span> <span class='ocrx_word' id='word_1_139' title='bbox 320 2731 447 2795; x_wconf 87' lang='lat' dir='ltr'><strong>inhians,</strong></span> <span class='ocrx_word' id='word_1_140' title='bbox 463 2730 552 2786; x_wconf 79' lang='grc'><strong>5326.</strong></span> <span class='ocrx_word' id='word_1_141' title='bbox 568 2760 603 2770; x_wconf 90' lang='grc'>-</span> <span class='ocrx_word' id='word_1_142' title='bbox 618 2729 743 2785; x_wconf 84' lang='grc'><strong>11661661</strong></span> <span class='ocrx_word' id='word_1_143' title='bbox 765 2730 829 2785; x_wconf 93' lang='lat' dir='ltr'><strong>Filii</strong></span> <span class='ocrx_word' id='word_1_144' title='bbox 849 2730 924 2787; x_wconf 89' lang='lat' dir='ltr'><strong>desi·</strong></span> 
     </span>
     <span class='ocr_line' id='line_1_26' title="bbox 209 2819 925 2893; baseline -0.004 -14"><span class='ocrx_word' id='word_1_145' title='bbox 209 2823 291 2879; x_wconf 91' lang='lat' dir='ltr'><strong>derio</strong></span> <span class='ocrx_word' id='word_1_146' title='bbox 309 2825 483 2883; x_wconf 74' lang='lat' dir='ltr'><strong>exestuans,</strong></span> <span class='ocrx_word' id='word_1_147' title='bbox 498 2820 598 2883; x_wconf 90' lang='grc'><strong>5666,</strong></span> <span class='ocrx_word' id='word_1_148' title='bbox 613 2819 650 2875; x_wconf 88' lang='grc'><strong>66</strong></span> <span class='ocrx_word' id='word_1_149' title='bbox 673 2819 777 2893; x_wconf 78' lang='lat' dir='ltr'><strong>angelo</strong></span> <span class='ocrx_word' id='word_1_150' title='bbox 802 2836 925 2892; x_wconf 76' lang='lat' dir='ltr'><strong>praemo-</strong></span> 
     </span>
     <span class='ocr_line' id='line_1_27' title="bbox 211 2909 923 2983; baseline -0.004 -14"><span class='ocrx_word' id='word_1_151' title='bbox 211 2914 281 2975; x_wconf 89' lang='lat' dir='ltr'><strong>nita,</strong></span> <span class='ocrx_word' id='word_1_152' title='bbox 310 2915 340 2968; x_wconf 90' lang='lat' dir='ltr'><strong>et</strong></span> <span class='ocrx_word' id='word_1_153' title='bbox 366 2912 402 2968; x_wconf 88' lang='lat' dir='ltr'><strong>ab</strong></span> <span class='ocrx_word' id='word_1_154' title='bbox 429 2909 574 2983; x_wconf 82' lang='grc'><strong>6616616116</strong></span> <span class='ocrx_word' id='word_1_155' title='bbox 601 2909 793 2975; x_wconf 86' lang='grc'><strong>61666616616,</strong></span> <span class='ocrx_word' id='word_1_156' title='bbox 819 2911 923 2977; x_wconf 90' lang='grc'><strong>5666,</strong></span> 
     </span>
     <span class='ocr_line' id='line_1_28' title="bbox 208 2999 925 3074; baseline -0.004 -15"><span class='ocrx_word' id='word_1_157' title='bbox 208 3004 315 3069; x_wconf 72' lang='grc'><strong>56116,</strong></span> <span class='ocrx_word' id='word_1_158' title='bbox 330 3002 466 3074; x_wconf 90' lang='lat' dir='ltr'><strong>spiritum</strong></span> <span class='ocrx_word' id='word_1_159' title='bbox 487 2999 593 3066; x_wconf 87' lang='lat' dir='ltr'><strong>emisit,</strong></span> <span class='ocrx_word' id='word_1_160' title='bbox 613 3000 717 3063; x_wconf 88' lang='grc'><strong>5666,</strong></span> <span class='ocrx_word' id='word_1_161' title='bbox 733 3001 823 3065; x_wconf 92' lang='grc'><strong>5676,</strong></span> <span class='ocrx_word' id='word_1_162' title='bbox 841 3002 925 3074; x_wconf 90' lang='lat' dir='ltr'><strong>cujus</strong></span> 
     </span>
     <span class='ocr_line' id='line_1_29' title="bbox 210 3090 923 3162; baseline -0.006 -11"><span class='ocrx_word' id='word_1_163' title='bbox 210 3095 312 3151; x_wconf 88' lang='lat' dir='ltr'><strong>anima</strong></span> <span class='ocrx_word' id='word_1_164' title='bbox 332 3090 518 3148; x_wconf 87' lang='lat' dir='ltr'><strong>sanctissima</strong></span> <span class='ocrx_word' id='word_1_165' title='bbox 539 3106 606 3145; x_wconf 90' lang='lat' dir='ltr'><strong>mox</strong></span> <span class='ocrx_word' id='word_1_166' title='bbox 626 3106 743 3162; x_wconf 79' lang='lat' dir='ltr'><strong>egressa</strong></span> <span class='ocrx_word' id='word_1_167' title='bbox 761 3091 798 3145; x_wconf 93' lang='lat' dir='ltr'><strong>ad</strong></span> <span class='ocrx_word' id='word_1_168' title='bbox 818 3091 923 3149; x_wconf 86' lang='lat' dir='ltr'><strong>eoelum</strong></span> 
     </span>
     <span class='ocr_line' id='line_1_30' title="bbox 210 3178 923 3247; baseline -0.008 -6"><span class='ocrx_word' id='word_1_169' title='bbox 210 3182 351 3247; x_wconf 89' lang='lat' dir='ltr'><strong>ascendit,</strong></span> <span class='ocrx_word' id='word_1_170' title='bbox 367 3181 482 3238; x_wconf 79' lang='lat' dir='ltr'><strong>obviarn</strong></span> <span class='ocrx_word' id='word_1_171' title='bbox 502 3182 671 3235; x_wconf 86' lang='lat' dir='ltr'><strong>occurrente</strong></span> <span class='ocrx_word' id='word_1_172' title='bbox 686 3178 808 3243; x_wconf 89' lang='lat' dir='ltr'><strong>Christo,</strong></span> <span class='ocrx_word' id='word_1_173' title='bbox 822 3180 923 3246; x_wconf 89' lang='grc'><strong>5686,</strong></span> 
     </span>
     <span class='ocr_line' id='line_1_31' title="bbox 211 3268 923 3346; baseline -0.007 -16"><span class='ocrx_word' id='word_1_174' title='bbox 211 3277 240 3330; x_wconf 85' lang='grc'><strong>66</strong></span> <span class='ocrx_word' id='word_1_175' title='bbox 251 3272 406 3346; x_wconf 84' lang='lat' dir='ltr'><strong>plaudente</strong></span> <span class='ocrx_word' id='word_1_176' title='bbox 416 3268 552 3327; x_wconf 83' lang='lat' dir='ltr'><strong>universa</strong></span> <span class='ocrx_word' id='word_1_177' title='bbox 561 3268 642 3325; x_wconf 90' lang='lat' dir='ltr'><strong>curia</strong></span> <span class='ocrx_word' id='word_1_178' title='bbox 652 3268 823 3333; x_wconf 74' lang='lat' dir='ltr'><strong>caelestium,</strong></span> <span class='ocrx_word' id='word_1_179' title='bbox 833 3270 923 3335; x_wconf 89' lang='grc'><strong>5696,</strong></span> 
     </span>
     <span class='ocr_line' id='line_1_32' title="bbox 212 3358 925 3435; baseline -0.006 -16"><span class='ocrx_word' id='word_1_180' title='bbox 212 3379 301 3435; x_wconf 83' lang='lat' dir='ltr'><strong>prope</strong></span> <span class='ocrx_word' id='word_1_181' title='bbox 316 3362 408 3417; x_wconf 81' lang='lat' dir='ltr'><strong>ileum</strong></span> <span class='ocrx_word' id='word_1_182' title='bbox 423 3358 628 3422; x_wconf 87' lang='grc'><strong>661166616666,</strong></span> <span class='ocrx_word' id='word_1_183' title='bbox 643 3358 744 3422; x_wconf 71' lang='grc'><strong>5696,</strong></span> <span class='ocrx_word' id='word_1_184' title='bbox 760 3362 793 3415; x_wconf 92' lang='grc'><strong>61</strong></span> <span class='ocrx_word' id='word_1_185' title='bbox 806 3359 925 3415; x_wconf 82' lang='lat' dir='ltr'><strong>decebat</strong></span> 
     </span>
     <span class='ocr_line' id='line_1_33' title="bbox 211 3448 926 3523; baseline -0.008 -14"><span class='ocrx_word' id='word_1_186' title='bbox 211 3468 362 3511; x_wconf 82' lang='lat' dir='ltr'><strong>summam</strong></span> <span class='ocrx_word' id='word_1_187' title='bbox 387 3451 451 3523; x_wconf 87' lang='lat' dir='ltr'><strong>ejus</strong></span> <span class='ocrx_word' id='word_1_188' title='bbox 474 3448 668 3510; x_wconf 79' lang='lat' dir='ltr'><strong>sanctitatem,</strong></span> <span class='ocrx_word' id='word_1_189' title='bbox 682 3450 736 3503; x_wconf 90' lang='grc'><strong>569</strong></span> <span class='ocrx_word' id='word_1_190' title='bbox 745 3449 786 3513; x_wconf 84' lang='grc'><strong>6’,</strong></span> <span class='ocrx_word' id='word_1_191' title='bbox 801 3451 830 3505; x_wconf 88' lang='grc'><strong>66</strong></span> <span class='ocrx_word' id='word_1_192' title='bbox 852 3449 926 3505; x_wconf 89' lang='lat' dir='ltr'><strong>cari·</strong></span> 
     </span>
     <span class='ocr_line' id='line_1_34' title="bbox 210 3537 923 3610; baseline -0.01 -10"><span class='ocrx_word' id='word_1_193' title='bbox 210 3547 312 3607; x_wconf 88' lang='lat' dir='ltr'><strong>tatem,</strong></span> <span class='ocrx_word' id='word_1_194' title='bbox 327 3539 427 3597; x_wconf 88' lang='grc'><strong>5696.</strong></span> <span class='ocrx_word' id='word_1_195' title='bbox 442 3571 476 3581; x_wconf 93' lang='grc'>-</span> <span class='ocrx_word' id='word_1_196' title='bbox 492 3538 547 3595; x_wconf 89' lang='lat' dir='ltr'><strong>Sed</strong></span> <span class='ocrx_word' id='word_1_197' title='bbox 568 3537 758 3610; x_wconf 86' lang='grc'><strong>6616666666</strong></span> <span class='ocrx_word' id='word_1_198' title='bbox 779 3553 837 3594; x_wconf 91' lang='grc'><strong>666</strong></span> <span class='ocrx_word' id='word_1_199' title='bbox 852 3542 923 3603; x_wconf 88' lang='grc'><strong>6661,</strong></span> 
     </span>
     <span class='ocr_line' id='line_1_35' title="bbox 212 3625 926 3704; baseline -0.008 -15"><span class='ocrx_word' id='word_1_200' title='bbox 212 3649 319 3704; x_wconf 88' lang='lat' dir='ltr'><strong>corpus</strong></span> <span class='ocrx_word' id='word_1_201' title='bbox 337 3632 401 3703; x_wconf 88' lang='lat' dir='ltr'><strong>ejus</strong></span> <span class='ocrx_word' id='word_1_202' title='bbox 421 3628 628 3684; x_wconf 87' lang='lat' dir='ltr'><strong>intemeratum</strong></span> <span class='ocrx_word' id='word_1_203' title='bbox 644 3628 723 3699; x_wconf 91' lang='lat' dir='ltr'><strong>quod</strong></span> <span class='ocrx_word' id='word_1_204' title='bbox 742 3625 926 3684; x_wconf 83' lang='grc'><strong>1666661666·</strong></span> 
     </span>
     <span class='ocr_line' id='line_1_36' title="bbox 211 3716 924 3781; baseline -0.01 -2"><span class='ocrx_word' id='word_1_205' title='bbox 211 3740 268 3779; x_wconf 86' lang='lat' dir='ltr'><strong>nus</strong></span> <span class='ocrx_word' id='word_1_206' title='bbox 292 3720 340 3777; x_wconf 88' lang='grc'><strong>661</strong></span> <span class='ocrx_word' id='word_1_207' title='bbox 365 3723 394 3777; x_wconf 89' lang='grc'><strong>61</strong></span> <span class='ocrx_word' id='word_1_208' title='bbox 414 3718 564 3775; x_wconf 85' lang='lat' dir='ltr'><strong>thalamus</strong></span> <span class='ocrx_word' id='word_1_209' title='bbox 585 3716 699 3780; x_wconf 83' lang='lat' dir='ltr'><strong>Christi,</strong></span> <span class='ocrx_word' id='word_1_210' title='bbox 714 3716 816 3781; x_wconf 73' lang='grc'><strong>5686,</strong></span> <span class='ocrx_word' id='word_1_211' title='bbox 832 3720 861 3773; x_wconf 89' lang='grc'><strong>66</strong></span> <span class='ocrx_word' id='word_1_212' title='bbox 882 3716 924 3773; x_wconf 91' lang='grc'><strong>61-</strong></span> 
     </span>
     <span class='ocr_line' id='line_1_37' title="bbox 212 3806 923 3886; baseline -0.007 -17"><span class='ocrx_word' id='word_1_213' title='bbox 212 3811 300 3886; x_wconf 79' lang='lat' dir='ltr'><strong>gaius</strong></span> <span class='ocrx_word' id='word_1_214' title='bbox 313 3812 375 3867; x_wconf 87' lang='lat' dir='ltr'><strong>erat</strong></span> <span class='ocrx_word' id='word_1_215' title='bbox 388 3809 460 3865; x_wconf 84' lang='lat' dir='ltr'><strong>coelo</strong></span> <span class='ocrx_word' id='word_1_216' title='bbox 475 3822 565 3879; x_wconf 87' lang='lat' dir='ltr'><strong>quam</strong></span> <span class='ocrx_word' id='word_1_217' title='bbox 579 3809 667 3870; x_wconf 88' lang='lat' dir='ltr'><strong>terra,</strong></span> <span class='ocrx_word' id='word_1_218' title='bbox 678 3806 707 3861; x_wconf 89' lang='lat' dir='ltr'><strong>iu</strong></span> <span class='ocrx_word' id='word_1_219' title='bbox 727 3808 806 3862; x_wconf 88' lang='lat' dir='ltr'><strong>terra</strong></span> <span class='ocrx_word' id='word_1_220' title='bbox 815 3807 923 3878; x_wconf 87' lang='lat' dir='ltr'><strong>jacere,</strong></span> 
     </span>
     <span class='ocr_line' id='line_1_38' title="bbox 210 3896 925 3967; baseline -0.006 -8"><span class='ocrx_word' id='word_1_221' title='bbox 210 3902 312 3963; x_wconf 75' lang='lat' dir='ltr'><strong>568h&#39;,</strong></span> <span class='ocrx_word' id='word_1_222' title='bbox 322 3903 352 3957; x_wconf 93' lang='lat' dir='ltr'><strong>et</strong></span> <span class='ocrx_word' id='word_1_223' title='bbox 364 3898 514 3955; x_wconf 80' lang='lat' dir='ltr'><strong>vermibus</strong></span> <span class='ocrx_word' id='word_1_224' title='bbox 523 3896 609 3960; x_wconf 88' lang='lat' dir='ltr'><strong>tradi,</strong></span> <span class='ocrx_word' id='word_1_225' title='bbox 620 3897 719 3960; x_wconf 88' lang='grc'><strong>5686,</strong></span> <span class='ocrx_word' id='word_1_226' title='bbox 730 3900 758 3953; x_wconf 90' lang='grc'><strong>61</strong></span> <span class='ocrx_word' id='word_1_227' title='bbox 772 3897 925 3967; x_wconf 87' lang='lat' dir='ltr'><strong>putredine</strong></span> 
     </span>
     <span class='ocr_line' id='line_1_39' title="bbox 212 3986 923 4062; baseline -0.008 -13"><span class='ocrx_word' id='word_1_228' title='bbox 212 3990 372 4062; x_wconf 90' lang='lat' dir='ltr'><strong>corrumpi,</strong></span> <span class='ocrx_word' id='word_1_229' title='bbox 396 3988 499 4051; x_wconf 88' lang='grc'><strong>5616,</strong></span> <span class='ocrx_word' id='word_1_230' title='bbox 524 4002 579 4043; x_wconf 88' lang='grc'><strong>666</strong></span> <span class='ocrx_word' id='word_1_231' title='bbox 601 4002 720 4042; x_wconf 87' lang='lat' dir='ltr'><strong>carnem</strong></span> <span class='ocrx_word' id='word_1_232' title='bbox 744 3986 844 4041; x_wconf 84' lang='lat' dir='ltr'><strong>Matris</strong></span> <span class='ocrx_word' id='word_1_233' title='bbox 876 3988 923 4043; x_wconf 88' lang='lat' dir='ltr'><strong>eui</strong></span> 
     </span>
     <span class='ocr_line' id='line_1_40' title="bbox 211 4075 924 4149; baseline -0.008 -10"><span class='ocrx_word' id='word_1_234' title='bbox 211 4084 295 4139; x_wconf 86' lang='lat' dir='ltr'><strong>tanta</strong></span> <span class='ocrx_word' id='word_1_235' title='bbox 306 4096 374 4137; x_wconf 90' lang='lat' dir='ltr'><strong>cum</strong></span> <span class='ocrx_word' id='word_1_236' title='bbox 389 4094 476 4134; x_wconf 90' lang='lat' dir='ltr'><strong>carne</strong></span> <span class='ocrx_word' id='word_1_237' title='bbox 492 4075 556 4132; x_wconf 83' lang='lat' dir='ltr'><strong>Filii</strong></span> <span class='ocrx_word' id='word_1_238' title='bbox 573 4076 670 4131; x_wconf 85' lang='lat' dir='ltr'><strong>unitas</strong></span> <span class='ocrx_word' id='word_1_239' title='bbox 683 4079 746 4131; x_wconf 89' lang='grc'><strong>6661</strong></span> <span class='ocrx_word' id='word_1_240' title='bbox 760 4079 788 4131; x_wconf 89' lang='grc'><strong>61</strong></span> <span class='ocrx_word' id='word_1_241' title='bbox 802 4077 924 4149; x_wconf 88' lang='lat' dir='ltr'><strong>conjun-</strong></span> 
     </span>
     <span class='ocr_line' id='line_1_41' title="bbox 211 4165 923 4239; baseline -0.008 -12"><span class='ocrx_word' id='word_1_242' title='bbox 211 4172 279 4237; x_wconf 88' lang='lat' dir='ltr'><strong>ctio,</strong></span> <span class='ocrx_word' id='word_1_243' title='bbox 294 4170 330 4225; x_wconf 88' lang='lat' dir='ltr'><strong>ab</strong></span> <span class='ocrx_word' id='word_1_244' title='bbox 344 4186 380 4225; x_wconf 89' lang='lat' dir='ltr'><strong>ea</strong></span> <span class='ocrx_word' id='word_1_245' title='bbox 397 4165 537 4239; x_wconf 88' lang='lat' dir='ltr'><strong>separari,</strong></span> <span class='ocrx_word' id='word_1_246' title='bbox 546 4166 636 4227; x_wconf 88' lang='grc'><strong>5686,</strong></span> <span class='ocrx_word' id='word_1_247' title='bbox 649 4180 702 4219; x_wconf 87' lang='lat' dir='ltr'><strong>nec</strong></span> <span class='ocrx_word' id='word_1_248' title='bbox 716 4166 923 4235; x_wconf 87' lang='lat' dir='ltr'><strong>corpusculum</strong></span> 
     </span>
     <span class='ocr_line' id='line_1_42' title="bbox 211 4254 923 4335; baseline -0.011 -17"><span class='ocrx_word' id='word_1_249' title='bbox 211 4262 383 4335; x_wconf 87' lang='grc'><strong>666666616</strong></span> <span class='ocrx_word' id='word_1_250' title='bbox 396 4255 508 4312; x_wconf 87' lang='lat' dir='ltr'><strong>Christo</strong></span> <span class='ocrx_word' id='word_1_251' title='bbox 523 4254 923 4327; x_wconf 55' lang='grc'><strong>6666116666161116166686,</strong></span> 
     </span>
     <span class='ocr_line' id='line_1_43' title="bbox 210 4344 926 4416; baseline -0.013 -7"><span class='ocrx_word' id='word_1_252' title='bbox 210 4352 248 4409; x_wconf 89' lang='grc'><strong>66</strong></span> <span class='ocrx_word' id='word_1_253' title='bbox 274 4366 308 4407; x_wconf 92' lang='grc'><strong>66</strong></span> <span class='ocrx_word' id='word_1_254' title='bbox 331 4347 423 4404; x_wconf 80' lang='lat' dir='ltr'><strong>vicem</strong></span> <span class='ocrx_word' id='word_1_255' title='bbox 448 4362 507 4401; x_wconf 91' lang='lat' dir='ltr'><strong>non</strong></span> <span class='ocrx_word' id='word_1_256' title='bbox 532 4344 668 4416; x_wconf 87' lang='lat' dir='ltr'><strong>recipere.</strong></span> <span class='ocrx_word' id='word_1_257' title='bbox 689 4345 785 4409; x_wconf 91' lang='grc'><strong>5686,</strong></span> <span class='ocrx_word' id='word_1_258' title='bbox 806 4360 859 4401; x_wconf 86' lang='grc'><strong>666</strong></span> <span class='ocrx_word' id='word_1_259' title='bbox 882 4346 926 4400; x_wconf 85' lang='lat' dir='ltr'><strong>Fi·</strong></span> 
     </span>
     <span class='ocr_line' id='line_1_44' title="bbox 212 4434 924 4507; baseline -0.007 -10"><span class='ocrx_word' id='word_1_260' title='bbox 212 4442 286 4497; x_wconf 89' lang='lat' dir='ltr'><strong>lium</strong></span> <span class='ocrx_word' id='word_1_261' title='bbox 305 4436 499 4494; x_wconf 86' lang='lat' dir='ltr'><strong>tenerrimum</strong></span> <span class='ocrx_word' id='word_1_262' title='bbox 519 4434 569 4507; x_wconf 91' lang='grc'><strong>661</strong></span> <span class='ocrx_word' id='word_1_263' title='bbox 590 4434 709 4489; x_wconf 84' lang='lat' dir='ltr'><strong>Matrem</strong></span> <span class='ocrx_word' id='word_1_264' title='bbox 725 4434 924 4493; x_wconf 78' lang='grc'><strong>6666611666-</strong></span> 
     </span>
     <span class='ocr_line' id='line_1_45' title="bbox 212 4525 926 4597; baseline -0.01 -10"><span class='ocrx_word' id='word_1_265' title='bbox 212 4534 267 4593; x_wconf 90' lang='lat' dir='ltr'><strong>rat,</strong></span> <span class='ocrx_word' id='word_1_266' title='bbox 282 4528 375 4589; x_wconf 90' lang='grc'><strong>5686,</strong></span> <span class='ocrx_word' id='word_1_267' title='bbox 391 4528 419 4582; x_wconf 91' lang='grc'><strong>66</strong></span> <span class='ocrx_word' id='word_1_268' title='bbox 433 4542 554 4597; x_wconf 88' lang='lat' dir='ltr'><strong>corpora</strong></span> <span class='ocrx_word' id='word_1_269' title='bbox 569 4525 743 4579; x_wconf 85' lang='lat' dir='ltr'><strong>Sanctorum</strong></span> <span class='ocrx_word' id='word_1_270' title='bbox 758 4527 819 4581; x_wconf 88' lang='lat' dir='ltr'><strong>tnm</strong></span> <span class='ocrx_word' id='word_1_271' title='bbox 834 4525 926 4582; x_wconf 83' lang='lat' dir='ltr'><strong>excel-</strong></span> 
     </span>
     <span class='ocr_line' id='line_1_46' title="bbox 210 4613 925 4685; baseline -0.004 -9"><span class='ocrx_word' id='word_1_272' title='bbox 210 4621 305 4677; x_wconf 88' lang='lat' dir='ltr'><strong>lenter</strong></span> <span class='ocrx_word' id='word_1_273' title='bbox 318 4617 450 4679; x_wconf 88' lang='lat' dir='ltr'><strong>honorat,</strong></span> <span class='ocrx_word' id='word_1_274' title='bbox 466 4614 555 4679; x_wconf 90' lang='grc'><strong>5686,</strong></span> <span class='ocrx_word' id='word_1_275' title='bbox 568 4613 665 4668; x_wconf 86' lang='grc'><strong>61116616</strong></span> <span class='ocrx_word' id='word_1_276' title='bbox 678 4629 784 4685; x_wconf 88' lang='lat' dir='ltr'><strong>corpus</strong></span> <span class='ocrx_word' id='word_1_277' title='bbox 803 4613 832 4669; x_wconf 92' lang='lat' dir='ltr'><strong>in</strong></span> <span class='ocrx_word' id='word_1_278' title='bbox 847 4618 925 4673; x_wconf 88' lang='lat' dir='ltr'><strong>terra</strong></span> 
     </span>
     <span class='ocr_line' id='line_1_47' title="bbox 211 4702 923 4781; baseline -0.004 -15"><span class='ocrx_word' id='word_1_279' title='bbox 211 4711 255 4766; x_wconf 90' lang='lat' dir='ltr'><strong>sic</strong></span> <span class='ocrx_word' id='word_1_280' title='bbox 289 4707 422 4781; x_wconf 75' lang='lat' dir='ltr'><strong>ignotum</strong></span> <span class='ocrx_word' id='word_1_281' title='bbox 454 4707 484 4759; x_wconf 92' lang='grc'><strong>66</strong></span> <span class='ocrx_word' id='word_1_282' title='bbox 513 4703 720 4759; x_wconf 87' lang='grc'><strong>166666666661</strong></span> <span class='ocrx_word' id='word_1_283' title='bbox 748 4702 923 4776; x_wconf 89' lang='lat' dir='ltr'><strong>relinquere,</strong></span> 
     </span>
     <span class='ocr_line' id='line_1_48' title="bbox 209 4792 924 4864; baseline -0.008 -9"><span class='ocrx_word' id='word_1_284' title='bbox 209 4800 301 4860; x_wconf 88' lang='grc'><strong>5686,</strong></span> <span class='ocrx_word' id='word_1_285' title='bbox 316 4797 353 4852; x_wconf 89' lang='grc'><strong>66</strong></span> <span class='ocrx_word' id='word_1_286' title='bbox 372 4794 478 4851; x_wconf 91' lang='lat' dir='ltr'><strong>coeium</strong></span> <span class='ocrx_word' id='word_1_287' title='bbox 495 4792 584 4849; x_wconf 91' lang='lat' dir='ltr'><strong>etiam</strong></span> <span class='ocrx_word' id='word_1_288' title='bbox 604 4792 794 4864; x_wconf 89' lang='lat' dir='ltr'><strong>corporaliter</strong></span> <span class='ocrx_word' id='word_1_289' title='bbox 811 4810 924 4850; x_wconf 89' lang='lat' dir='ltr'><strong>assum·</strong></span> 
     </span>
     <span class='ocr_line' id='line_1_49' title="bbox 211 4882 924 4962; baseline -0.004 -19"><span class='ocrx_word' id='word_1_290' title='bbox 211 4892 262 4962; x_wconf 89' lang='lat' dir='ltr'><strong>pta</strong></span> <span class='ocrx_word' id='word_1_291' title='bbox 281 4903 343 4944; x_wconf 88' lang='grc'><strong>6666</strong></span> <span class='ocrx_word' id='word_1_292' title='bbox 365 4885 510 4941; x_wconf 91' lang='lat' dir='ltr'><strong>credenda</strong></span> <span class='ocrx_word' id='word_1_293' title='bbox 527 4886 580 4947; x_wconf 88' lang='lat' dir='ltr'><strong>est,</strong></span> <span class='ocrx_word' id='word_1_294' title='bbox 595 4884 697 4937; x_wconf 90' lang='grc'><strong>5666.</strong></span> <span class='ocrx_word' id='word_1_295' title='bbox 712 4914 749 4923; x_wconf 98' lang='grc'>-</span> <span class='ocrx_word' id='word_1_296' title='bbox 763 4882 804 4937; x_wconf 89' lang='grc'><strong>161</strong></span> <span class='ocrx_word' id='word_1_297' title='bbox 823 4884 924 4941; x_wconf 88' lang='grc'><strong>661166</strong></span> 
     </span>
     <span class='ocr_line' id='line_1_50' title="bbox 210 4971 925 5051; baseline -0.01 -16"><span class='ocrx_word' id='word_1_298' title='bbox 210 4979 275 5051; x_wconf 90' lang='lat' dir='ltr'><strong>ejus</strong></span> <span class='ocrx_word' id='word_1_299' title='bbox 289 4976 346 5033; x_wconf 86' lang='lat' dir='ltr'><strong>Deo</strong></span> <span class='ocrx_word' id='word_1_300' title='bbox 361 4971 549 5030; x_wconf 89' lang='lat' dir='ltr'><strong>indicibiliter</strong></span> <span class='ocrx_word' id='word_1_301' title='bbox 559 4971 750 5044; x_wconf 86' lang='lat' dir='ltr'><strong>propinquior</strong></span> <span class='ocrx_word' id='word_1_302' title='bbox 760 4990 849 5044; x_wconf 86' lang='grc'><strong>66661</strong></span> <span class='ocrx_word' id='word_1_303' title='bbox 860 4973 925 5029; x_wconf 91' lang='grc'><strong>661-</strong></span> 
     </span>
     <span class='ocr_line' id='line_1_51' title="bbox 212 5060 925 5133; baseline -0.006 -12"><span class='ocrx_word' id='word_1_304' title='bbox 212 5065 288 5123; x_wconf 79' lang='lat' dir='ltr'><strong>versi</strong></span> <span class='ocrx_word' id='word_1_305' title='bbox 312 5063 390 5121; x_wconf 83' lang='lat' dir='ltr'><strong>Beati</strong></span> <span class='ocrx_word' id='word_1_306' title='bbox 414 5066 442 5119; x_wconf 88' lang='lat' dir='ltr'><strong>et</strong></span> <span class='ocrx_word' id='word_1_307' title='bbox 465 5060 570 5133; x_wconf 78' lang='lat' dir='ltr'><strong>angeli,</strong></span> <span class='ocrx_word' id='word_1_308' title='bbox 593 5062 666 5125; x_wconf 86' lang='grc'><strong>866,</strong></span> <span class='ocrx_word' id='word_1_309' title='bbox 690 5061 748 5117; x_wconf 90' lang='grc'><strong>1661</strong></span> <span class='ocrx_word' id='word_1_310' title='bbox 772 5061 925 5117; x_wconf 90' lang='lat' dir='ltr'><strong>inaccessi-</strong></span> 
     </span>
     <span class='ocr_line' id='line_1_52' title="bbox 212 5151 926 5226; baseline -0.006 -13"><span class='ocrx_word' id='word_1_311' title='bbox 212 5156 264 5213; x_wconf 89' lang='lat' dir='ltr'><strong>bili</strong></span> <span class='ocrx_word' id='word_1_312' title='bbox 279 5159 339 5211; x_wconf 88' lang='lat' dir='ltr'><strong>tam</strong></span> <span class='ocrx_word' id='word_1_313' title='bbox 360 5151 502 5226; x_wconf 85' lang='lat' dir='ltr'><strong>prolunde</strong></span> <span class='ocrx_word' id='word_1_314' title='bbox 517 5151 658 5207; x_wconf 88' lang='lat' dir='ltr'><strong>immersa</strong></span> <span class='ocrx_word' id='word_1_315' title='bbox 677 5168 766 5223; x_wconf 87' lang='lat' dir='ltr'><strong>quam</strong></span> <span class='ocrx_word' id='word_1_316' title='bbox 781 5152 844 5208; x_wconf 89' lang='lat' dir='ltr'><strong>sinc</strong></span> <span class='ocrx_word' id='word_1_317' title='bbox 864 5170 926 5224; x_wconf 92' lang='lat' dir='ltr'><strong>per·</strong></span> 
     </span>
     <span class='ocr_line' id='line_1_53' title="bbox 212 5240 922 5312; baseline -0.004 -11"><span class='ocrx_word' id='word_1_318' title='bbox 212 5244 308 5302; x_wconf 86' lang='lat' dir='ltr'><strong>snnali</strong></span> <span class='ocrx_word' id='word_1_319' title='bbox 318 5242 425 5300; x_wconf 89' lang='lat' dir='ltr'><strong>unione</strong></span> <span class='ocrx_word' id='word_1_320' title='bbox 435 5241 563 5297; x_wconf 89' lang='lat' dir='ltr'><strong>conditio</strong></span> <span class='ocrx_word' id='word_1_321' title='bbox 574 5240 683 5312; x_wconf 88' lang='lat' dir='ltr'><strong>patitur</strong></span> <span class='ocrx_word' id='word_1_322' title='bbox 692 5242 922 5307; x_wconf 70' lang='lat' dir='ltr'><strong>creaturaetldh,</strong></span> 
     </span>
     <span class='ocr_line' id='line_1_54' title="bbox 211 5330 925 5405; baseline -0.007 -12"><span class='ocrx_word' id='word_1_323' title='bbox 211 5337 304 5402; x_wconf 86' lang='grc'><strong>5656,</strong></span> <span class='ocrx_word' id='word_1_324' title='bbox 311 5338 339 5391; x_wconf 88' lang='grc'><strong>61</strong></span> <span class='ocrx_word' id='word_1_325' title='bbox 353 5332 383 5389; x_wconf 89' lang='grc'><strong>16</strong></span> <span class='ocrx_word' id='word_1_326' title='bbox 399 5334 456 5388; x_wconf 89' lang='grc'><strong>666</strong></span> <span class='ocrx_word' id='word_1_327' title='bbox 470 5348 589 5405; x_wconf 90' lang='lat' dir='ltr'><strong>prorsus</strong></span> <span class='ocrx_word' id='word_1_328' title='bbox 602 5330 883 5404; x_wconf 84' lang='lat' dir='ltr'><strong>absorpta,resoluta</strong></span> <span class='ocrx_word' id='word_1_329' title='bbox 895 5334 925 5388; x_wconf 91' lang='grc'><strong>61</strong></span> 
     </span>
    </p>
   </div>
   <div class='ocr_carea' id='block_1_3' title="bbox 1009 668 1731 3794">
    <p class='ocr_par' dir='ltr' id='par_1_4' title="bbox 1009 668 1731 3794">
     <span class='ocr_line' id='line_1_55' title="bbox 1013 668 1725 744; baseline -0.001 -18"><span class='ocrx_word' id='word_1_330' title='bbox 1013 670 1179 743; x_wconf 88' lang='grc'><strong>1166616616,</strong></span> <span class='ocrx_word' id='word_1_331' title='bbox 1199 672 1292 735; x_wconf 85' lang='grc'><strong>5716,</strong></span> <span class='ocrx_word' id='word_1_332' title='bbox 1313 672 1404 728; x_wconf 81' lang='lat' dir='ltr'><strong>neum</strong></span> <span class='ocrx_word' id='word_1_333' title='bbox 1425 668 1630 744; x_wconf 88' lang='lat' dir='ltr'><strong>limpidissime</strong></span> <span class='ocrx_word' id='word_1_334' title='bbox 1656 686 1725 726; x_wconf 91' lang='grc'><strong>666-</strong></span> 
     </span>
     <span class='ocr_line' id='line_1_56' title="bbox 1014 760 1731 837; baseline -0.001 -21"><span class='ocrx_word' id='word_1_335' title='bbox 1014 761 1230 833; x_wconf 73' lang='grc'><strong>166161616666</strong></span> <span class='ocrx_word' id='word_1_336' title='bbox 1249 764 1551 819; x_wconf 85' lang='grc'><strong>616666666666161116</strong></span> <span class='ocrx_word' id='word_1_337' title='bbox 1570 761 1632 833; x_wconf 87' lang='lat' dir='ltr'><strong>ejus</strong></span> <span class='ocrx_word' id='word_1_338' title='bbox 1652 760 1731 837; x_wconf 70' lang='grc' dir='ltr'><strong>6661-ι</strong></span> 
     </span>
     <span class='ocr_line' id='line_1_57' title="bbox 1013 850 1727 922; baseline -0.006 -13"><span class='ocrx_word' id='word_1_339' title='bbox 1013 857 1067 910; x_wconf 87' lang='lat' dir='ltr'><strong>tas.</strong></span> <span class='ocrx_word' id='word_1_340' title='bbox 1083 852 1176 919; x_wconf 83' lang='grc'><strong>6106,</strong></span> <span class='ocrx_word' id='word_1_341' title='bbox 1191 852 1271 915; x_wconf 84' lang='grc'><strong>6666,</strong></span> <span class='ocrx_word' id='word_1_342' title='bbox 1292 850 1465 911; x_wconf 86' lang='lat' dir='ltr'><strong>ohedientia,</strong></span> <span class='ocrx_word' id='word_1_343' title='bbox 1481 850 1581 913; x_wconf 71' lang='grc'><strong>571116,</strong></span> <span class='ocrx_word' id='word_1_344' title='bbox 1597 854 1626 906; x_wconf 89' lang='grc'><strong>66</strong></span> <span class='ocrx_word' id='word_1_345' title='bbox 1649 850 1727 922; x_wconf 91' lang='lat' dir='ltr'><strong>puri·</strong></span> 
     </span>
     <span class='ocr_line' id='line_1_58' title="bbox 1014 938 1726 1012; baseline -0.007 -14"><span class='ocrx_word' id='word_1_346' title='bbox 1014 942 1209 1004; x_wconf 87' lang='grc'><strong>166,5706,61</strong></span> <span class='ocrx_word' id='word_1_347' title='bbox 1224 944 1305 997; x_wconf 89' lang='grc'><strong>66616</strong></span> <span class='ocrx_word' id='word_1_348' title='bbox 1320 940 1435 997; x_wconf 92' lang='grc'><strong>6616166</strong></span> <span class='ocrx_word' id='word_1_349' title='bbox 1449 956 1482 997; x_wconf 93' lang='lat' dir='ltr'><strong>co</strong></span> <span class='ocrx_word' id='word_1_350' title='bbox 1499 938 1605 997; x_wconf 77' lang='lat' dir='ltr'><strong>fruitur</strong></span> <span class='ocrx_word' id='word_1_351' title='bbox 1617 942 1726 1012; x_wconf 90' lang='lat' dir='ltr'><strong>quanto</strong></span> 
     </span>
     <span class='ocr_line' id='line_1_59' title="bbox 1014 1028 1725 1105; baseline -0.006 -16"><span class='ocrx_word' id='word_1_352' title='bbox 1014 1033 1127 1105; x_wconf 89' lang='lat' dir='ltr'><strong>majora</strong></span> <span class='ocrx_word' id='word_1_353' title='bbox 1140 1031 1234 1087; x_wconf 87' lang='grc'><strong>6111616</strong></span> <span class='ocrx_word' id='word_1_354' title='bbox 1249 1030 1303 1102; x_wconf 90' lang='lat' dir='ltr'><strong>ipsi</strong></span> <span class='ocrx_word' id='word_1_355' title='bbox 1320 1029 1462 1103; x_wconf 75' lang='lat' dir='ltr'><strong>praestitit,</strong></span> <span class='ocrx_word' id='word_1_356' title='bbox 1478 1028 1574 1087; x_wconf 88' lang='grc'><strong>5106.</strong></span> <span class='ocrx_word' id='word_1_357' title='bbox 1591 1032 1725 1101; x_wconf 88' lang='grc'><strong>616666-</strong></span> 
     </span>
     <span class='ocr_line' id='line_1_60' title="bbox 1012 1118 1726 1183; baseline -0.006 -6"><span class='ocrx_word' id='word_1_358' title='bbox 1012 1126 1043 1179; x_wconf 89' lang='grc'><strong>16</strong></span> <span class='ocrx_word' id='word_1_359' title='bbox 1065 1138 1134 1179; x_wconf 91' lang='lat' dir='ltr'><strong>eum</strong></span> <span class='ocrx_word' id='word_1_360' title='bbox 1159 1119 1266 1177; x_wconf 90' lang='lat' dir='ltr'><strong>clarius</strong></span> <span class='ocrx_word' id='word_1_361' title='bbox 1289 1118 1374 1183; x_wconf 82' lang='grc'><strong>11666,</strong></span> <span class='ocrx_word' id='word_1_362' title='bbox 1400 1118 1500 1182; x_wconf 88' lang='grc'><strong>5166,</strong></span> <span class='ocrx_word' id='word_1_363' title='bbox 1525 1123 1553 1175; x_wconf 88' lang='grc'><strong>66</strong></span> <span class='ocrx_word' id='word_1_364' title='bbox 1575 1119 1726 1175; x_wconf 88' lang='lat' dir='ltr'><strong>ardentius</strong></span> 
     </span>
     <span class='ocr_line' id='line_1_61' title="bbox 1014 1207 1725 1283; baseline -0.006 -16"><span class='ocrx_word' id='word_1_365' title='bbox 1014 1211 1119 1283; x_wconf 84' lang='lat' dir='ltr'><strong>diligit,</strong></span> <span class='ocrx_word' id='word_1_366' title='bbox 1143 1210 1245 1273; x_wconf 88' lang='grc'><strong>5106,</strong></span> <span class='ocrx_word' id='word_1_367' title='bbox 1266 1212 1295 1266; x_wconf 90' lang='grc'><strong>66</strong></span> <span class='ocrx_word' id='word_1_368' title='bbox 1317 1208 1343 1265; x_wconf 88' lang='grc'><strong>61</strong></span> <span class='ocrx_word' id='word_1_369' title='bbox 1368 1208 1501 1265; x_wconf 88' lang='lat' dir='ltr'><strong>intimius</strong></span> <span class='ocrx_word' id='word_1_370' title='bbox 1525 1207 1725 1281; x_wconf 80' lang='lat' dir='ltr'><strong>conjungitur,</strong></span> 
     </span>
     <span class='ocr_line' id='line_1_62' title="bbox 1013 1298 1727 1371; baseline -0.004 -14"><span class='ocrx_word' id='word_1_371' title='bbox 1013 1303 1094 1357; x_wconf 86' lang='grc'><strong>5116</strong></span> <span class='ocrx_word' id='word_1_372' title='bbox 1107 1317 1114 1365; x_wconf 90' lang='grc'><strong>;</strong></span> <span class='ocrx_word' id='word_1_373' title='bbox 1139 1299 1178 1355; x_wconf 89' lang='grc'><strong>161</strong></span> <span class='ocrx_word' id='word_1_374' title='bbox 1201 1302 1230 1356; x_wconf 86' lang='grc'><strong>61</strong></span> <span class='ocrx_word' id='word_1_375' title='bbox 1253 1298 1367 1371; x_wconf 89' lang='lat' dir='ltr'><strong>corpori</strong></span> <span class='ocrx_word' id='word_1_376' title='bbox 1397 1298 1460 1371; x_wconf 87' lang='lat' dir='ltr'><strong>ejus</strong></span> <span class='ocrx_word' id='word_1_377' title='bbox 1487 1298 1555 1354; x_wconf 87' lang='grc'><strong>6616</strong></span> <span class='ocrx_word' id='word_1_378' title='bbox 1578 1300 1727 1355; x_wconf 84' lang='grc'><strong>66616616</strong></span> 
     </span>
     <span class='ocr_line' id='line_1_63' title="bbox 1015 1387 1725 1461; baseline -0.006 -14"><span class='ocrx_word' id='word_1_379' title='bbox 1015 1390 1132 1448; x_wconf 87' lang='lat' dir='ltr'><strong>claritas</strong></span> <span class='ocrx_word' id='word_1_380' title='bbox 1160 1393 1268 1461; x_wconf 88' lang='lat' dir='ltr'><strong>quanta</strong></span> <span class='ocrx_word' id='word_1_381' title='bbox 1295 1388 1416 1446; x_wconf 88' lang='lat' dir='ltr'><strong>decebat</strong></span> <span class='ocrx_word' id='word_1_382' title='bbox 1440 1387 1503 1442; x_wconf 84' lang='lat' dir='ltr'><strong>Filii</strong></span> <span class='ocrx_word' id='word_1_383' title='bbox 1529 1387 1725 1451; x_wconf 89' lang='lat' dir='ltr'><strong>dilectionem,</strong></span> 
     </span>
     <span class='ocr_line' id='line_1_64' title="bbox 1012 1478 1726 1551; baseline -0.007 -13"><span class='ocrx_word' id='word_1_384' title='bbox 1012 1480 1116 1545; x_wconf 85' lang='grc'><strong>5136,</strong></span> <span class='ocrx_word' id='word_1_385' title='bbox 1131 1482 1160 1536; x_wconf 87' lang='grc'><strong>61</strong></span> <span class='ocrx_word' id='word_1_386' title='bbox 1178 1478 1307 1550; x_wconf 89' lang='lat' dir='ltr'><strong>corporis</strong></span> <span class='ocrx_word' id='word_1_387' title='bbox 1326 1478 1413 1551; x_wconf 88' lang='lat' dir='ltr'><strong>hujus</strong></span> <span class='ocrx_word' id='word_1_388' title='bbox 1433 1478 1615 1551; x_wconf 78' lang='lat' dir='ltr'><strong>dignitatem,</strong></span> <span class='ocrx_word' id='word_1_389' title='bbox 1631 1479 1726 1543; x_wconf 90' lang='grc'><strong>5116,</strong></span> 
     </span>
     <span class='ocr_line' id='line_1_65' title="bbox 1013 1568 1727 1641; baseline -0.004 -12"><span class='ocrx_word' id='word_1_390' title='bbox 1013 1574 1091 1629; x_wconf 88' lang='grc'><strong>6666</strong></span> <span class='ocrx_word' id='word_1_391' title='bbox 1107 1568 1291 1628; x_wconf 83' lang='grc'><strong>166666111161·</strong></span> <span class='ocrx_word' id='word_1_392' title='bbox 1310 1568 1463 1641; x_wconf 88' lang='lat' dir='ltr'><strong>splendore</strong></span> <span class='ocrx_word' id='word_1_393' title='bbox 1479 1568 1593 1625; x_wconf 83' lang='lat' dir='ltr'><strong>excedit</strong></span> <span class='ocrx_word' id='word_1_394' title='bbox 1613 1570 1727 1627; x_wconf 84' lang='lat' dir='ltr'><strong>univer-</strong></span> 
     </span>
     <span class='ocr_line' id='line_1_66' title="bbox 1012 1658 1728 1727; baseline -0.003 -10"><span class='ocrx_word' id='word_1_395' title='bbox 1012 1680 1069 1727; x_wconf 84' lang='lat' dir='ltr'><strong>sos,</strong></span> <span class='ocrx_word' id='word_1_396' title='bbox 1086 1660 1245 1717; x_wconf 89' lang='grc'><strong>616611666</strong></span> <span class='ocrx_word' id='word_1_397' title='bbox 1265 1658 1363 1715; x_wconf 89' lang='lat' dir='ltr'><strong>stellas</strong></span> <span class='ocrx_word' id='word_1_398' title='bbox 1384 1658 1522 1720; x_wconf 88' lang='lat' dir='ltr'><strong>minores,</strong></span> <span class='ocrx_word' id='word_1_399' title='bbox 1539 1660 1628 1723; x_wconf 88' lang='grc'><strong>5116,</strong></span> <span class='ocrx_word' id='word_1_400' title='bbox 1644 1663 1673 1715; x_wconf 85' lang='grc'><strong>61</strong></span> <span class='ocrx_word' id='word_1_401' title='bbox 1687 1662 1728 1715; x_wconf 92' lang='grc'><strong>16-</strong></span> 
     </span>
     <span class='ocr_line' id='line_1_67' title="bbox 1013 1747 1727 1823; baseline 0 -18"><span class='ocrx_word' id='word_1_402' title='bbox 1013 1755 1076 1806; x_wconf 89' lang='lat' dir='ltr'><strong>tum</strong></span> <span class='ocrx_word' id='word_1_403' title='bbox 1097 1748 1265 1823; x_wconf 88' lang='lat' dir='ltr'><strong>paradisum</strong></span> <span class='ocrx_word' id='word_1_404' title='bbox 1286 1747 1481 1803; x_wconf 85' lang='grc'><strong>1116111166166</strong></span> <span class='ocrx_word' id='word_1_405' title='bbox 1499 1750 1727 1815; x_wconf 74' lang='grc'><strong>1666666666·</strong></span> 
     </span>
     <span class='ocr_line' id='line_1_68' title="bbox 1013 1836 1726 1905; baseline -0.003 -10"><span class='ocrx_word' id='word_1_406' title='bbox 1013 1844 1110 1897; x_wconf 88' lang='lat' dir='ltr'><strong>torum</strong></span> <span class='ocrx_word' id='word_1_407' title='bbox 1135 1838 1235 1895; x_wconf 91' lang='lat' dir='ltr'><strong>oeulos</strong></span> <span class='ocrx_word' id='word_1_408' title='bbox 1258 1854 1392 1894; x_wconf 87' lang='lat' dir='ltr'><strong>recreans</strong></span> <span class='ocrx_word' id='word_1_409' title='bbox 1416 1840 1443 1893; x_wconf 91' lang='lat' dir='ltr'><strong>et</strong></span> <span class='ocrx_word' id='word_1_410' title='bbox 1462 1836 1640 1901; x_wconf 87' lang='lat' dir='ltr'><strong>exhilarans,</strong></span> <span class='ocrx_word' id='word_1_411' title='bbox 1656 1838 1726 1905; x_wconf 91' lang='grc'><strong>836,</strong></span> 
     </span>
     <span class='ocr_line' id='line_1_69' title="bbox 1013 1926 1725 2001; baseline -0.004 -16"><span class='ocrx_word' id='word_1_412' title='bbox 1013 1931 1103 1993; x_wconf 89' lang='grc'><strong>5116,</strong></span> <span class='ocrx_word' id='word_1_413' title='bbox 1129 1943 1254 2001; x_wconf 86' lang='lat' dir='ltr'><strong>quorum</strong></span> <span class='ocrx_word' id='word_1_414' title='bbox 1279 1931 1323 1983; x_wconf 90' lang='lat' dir='ltr'><strong>est</strong></span> <span class='ocrx_word' id='word_1_415' title='bbox 1350 1942 1468 1983; x_wconf 91' lang='lat' dir='ltr'><strong>summa</strong></span> <span class='ocrx_word' id='word_1_416' title='bbox 1492 1930 1556 1998; x_wconf 86' lang='lat' dir='ltr'><strong>post</strong></span> <span class='ocrx_word' id='word_1_417' title='bbox 1579 1926 1725 1985; x_wconf 87' lang='lat' dir='ltr'><strong>Christum</strong></span> 
     </span>
     <span class='ocr_line' id='line_1_70' title="bbox 1009 2015 1726 2092; baseline -0.007 -15"><span class='ocrx_word' id='word_1_418' title='bbox 1009 2018 1190 2092; x_wconf 76' lang='lat' dir='ltr'><strong>iucunditas,</strong></span> <span class='ocrx_word' id='word_1_419' title='bbox 1208 2016 1261 2089; x_wconf 90' lang='lat' dir='ltr'><strong>ipsi</strong></span> <span class='ocrx_word' id='word_1_420' title='bbox 1277 2018 1426 2073; x_wconf 73' lang='lat' dir='ltr'><strong>adherere</strong></span> <span class='ocrx_word' id='word_1_421' title='bbox 1442 2020 1470 2073; x_wconf 86' lang='lat' dir='ltr'><strong>et</strong></span> <span class='ocrx_word' id='word_1_422' title='bbox 1485 2015 1726 2079; x_wconf 73' lang='grc'><strong>6616151116.-</strong></span> 
     </span>
     <span class='ocr_line' id='line_1_71' title="bbox 1014 2105 1726 2177; baseline -0.001 -14"><span class='ocrx_word' id='word_1_423' title='bbox 1014 2110 1086 2165; x_wconf 88' lang='grc'><strong>6661</strong></span> <span class='ocrx_word' id='word_1_424' title='bbox 1116 2110 1176 2163; x_wconf 88' lang='lat' dir='ltr'><strong>tota</strong></span> <span class='ocrx_word' id='word_1_425' title='bbox 1202 2106 1340 2163; x_wconf 89' lang='lat' dir='ltr'><strong>Trinitate</strong></span> <span class='ocrx_word' id='word_1_426' title='bbox 1369 2105 1423 2177; x_wconf 88' lang='lat' dir='ltr'><strong>ipsi</strong></span> <span class='ocrx_word' id='word_1_427' title='bbox 1450 2108 1494 2163; x_wconf 89' lang='lat' dir='ltr'><strong>est</strong></span> <span class='ocrx_word' id='word_1_428' title='bbox 1517 2106 1623 2163; x_wconf 88' lang='lat' dir='ltr'><strong>intima</strong></span> <span class='ocrx_word' id='word_1_429' title='bbox 1647 2106 1726 2171; x_wconf 92' lang='lat' dir='ltr'><strong>unio,</strong></span> 
     </span>
     <span class='ocr_line' id='line_1_72' title="bbox 1014 2194 1729 2269; baseline -0.001 -16"><span class='ocrx_word' id='word_1_430' title='bbox 1014 2199 1104 2261; x_wconf 90' lang='grc'><strong>5116,</strong></span> <span class='ocrx_word' id='word_1_431' title='bbox 1121 2196 1192 2269; x_wconf 89' lang='grc'><strong>6616</strong></span> <span class='ocrx_word' id='word_1_432' title='bbox 1209 2194 1284 2251; x_wconf 90' lang='grc'><strong>61666</strong></span> <span class='ocrx_word' id='word_1_433' title='bbox 1302 2212 1319 2251; x_wconf 93' lang='grc'><strong>6</strong></span> <span class='ocrx_word' id='word_1_434' title='bbox 1338 2194 1467 2267; x_wconf 85' lang='grc'><strong>66611666</strong></span> <span class='ocrx_word' id='word_1_435' title='bbox 1487 2196 1613 2251; x_wconf 85' lang='lat' dir='ltr'><strong>Persona</strong></span> <span class='ocrx_word' id='word_1_436' title='bbox 1631 2195 1729 2269; x_wconf 75' lang='lat' dir='ltr'><strong>singu·</strong></span> 
     </span>
     <span class='ocr_line' id='line_1_73' title="bbox 1015 2283 1730 2349; baseline -0.003 -6"><span class='ocrx_word' id='word_1_437' title='bbox 1015 2287 1114 2343; x_wconf 91' lang='lat' dir='ltr'><strong>lariter</strong></span> <span class='ocrx_word' id='word_1_438' title='bbox 1134 2286 1239 2342; x_wconf 87' lang='lat' dir='ltr'><strong>dilecta</strong></span> <span class='ocrx_word' id='word_1_439' title='bbox 1256 2288 1308 2347; x_wconf 90' lang='lat' dir='ltr'><strong>est,</strong></span> <span class='ocrx_word' id='word_1_440' title='bbox 1328 2285 1421 2349; x_wconf 91' lang='grc'><strong>5716,</strong></span> <span class='ocrx_word' id='word_1_441' title='bbox 1442 2283 1483 2340; x_wconf 83' lang='grc'><strong>616</strong></span> <span class='ocrx_word' id='word_1_442' title='bbox 1502 2288 1531 2341; x_wconf 88' lang='grc'><strong>61</strong></span> <span class='ocrx_word' id='word_1_443' title='bbox 1550 2284 1669 2341; x_wconf 91' lang='lat' dir='ltr'><strong>cuilibet</strong></span> <span class='ocrx_word' id='word_1_444' title='bbox 1690 2286 1730 2341; x_wconf 81' lang='lat' dir='ltr'><strong>ri-</strong></span> 
     </span>
     <span class='ocr_line' id='line_1_74' title="bbox 1015 2374 1728 2448; baseline -0.003 -14"><span class='ocrx_word' id='word_1_445' title='bbox 1015 2394 1079 2435; x_wconf 90' lang='lat' dir='ltr'><strong>cem</strong></span> <span class='ocrx_word' id='word_1_446' title='bbox 1095 2376 1237 2448; x_wconf 90' lang='lat' dir='ltr'><strong>rependit,</strong></span> <span class='ocrx_word' id='word_1_447' title='bbox 1252 2375 1351 2441; x_wconf 88' lang='grc'><strong>5116;</strong></span> <span class='ocrx_word' id='word_1_448' title='bbox 1368 2376 1418 2431; x_wconf 89' lang='grc'><strong>666</strong></span> <span class='ocrx_word' id='word_1_449' title='bbox 1434 2374 1463 2430; x_wconf 89' lang='grc'><strong>16</strong></span> <span class='ocrx_word' id='word_1_450' title='bbox 1483 2374 1728 2447; x_wconf 80' lang='grc'><strong>6666616616116116</strong></span> 
     </span>
     <span class='ocr_line' id='line_1_75' title="bbox 1014 2464 1728 2539; baseline 0.003 -16"><span class='ocrx_word' id='word_1_451' title='bbox 1014 2467 1149 2539; x_wconf 73' lang='lat' dir='ltr'><strong>gloriosae</strong></span> <span class='ocrx_word' id='word_1_452' title='bbox 1178 2464 1370 2521; x_wconf 90' lang='lat' dir='ltr'><strong>humanitatis</strong></span> <span class='ocrx_word' id='word_1_453' title='bbox 1403 2464 1509 2521; x_wconf 85' lang='lat' dir='ltr'><strong>Christi</strong></span> <span class='ocrx_word' id='word_1_454' title='bbox 1542 2481 1728 2538; x_wconf 89' lang='lat' dir='ltr'><strong>summopere</strong></span> 
     </span>
     <span class='ocr_line' id='line_1_76' title="bbox 1014 2553 1727 2627; baseline -0.003 -14"><span class='ocrx_word' id='word_1_455' title='bbox 1014 2557 1150 2622; x_wconf 88' lang='lat' dir='ltr'><strong>exsultat,</strong></span> <span class='ocrx_word' id='word_1_456' title='bbox 1166 2556 1342 2627; x_wconf 71' lang='grc'><strong>57166661</strong></span> <span class='ocrx_word' id='word_1_457' title='bbox 1356 2554 1467 2626; x_wconf 87' lang='grc'><strong>6116616</strong></span> <span class='ocrx_word' id='word_1_458' title='bbox 1482 2553 1546 2626; x_wconf 87' lang='lat' dir='ltr'><strong>ejus</strong></span> <span class='ocrx_word' id='word_1_459' title='bbox 1559 2558 1611 2615; x_wconf 87' lang='grc'><strong>661,</strong></span> <span class='ocrx_word' id='word_1_460' title='bbox 1626 2556 1727 2623; x_wconf 88' lang='grc'><strong>5716,</strong></span> 
     </span>
     <span class='ocr_line' id='line_1_77' title="bbox 1014 2643 1730 2719; baseline -0.004 -15"><span class='ocrx_word' id='word_1_461' title='bbox 1014 2650 1146 2719; x_wconf 85' lang='grc'><strong>61666111</strong></span> <span class='ocrx_word' id='word_1_462' title='bbox 1162 2648 1227 2719; x_wconf 91' lang='lat' dir='ltr'><strong>post</strong></span> <span class='ocrx_word' id='word_1_463' title='bbox 1241 2648 1322 2701; x_wconf 87' lang='lat' dir='ltr'><strong>tenta</strong></span> <span class='ocrx_word' id='word_1_464' title='bbox 1335 2643 1472 2707; x_wconf 91' lang='lat' dir='ltr'><strong>ludibria,</strong></span> <span class='ocrx_word' id='word_1_465' title='bbox 1488 2646 1638 2716; x_wconf 87' lang='lat' dir='ltr'><strong>tantopere</strong></span> <span class='ocrx_word' id='word_1_466' title='bbox 1653 2646 1730 2704; x_wconf 87' lang='lat' dir='ltr'><strong>exal·</strong></span> 
     </span>
     <span class='ocr_line' id='line_1_78' title="bbox 1014 2732 1729 2807; baseline 0 -15"><span class='ocrx_word' id='word_1_467' title='bbox 1014 2739 1106 2792; x_wconf 85' lang='lat' dir='ltr'><strong>tutam</strong></span> <span class='ocrx_word' id='word_1_468' title='bbox 1128 2739 1156 2791; x_wconf 94' lang='lat' dir='ltr'><strong>et</strong></span> <span class='ocrx_word' id='word_1_469' title='bbox 1176 2734 1367 2807; x_wconf 75' lang='lat' dir='ltr'><strong>glorificatam</strong></span> <span class='ocrx_word' id='word_1_470' title='bbox 1392 2732 1601 2795; x_wconf 78' lang='grc'><strong>6666165126.</strong></span> <span class='ocrx_word' id='word_1_471' title='bbox 1618 2766 1652 2775; x_wconf 98' lang='grc'><strong>-</strong></span> <span class='ocrx_word' id='word_1_472' title='bbox 1672 2740 1729 2792; x_wconf 83' lang='grc'><strong>66-</strong></span> 
     </span>
     <span class='ocr_line' id='line_1_79' title="bbox 1014 2822 1728 2897; baseline -0.001 -15"><span class='ocrx_word' id='word_1_473' title='bbox 1014 2826 1102 2882; x_wconf 87' lang='grc'><strong>666116</strong></span> <span class='ocrx_word' id='word_1_474' title='bbox 1129 2823 1313 2897; x_wconf 76' lang='lat' dir='ltr'><strong>virginitatis,</strong></span> <span class='ocrx_word' id='word_1_475' title='bbox 1345 2822 1478 2895; x_wconf 74' lang='lat' dir='ltr'><strong>martyrii</strong></span> <span class='ocrx_word' id='word_1_476' title='bbox 1505 2826 1534 2879; x_wconf 90' lang='lat' dir='ltr'><strong>et</strong></span> <span class='ocrx_word' id='word_1_477' title='bbox 1561 2824 1728 2882; x_wconf 87' lang='lat' dir='ltr'><strong>doctoratus</strong></span> 
     </span>
     <span class='ocr_line' id='line_1_80' title="bbox 1015 2911 1727 2989; baseline 0.003 -20"><span class='ocrx_word' id='word_1_478' title='bbox 1015 2914 1326 2989; x_wconf 73' lang='grc'><strong>16616616666666661</strong></span> <span class='ocrx_word' id='word_1_479' title='bbox 1351 2911 1528 2984; x_wconf 80' lang='lat' dir='ltr'><strong>virginitatis</strong></span> <span class='ocrx_word' id='word_1_480' title='bbox 1552 2913 1727 2986; x_wconf 86' lang='lat' dir='ltr'><strong>primiceria,</strong></span> 
     </span>
     <span class='ocr_line' id='line_1_81' title="bbox 1015 3002 1727 3077; baseline -0.001 -16"><span class='ocrx_word' id='word_1_481' title='bbox 1015 3008 1179 3077; x_wconf 74' lang='lat' dir='ltr'><strong>martyrum</strong></span> <span class='ocrx_word' id='word_1_482' title='bbox 1208 3004 1344 3077; x_wconf 89' lang='lat' dir='ltr'><strong>princeps</strong></span> <span class='ocrx_word' id='word_1_483' title='bbox 1371 3006 1399 3059; x_wconf 91' lang='lat' dir='ltr'><strong>et</strong></span> <span class='ocrx_word' id='word_1_484' title='bbox 1422 3002 1534 3059; x_wconf 85' lang='lat' dir='ltr'><strong>doctrix</strong></span> <span class='ocrx_word' id='word_1_485' title='bbox 1564 3004 1727 3069; x_wconf 90' lang='lat' dir='ltr'><strong>doctorum,</strong></span> 
     </span>
     <span class='ocr_line' id='line_1_82' title="bbox 1014 3091 1727 3165; baseline -0.001 -14"><span class='ocrx_word' id='word_1_486' title='bbox 1014 3096 1168 3159; x_wconf 83' lang='grc' dir='ltr'><strong>511Α’,611</strong></span> <span class='ocrx_word' id='word_1_487' title='bbox 1188 3093 1327 3150; x_wconf 92' lang='lat' dir='ltr'><strong>omnihus</strong></span> <span class='ocrx_word' id='word_1_488' title='bbox 1345 3091 1535 3165; x_wconf 80' lang='lat' dir='ltr'><strong>singulariter</strong></span> <span class='ocrx_word' id='word_1_489' title='bbox 1557 3093 1727 3158; x_wconf 91' lang='lat' dir='ltr'><strong>honoratur,</strong></span> 
     </span>
     <span class='ocr_line' id='line_1_83' title="bbox 1014 3182 1728 3256; baseline -0.001 -15"><span class='ocrx_word' id='word_1_490' title='bbox 1014 3204 1032 3241; x_wconf 89' lang='lat' dir='ltr'><strong>a</strong></span> <span class='ocrx_word' id='word_1_491' title='bbox 1051 3184 1164 3241; x_wconf 90' lang='lat' dir='ltr'><strong>Christo</strong></span> <span class='ocrx_word' id='word_1_492' title='bbox 1183 3188 1324 3256; x_wconf 85' lang='grc'><strong>1611666111</strong></span> <span class='ocrx_word' id='word_1_493' title='bbox 1344 3184 1433 3239; x_wconf 84' lang='lat' dir='ltr'><strong>Mater</strong></span> <span class='ocrx_word' id='word_1_494' title='bbox 1451 3182 1604 3239; x_wconf 85' lang='lat' dir='ltr'><strong>carissima</strong></span> <span class='ocrx_word' id='word_1_495' title='bbox 1626 3188 1655 3240; x_wconf 90' lang='lat' dir='ltr'><strong>et</strong></span> <span class='ocrx_word' id='word_1_496' title='bbox 1675 3184 1728 3241; x_wconf 91' lang='lat' dir='ltr'><strong>hn-</strong></span> 
     </span>
     <span class='ocr_line' id='line_1_84' title="bbox 1016 3272 1727 3347; baseline 0 -16"><span class='ocrx_word' id='word_1_497' title='bbox 1016 3274 1143 3331; x_wconf 90' lang='lat' dir='ltr'><strong>millima</strong></span> <span class='ocrx_word' id='word_1_498' title='bbox 1161 3273 1277 3337; x_wconf 88' lang='lat' dir='ltr'><strong>anciila,</strong></span> <span class='ocrx_word' id='word_1_499' title='bbox 1294 3274 1347 3329; x_wconf 79' lang='grc'><strong>512</strong></span> <span class='ocrx_word' id='word_1_500' title='bbox 1355 3274 1384 3335; x_wconf 92' lang='grc'><strong>6,</strong></span> <span class='ocrx_word' id='word_1_501' title='bbox 1400 3273 1436 3329; x_wconf 89' lang='grc'><strong>66</strong></span> <span class='ocrx_word' id='word_1_502' title='bbox 1457 3272 1568 3346; x_wconf 79' lang='lat' dir='ltr'><strong>angelis</strong></span> <span class='ocrx_word' id='word_1_503' title='bbox 1587 3277 1727 3347; x_wconf 88' lang='lat' dir='ltr'><strong>tanquam</strong></span> 
     </span>
     <span class='ocr_line' id='line_1_85' title="bbox 1014 3362 1727 3436; baseline 0.003 -17"><span class='ocrx_word' id='word_1_504' title='bbox 1014 3362 1158 3421; x_wconf 83' lang='lat' dir='ltr'><strong>creatoris</strong></span> <span class='ocrx_word' id='word_1_505' title='bbox 1172 3362 1312 3423; x_wconf 87' lang='lat' dir='ltr'><strong>Genitrix,</strong></span> <span class='ocrx_word' id='word_1_506' title='bbox 1329 3364 1381 3417; x_wconf 77' lang='lat'><strong>572</strong></span> <span class='ocrx_word' id='word_1_507' title='bbox 1392 3362 1430 3427; x_wconf 86' lang='grc'><strong>6,</strong></span> <span class='ocrx_word' id='word_1_508' title='bbox 1446 3379 1464 3418; x_wconf 89' lang='grc'><strong>6</strong></span> <span class='ocrx_word' id='word_1_509' title='bbox 1478 3363 1572 3419; x_wconf 87' lang='grc'><strong>666116</strong></span> <span class='ocrx_word' id='word_1_510' title='bbox 1586 3368 1727 3436; x_wconf 88' lang='grc'><strong>66666661</strong></span> 
     </span>
     <span class='ocr_line' id='line_1_86' title="bbox 1014 3451 1729 3526; baseline 0.001 -17"><span class='ocrx_word' id='word_1_511' title='bbox 1014 3470 1076 3511; x_wconf 80' lang='lat' dir='ltr'><strong>suoe</strong></span> <span class='ocrx_word' id='word_1_512' title='bbox 1086 3470 1174 3510; x_wconf 85' lang='lat' dir='ltr'><strong>causa</strong></span> <span class='ocrx_word' id='word_1_513' title='bbox 1186 3452 1296 3515; x_wconf 90' lang='lat' dir='ltr'><strong>salutis,</strong></span> <span class='ocrx_word' id='word_1_514' title='bbox 1307 3453 1360 3507; x_wconf 78' lang='grc'><strong>516</strong></span> <span class='ocrx_word' id='word_1_515' title='bbox 1369 3452 1409 3511; x_wconf 88' lang='grc'><strong>6.</strong></span> <span class='ocrx_word' id='word_1_516' title='bbox 1420 3469 1438 3507; x_wconf 85' lang='grc'><strong>6</strong></span> <span class='ocrx_word' id='word_1_517' title='bbox 1451 3451 1512 3508; x_wconf 88' lang='grc'><strong>6616</strong></span> <span class='ocrx_word' id='word_1_518' title='bbox 1527 3453 1646 3517; x_wconf 85' lang='lat' dir='ltr'><strong>devotis,</strong></span> <span class='ocrx_word' id='word_1_519' title='bbox 1656 3472 1729 3526; x_wconf 87' lang='lat' dir='ltr'><strong>quos</strong></span> 
     </span>
     <span class='ocr_line' id='line_1_87' title="bbox 1015 3541 1729 3615; baseline 0 -14"><span class='ocrx_word' id='word_1_520' title='bbox 1015 3546 1052 3601; x_wconf 95' lang='lat' dir='ltr'><strong>ad</strong></span> <span class='ocrx_word' id='word_1_521' title='bbox 1075 3542 1162 3601; x_wconf 88' lang='lat' dir='ltr'><strong>coelos</strong></span> <span class='ocrx_word' id='word_1_522' title='bbox 1186 3542 1288 3605; x_wconf 80' lang='lat' dir='ltr'><strong>evexit,</strong></span> <span class='ocrx_word' id='word_1_523' title='bbox 1313 3542 1403 3605; x_wconf 88' lang='grc'><strong>5736,</strong></span> <span class='ocrx_word' id='word_1_524' title='bbox 1427 3557 1445 3596; x_wconf 90' lang='grc'><strong>6</strong></span> <span class='ocrx_word' id='word_1_525' title='bbox 1467 3541 1638 3614; x_wconf 82' lang='lat' dir='ltr'><strong>virginibus,</strong></span> <span class='ocrx_word' id='word_1_526' title='bbox 1663 3560 1729 3615; x_wconf 77' lang='grc'><strong>666</strong></span> 
     </span>
     <span class='ocr_line' id='line_1_88' title="bbox 1014 3630 1729 3704; baseline -0.001 -15"><span class='ocrx_word' id='word_1_527' title='bbox 1014 3650 1078 3689; x_wconf 87' lang='lat' dir='ltr'><strong>eam</strong></span> <span class='ocrx_word' id='word_1_528' title='bbox 1096 3631 1283 3695; x_wconf 88' lang='lat' dir='ltr'><strong>comitantur,</strong></span> <span class='ocrx_word' id='word_1_529' title='bbox 1297 3631 1394 3694; x_wconf 85' lang='grc'><strong>5136;</strong></span> <span class='ocrx_word' id='word_1_530' title='bbox 1405 3633 1433 3687; x_wconf 88' lang='grc'><strong>61</strong></span> <span class='ocrx_word' id='word_1_531' title='bbox 1448 3630 1510 3703; x_wconf 88' lang='lat' dir='ltr'><strong>ipsa</strong></span> <span class='ocrx_word' id='word_1_532' title='bbox 1525 3648 1612 3704; x_wconf 88' lang='lat' dir='ltr'><strong>super</strong></span> <span class='ocrx_word' id='word_1_533' title='bbox 1626 3649 1729 3689; x_wconf 90' lang='lat' dir='ltr'><strong>omnes</strong></span> 
     </span>
     <span class='ocr_line' id='line_1_89' title="bbox 1013 3719 1728 3794; baseline 0.001 -17"><span class='ocrx_word' id='word_1_534' title='bbox 1013 3721 1186 3794; x_wconf 79' lang='lat' dir='ltr'><strong>angelorum</strong></span> <span class='ocrx_word' id='word_1_535' title='bbox 1206 3720 1308 3777; x_wconf 87' lang='lat' dir='ltr'><strong>choros</strong></span> <span class='ocrx_word' id='word_1_536' title='bbox 1329 3719 1463 3781; x_wconf 87' lang='lat' dir='ltr'><strong>exaltata.</strong></span> <span class='ocrx_word' id='word_1_537' title='bbox 1479 3720 1567 3781; x_wconf 89' lang='grc'><strong>5706,</strong></span> <span class='ocrx_word' id='word_1_538' title='bbox 1579 3722 1646 3792; x_wconf 90' lang='lat' dir='ltr'><strong>jure</strong></span> <span class='ocrx_word' id='word_1_539' title='bbox 1667 3738 1728 3778; x_wconf 86' lang='lat' dir='ltr'><strong>ma·</strong></span> 
     </span>
    </p>
   </div>
   <div class='ocr_carea' id='block_1_4' title="bbox 975 3808 1726 3880">
    <p class='ocr_par' dir='ltr' id='par_1_5' title="bbox 975 3808 1726 3880">
     <span class='ocr_line' id='line_1_90' title="bbox 975 3808 1726 3880; baseline 0.004 -15"><span class='ocrx_word' id='word_1_540' title='bbox 975 3868 981 3875; x_wconf 67' lang='grc'><strong>,</strong></span> <span class='ocrx_word' id='word_1_541' title='bbox 1013 3814 1098 3868; x_wconf 88' lang='lat' dir='ltr'><strong>torno</strong></span> <span class='ocrx_word' id='word_1_542' title='bbox 1113 3810 1193 3865; x_wconf 89' lang='lat' dir='ltr'><strong>omni</strong></span> <span class='ocrx_word' id='word_1_543' title='bbox 1210 3812 1350 3866; x_wconf 73' lang='lat' dir='ltr'><strong>creaturas</strong></span> <span class='ocrx_word' id='word_1_544' title='bbox 1370 3808 1496 3880; x_wconf 89' lang='lat' dir='ltr'><strong>imperat</strong></span> <span class='ocrx_word' id='word_1_545' title='bbox 1515 3808 1544 3865; x_wconf 90' lang='lat' dir='ltr'><strong>in</strong></span> <span class='ocrx_word' id='word_1_546' title='bbox 1566 3810 1636 3867; x_wconf 85' lang='lat' dir='ltr'><strong>coelo</strong></span> <span class='ocrx_word' id='word_1_547' title='bbox 1655 3814 1684 3867; x_wconf 91' lang='grc'><strong>61</strong></span> <span class='ocrx_word' id='word_1_548' title='bbox 1698 3812 1726 3869; x_wconf 91' lang='grc'><strong>16</strong></span> 
     </span>
    </p>
   </div>
   <div class='ocr_carea' id='block_1_5' title="bbox 1013 3895 1750 5048">
    <p class='ocr_par' dir='ltr' id='par_1_6' title="bbox 1013 3895 1734 4063">
     <span class='ocr_line' id='line_1_91' title="bbox 1013 3895 1734 3969; baseline 0 -12"><span class='ocrx_word' id='word_1_549' title='bbox 1013 3904 1100 3961; x_wconf 85' lang='lat' dir='ltr'><strong>terra.</strong></span> <span class='ocrx_word' id='word_1_550' title='bbox 1117 3899 1199 3961; x_wconf 89' lang='grc'><strong>836,</strong></span> <span class='ocrx_word' id='word_1_551' title='bbox 1215 3902 1244 3955; x_wconf 88' lang='grc'><strong>61</strong></span> <span class='ocrx_word' id='word_1_552' title='bbox 1265 3899 1299 3955; x_wconf 91' lang='grc'><strong>66</strong></span> <span class='ocrx_word' id='word_1_553' title='bbox 1322 3900 1404 3953; x_wconf 89' lang='grc'><strong>16616</strong></span> <span class='ocrx_word' id='word_1_554' title='bbox 1427 3898 1580 3969; x_wconf 78' lang='lat' dir='ltr'><strong>sanguinis</strong></span> <span class='ocrx_word' id='word_1_555' title='bbox 1599 3900 1663 3956; x_wconf 83' lang='lat' dir='ltr'><strong>Filii</strong></span> <span class='ocrx_word' id='word_1_556' title='bbox 1683 3895 1734 3957; x_wconf 68' lang='lat' dir='ltr'><strong>sui&#39;</strong></span> 
     </span>
     <span class='ocr_line' id='line_1_92' title="bbox 1015 3988 1406 4063; baseline -0.005 -18"><span class='ocrx_word' id='word_1_557' title='bbox 1015 3993 1155 4063; x_wconf 78' lang='lat' dir='ltr'><strong>proventu</strong></span> <span class='ocrx_word' id='word_1_558' title='bbox 1177 3988 1299 4049; x_wconf 80' lang='grc'><strong>16616166,</strong></span> <span class='ocrx_word' id='word_1_559' title='bbox 1315 3988 1406 4043; x_wconf 86' lang='grc'><strong>5136.</strong></span> 
     </span>
    </p>

    <p class='ocr_par' dir='ltr' id='par_1_7' title="bbox 1014 4075 1750 5048">
     <span class='ocr_line' id='line_1_93' title="bbox 1050 4075 1728 4152; baseline 0.004 -18"><span class='ocrx_word' id='word_1_560' title='bbox 1050 4081 1081 4134; x_wconf 89' lang='lat' dir='ltr'><strong>B.</strong></span> <span class='ocrx_word' id='word_1_561' title='bbox 1099 4080 1186 4150; x_wconf 82' lang='lat' dir='ltr'><strong>Virgo</strong></span> <span class='ocrx_word' id='word_1_562' title='bbox 1201 4075 1355 4148; x_wconf 84' lang='lat' dir='ltr'><strong>tripliciter</strong></span> <span class='ocrx_word' id='word_1_563' title='bbox 1374 4077 1580 4149; x_wconf 81' lang='lat' dir='ltr'><strong>cognoscitur:</strong></span> <span class='ocrx_word' id='word_1_564' title='bbox 1595 4095 1647 4152; x_wconf 90' lang='lat' dir='ltr'><strong>per</strong></span> <span class='ocrx_word' id='word_1_565' title='bbox 1661 4096 1728 4137; x_wconf 88' lang='lat' dir='ltr'><strong>cau-</strong></span> 
     </span>
     <span class='ocr_line' id='line_1_94' title="bbox 1014 4166 1726 4237; baseline 0.004 -13"><span class='ocrx_word' id='word_1_566' title='bbox 1014 4168 1171 4231; x_wconf 87' lang='lat' dir='ltr'><strong>salitatem,</strong></span> <span class='ocrx_word' id='word_1_567' title='bbox 1191 4166 1303 4223; x_wconf 87' lang='lat' dir='ltr'><strong>scilicet</strong></span> <span class='ocrx_word' id='word_1_568' title='bbox 1327 4182 1377 4237; x_wconf 90' lang='lat' dir='ltr'><strong>per</strong></span> <span class='ocrx_word' id='word_1_569' title='bbox 1400 4184 1484 4223; x_wconf 88' lang='lat' dir='ltr'><strong>suam</strong></span> <span class='ocrx_word' id='word_1_570' title='bbox 1510 4166 1726 4235; x_wconf 78' lang='lat' dir='ltr'><strong>fecunditatem,</strong></span> 
     </span>
     <span class='ocr_line' id='line_1_95' title="bbox 1015 4256 1727 4328; baseline 0.004 -15"><span class='ocrx_word' id='word_1_571' title='bbox 1015 4257 1062 4313; x_wconf 90' lang='lat' dir='ltr'><strong>cui</strong></span> <span class='ocrx_word' id='word_1_572' title='bbox 1074 4256 1196 4313; x_wconf 90' lang='grc'><strong>11611616</strong></span> <span class='ocrx_word' id='word_1_573' title='bbox 1213 4256 1325 4313; x_wconf 90' lang='lat' dir='ltr'><strong>mundo</strong></span> <span class='ocrx_word' id='word_1_574' title='bbox 1341 4256 1504 4327; x_wconf 90' lang='lat' dir='ltr'><strong>comparari</strong></span> <span class='ocrx_word' id='word_1_575' title='bbox 1516 4260 1727 4328; x_wconf 70' lang='grc'><strong>6616661916,</strong></span> 
     </span>
     <span class='ocr_line' id='line_1_96' title="bbox 1015 4344 1730 4421; baseline 0.004 -17"><span class='ocrx_word' id='word_1_576' title='bbox 1015 4351 1125 4421; x_wconf 86' lang='lat' dir='ltr'><strong>quanto</strong></span> <span class='ocrx_word' id='word_1_577' title='bbox 1148 4346 1228 4403; x_wconf 87' lang='lat' dir='ltr'><strong>enirn</strong></span> <span class='ocrx_word' id='word_1_578' title='bbox 1249 4344 1401 4402; x_wconf 79' lang='lat' dir='ltr'><strong>secundior</strong></span> <span class='ocrx_word' id='word_1_579' title='bbox 1423 4346 1678 4413; x_wconf 86' lang='grc'><strong>666,1961),16616</strong></span> <span class='ocrx_word' id='word_1_580' title='bbox 1701 4353 1730 4407; x_wconf 90' lang='grc'><strong>61</strong></span> 
     </span>
     <span class='ocr_line' id='line_1_97' title="bbox 1015 4435 1728 4507; baseline 0.003 -14"><span class='ocrx_word' id='word_1_581' title='bbox 1015 4436 1353 4507; x_wconf 84' lang='grc'><strong>6161166,1906“,611661</strong></span> <span class='ocrx_word' id='word_1_582' title='bbox 1375 4435 1442 4489; x_wconf 92' lang='lat' dir='ltr'><strong>boni</strong></span> <span class='ocrx_word' id='word_1_583' title='bbox 1463 4436 1623 4507; x_wconf 87' lang='lat' dir='ltr'><strong>proprietas</strong></span> <span class='ocrx_word' id='word_1_584' title='bbox 1642 4438 1679 4493; x_wconf 90' lang='lat' dir='ltr'><strong>sit</strong></span> <span class='ocrx_word' id='word_1_585' title='bbox 1699 4456 1728 4496; x_wconf 90' lang='lat' dir='ltr'><strong>se</strong></span> 
     </span>
     <span class='ocr_line' id='line_1_98' title="bbox 1014 4524 1726 4599; baseline 0.004 -16"><span class='ocrx_word' id='word_1_586' title='bbox 1014 4526 1306 4591; x_wconf 81' lang='grc'><strong>6111666666,190.1;</strong></span> <span class='ocrx_word' id='word_1_587' title='bbox 1323 4542 1374 4596; x_wconf 90' lang='lat' dir='ltr'><strong>per</strong></span> <span class='ocrx_word' id='word_1_588' title='bbox 1400 4524 1583 4596; x_wconf 87' lang='lat' dir='ltr'><strong>positionem,</strong></span> <span class='ocrx_word' id='word_1_589' title='bbox 1605 4527 1675 4599; x_wconf 89' lang='grc'><strong>6616</strong></span> <span class='ocrx_word' id='word_1_590' title='bbox 1698 4529 1726 4586; x_wconf 90' lang='grc'><strong>16</strong></span> 
     </span>
     <span class='ocr_line' id='line_1_99' title="bbox 1014 4613 1750 4686; baseline 0.001 -14"><span class='ocrx_word' id='word_1_591' title='bbox 1014 4634 1044 4674; x_wconf 91' lang='grc'><strong>66</strong></span> <span class='ocrx_word' id='word_1_592' title='bbox 1063 4615 1199 4672; x_wconf 89' lang='lat' dir='ltr'><strong>omnium</strong></span> <span class='ocrx_word' id='word_1_593' title='bbox 1216 4613 1393 4671; x_wconf 74' lang='lat' dir='ltr'><strong>Feminarum</strong></span> <span class='ocrx_word' id='word_1_594' title='bbox 1415 4614 1619 4686; x_wconf 65' lang='lat' dir='ltr'><strong>praerogativas</strong></span> <span class='ocrx_word' id='word_1_595' title='bbox 1639 4618 1729 4673; x_wconf 90' lang='lat' dir='ltr'><strong>conti·</strong></span> <span class='ocrx_word' id='word_1_596' title='bbox 1748 4678 1750 4681; x_wconf 65' lang='grc'><strong>,</strong></span> 
     </span>
     <span class='ocr_line' id='line_1_100' title="bbox 1015 4700 1726 4775; baseline 0.004 -15"><span class='ocrx_word' id='word_1_597' title='bbox 1015 4709 1073 4772; x_wconf 87' lang='grc'><strong>661,</strong></span> <span class='ocrx_word' id='word_1_598' title='bbox 1089 4704 1191 4769; x_wconf 89' lang='grc'><strong>1916,</strong></span> <span class='ocrx_word' id='word_1_599' title='bbox 1207 4718 1366 4774; x_wconf 83' lang='grc'><strong>6111666666</strong></span> <span class='ocrx_word' id='word_1_600' title='bbox 1379 4700 1508 4767; x_wconf 85' lang='lat' dir='ltr'><strong>virtutes,</strong></span> <span class='ocrx_word' id='word_1_601' title='bbox 1520 4704 1619 4770; x_wconf 89' lang='grc'><strong>1916,</strong></span> <span class='ocrx_word' id='word_1_602' title='bbox 1631 4707 1726 4775; x_wconf 87' lang='grc'><strong>1956;</strong></span> 
     </span>
     <span class='ocr_line' id='line_1_101' title="bbox 1015 4790 1729 4868; baseline 0.004 -18"><span class='ocrx_word' id='word_1_603' title='bbox 1015 4812 1067 4868; x_wconf 90' lang='lat' dir='ltr'><strong>per</strong></span> <span class='ocrx_word' id='word_1_604' title='bbox 1089 4792 1276 4855; x_wconf 85' lang='lat' dir='ltr'><strong>ablationem,</strong></span> <span class='ocrx_word' id='word_1_605' title='bbox 1293 4790 1362 4863; x_wconf 90' lang='lat' dir='ltr'><strong>quia</strong></span> <span class='ocrx_word' id='word_1_606' title='bbox 1385 4792 1421 4846; x_wconf 91' lang='lat' dir='ltr'><strong>ab</strong></span> <span class='ocrx_word' id='word_1_607' title='bbox 1445 4808 1479 4847; x_wconf 89' lang='lat' dir='ltr'><strong>ea</strong></span> <span class='ocrx_word' id='word_1_608' title='bbox 1501 4792 1586 4865; x_wconf 79' lang='lat' dir='ltr'><strong>longe</strong></span> <span class='ocrx_word' id='word_1_609' title='bbox 1608 4800 1729 4854; x_wconf 78' lang='lat' dir='ltr'><strong>remotas</strong></span> 
     </span>
     <span class='ocr_line' id='line_1_102' title="bbox 1015 4880 1726 4953; baseline -0.001 -12"><span class='ocrx_word' id='word_1_610' title='bbox 1015 4889 1084 4942; x_wconf 90' lang='lat' dir='ltr'><strong>sunt</strong></span> <span class='ocrx_word' id='word_1_611' title='bbox 1107 4883 1265 4940; x_wconf 86' lang='lat' dir='ltr'><strong>muliebres</strong></span> <span class='ocrx_word' id='word_1_612' title='bbox 1288 4880 1633 4953; x_wconf 80' lang='grc'><strong>1616661661161166,1956,</strong></span> <span class='ocrx_word' id='word_1_613' title='bbox 1649 4887 1677 4942; x_wconf 91' lang='lat' dir='ltr'><strong>C.</strong></span> <span class='ocrx_word' id='word_1_614' title='bbox 1695 4918 1726 4930; x_wconf 88' lang='lat'><em>-</em></span> 
     </span>
     <span class='ocr_line' id='line_1_103' title="bbox 1016 4970 1729 5048; baseline 0.006 -19"><span class='ocrx_word' id='word_1_615' title='bbox 1016 4975 1069 5029; x_wconf 84' lang='lat' dir='ltr'><strong>Pro</strong></span> <span class='ocrx_word' id='word_1_616' title='bbox 1084 4972 1244 5045; x_wconf 79' lang='lat' dir='ltr'><strong>gratiarum</strong></span> <span class='ocrx_word' id='word_1_617' title='bbox 1260 4970 1396 5027; x_wconf 80' lang='lat' dir='ltr'><strong>varietate</strong></span> <span class='ocrx_word' id='word_1_618' title='bbox 1411 4971 1729 5048; x_wconf 82' lang='grc'><strong>1661166666666111616-</strong></span> 
     </span>
    </p>
   </div>
   <div class='ocr_carea' id='block_1_6' title="bbox 1012 5060 1727 5303">
    <p class='ocr_par' dir='ltr' id='par_1_8' title="bbox 1012 5060 1727 5303">
     <span class='ocr_line' id='line_1_104' title="bbox 1014 5060 1727 5136; baseline 0.006 -19"><span class='ocrx_word' id='word_1_619' title='bbox 1014 5066 1078 5119; x_wconf 86' lang='lat' dir='ltr'><strong>ratu</strong></span> <span class='ocrx_word' id='word_1_620' title='bbox 1092 5066 1143 5123; x_wconf 88' lang='lat' dir='ltr'><strong>est,</strong></span> <span class='ocrx_word' id='word_1_621' title='bbox 1159 5062 1248 5125; x_wconf 89' lang='grc'><strong>5916,</strong></span> <span class='ocrx_word' id='word_1_622' title='bbox 1263 5061 1313 5117; x_wconf 89' lang='grc'><strong>666</strong></span> <span class='ocrx_word' id='word_1_623' title='bbox 1328 5062 1363 5117; x_wconf 90' lang='grc'><strong>66</strong></span> <span class='ocrx_word' id='word_1_624' title='bbox 1378 5077 1411 5116; x_wconf 91' lang='grc'><strong>66</strong></span> <span class='ocrx_word' id='word_1_625' title='bbox 1427 5077 1479 5117; x_wconf 88' lang='grc'><strong>666</strong></span> <span class='ocrx_word' id='word_1_626' title='bbox 1499 5060 1586 5133; x_wconf 80' lang='lat' dir='ltr'><strong>digne</strong></span> <span class='ocrx_word' id='word_1_627' title='bbox 1601 5079 1654 5119; x_wconf 91' lang='lat' dir='ltr'><strong>nec</strong></span> <span class='ocrx_word' id='word_1_628' title='bbox 1669 5065 1727 5136; x_wconf 91' lang='lat' dir='ltr'><strong>ple-</strong></span> 
     </span>
     <span class='ocr_line' id='line_1_105' title="bbox 1015 5149 1727 5221; baseline 0.001 -14"><span class='ocrx_word' id='word_1_629' title='bbox 1015 5168 1050 5208; x_wconf 90' lang='lat' dir='ltr'><strong>ne</strong></span> <span class='ocrx_word' id='word_1_630' title='bbox 1074 5150 1162 5207; x_wconf 90' lang='lat' dir='ltr'><strong>scribi</strong></span> <span class='ocrx_word' id='word_1_631' title='bbox 1187 5153 1237 5205; x_wconf 87' lang='grc'><strong>661</strong></span> <span class='ocrx_word' id='word_1_632' title='bbox 1262 5149 1444 5221; x_wconf 86' lang='lat' dir='ltr'><strong>pronuntiari</strong></span> <span class='ocrx_word' id='word_1_633' title='bbox 1469 5152 1676 5221; x_wconf 73' lang='grc'><strong>6616665681),</strong></span> <span class='ocrx_word' id='word_1_634' title='bbox 1693 5187 1727 5197; x_wconf 96' lang='grc'>-</span> 
     </span>
     <span class='ocr_line' id='line_1_106' title="bbox 1012 5236 1727 5303; baseline 0.008 -10"><span class='ocrx_word' id='word_1_635' title='bbox 1012 5240 1147 5294; x_wconf 87' lang='lat' dir='ltr'><strong>Thronus</strong></span> <span class='ocrx_word' id='word_1_636' title='bbox 1176 5237 1225 5293; x_wconf 84' lang='lat' dir='ltr'><strong>Dei</strong></span> <span class='ocrx_word' id='word_1_637' title='bbox 1254 5236 1369 5303; x_wconf 86' lang='lat' dir='ltr'><strong>dicitur,</strong></span> <span class='ocrx_word' id='word_1_638' title='bbox 1397 5238 1499 5303; x_wconf 75' lang='grc'><strong>1966,</strong></span> <span class='ocrx_word' id='word_1_639' title='bbox 1529 5238 1556 5294; x_wconf 89' lang='lat' dir='ltr'><strong>S.</strong></span> <span class='ocrx_word' id='word_1_640' title='bbox 1581 5240 1727 5299; x_wconf 90' lang='lat' dir='ltr'><strong>Trinitatis</strong></span> 
     </span>
    </p>
   </div>
   <div class='ocr_carea' id='block_1_7' title="bbox 1013 5326 1728 5407">
    <p class='ocr_par' dir='ltr' id='par_1_9' title="bbox 1013 5326 1728 5407">
     <span class='ocr_line' id='line_1_107' title="bbox 1013 5326 1728 5407; baseline 0.008 -23"><span class='ocrx_word' id='word_1_641' title='bbox 1013 5327 1187 5393; x_wconf 90' lang='lat' dir='ltr'><strong>triclinium,</strong></span> <span class='ocrx_word' id='word_1_642' title='bbox 1203 5326 1274 5393; x_wconf 78' lang='grc'><strong>236,</strong></span> <span class='ocrx_word' id='word_1_643' title='bbox 1290 5327 1450 5384; x_wconf 84' lang='lat' dir='ltr'><strong>sacrarium</strong></span> <span class='ocrx_word' id='word_1_644' title='bbox 1466 5331 1495 5385; x_wconf 91' lang='lat' dir='ltr'><strong>et</strong></span> <span class='ocrx_word' id='word_1_645' title='bbox 1509 5328 1653 5405; x_wconf 88' lang='lat' dir='ltr'><strong>templum</strong></span> <span class='ocrx_word' id='word_1_646' title='bbox 1667 5332 1728 5407; x_wconf 89' lang='lat' dir='ltr'><strong>Spi-</strong></span> 
     </span>
    </p>
   </div>
   <div class='ocr_carea' id='block_1_8' title="bbox 0 0 2161 6259">
    <p class='ocr_par' dir='ltr' id='par_1_10' title="bbox 0 0 2161 6259">
     <span class='ocr_line' id='line_1_108' title="bbox 0 0 2161 6259; baseline 0 0"><span class='ocrx_word' id='word_1_647' title='bbox 0 0 2161 6259; x_wconf 95' lang='lat' dir='ltr'><strong> </strong></span> 
     </span>
    </p>
   </div>
  </div>
 </body>
</html>
