4309 6259
516 653 662 805 DE
735 649 1346 806 PRAECONIO

264 1029 398 1181 ET
485 1027 1106 1181 DIGNITATE
1194 1025 1598 1179 MARIAE

595 1397 848 1506 LIBER
910 1396 1271 1508 TERTIUS

405 2085 652 2151 PROOEMIUM
921 2044 1139 2109 Areiormatae
1158 2053 1232 2108 sunt
1251 2043 1451 2124 affectiones,
1468 2064 1558 2109 mens
1583 2065 1712 2129 quoque

656 2134 663 2149 '
961 2143 1062 2206 libera
1077 2151 1171 2226 atque
1185 2144 1349 2221 absoluta3
1366 2142 1512 2225 quesibi
1528 2163 1565 2207 ao
1580 2144 1710 2227 proprio

226 2246 293 2307 NA
318 2250 365 2302 ert
388 2242 536 2301 columba
558 2261 642 2312 mea,
653 2242 801 2318 perfecta
825 2260 905 2302 mea.
961 2240 1070 2304 auimo
1085 2240 1292 2322 dominari,et
1305 2259 1423 2324 sponso
1438 2240 1500 2323 ipsi
1516 2241 1608 2305 subdi
1624 2242 1711 2305 item·

242 2340 331 2403 Cant.
347 2355 390 2413 rr,
405 2338 436 2401 8.
961 2356 1023 2419 que
1038 2357 1150 2420 parere
1165 2338 1570 2417 didicemmt3adulterinas
1584 2358 1711 2421 quoque

47 2460 144 2507 matr.
197 2436 370 2520 Sexaginta
391 2455 506 2518 nempe
525 2434 751 2499 exsistentibus
775 2436 906 2517 reginis,
962 2444 1190 2518 extraneasque
1224 2436 1356 2501 delicias
1392 2455 1456 2500 uon
1486 2437 1709 2519 suscipientes,

157 2536 383 2619 octogintaque
398 2534 597 2612 concubinis,
613 2542 708 2616 atque
728 2534 910 2597 innumera·
962 2535 1071 2618 sponsi
1102 2534 1150 2597 sui
1180 2535 1356 2618 purissimis
1385 2536 1547 2599 dumtaxat
1579 2535 1712 2618 cupiunt

157 2635 278 2700 bilibus
293 2632 551 2709 adolescentulis,
558 2651 623 2695 una
636 2633 799 2695 dutntaxat
808 2638 909 2694 exstat
963 2632 1100 2695 recreari
1115 2632 1349 2696 dulcedinibus.
1366 2633 1419 2696 Hae
1433 2640 1540 2696 autem
1559 2634 1713 2716 paucissi-

158 2732 390 2811 amantissima,
406 2749 471 2793 una
492 2730 559 2794 sola
583 2728 754 2811 singularis
779 2747 907 2811 sponsa,
963 2749 1022 2793 mre
1036 2740 1122 2809 sunt,
1139 2738 1232 2812 atque
1247 2730 1365 2813 regine
1380 2739 1552 2795 censentur
1567 2756 1574 2793 ι
1592 2732 1712 2814 quippe

158 2830 399 2913 simplicissima
414 2828 582 2907 columba3
598 2836 630 2891 et
648 2829 725 2891 item
746 2828 908 2890 tamenin
963 2847 1033 2910 quae
1057 2848 1191 2911 regnum
1216 2829 1427 2911 decoremque
1456 2830 1576 2909 seculi,
1603 2830 1711 2911 sponsi

47 2949 143 3001 man.
157 2949 277 3013 genere
296 2928 435 2993 totaliter
453 2927 595 3011 perlecta
611 2950 619 2989 :
635 2926 755 3009 quippe
773 2944 844 3007 quae
863 2933 909 2989 to-
963 2928 1012 2989 sui
1027 2945 1135 2990 amore
1151 2936 1349 3010 spreverunt.
1366 2927 1446 2990 Sunt
1459 2928 1590 3010 insuper
1610 2928 1713 3009 perie-

159 3038 190 3092 ta
213 3027 350 3111 pulchra
372 3034 432 3104 est,
455 3034 487 3089 et
510 3026 667 3089 maculam
691 3025 818 3107 penitus
844 3042 908 3087 non
963 3032 1034 3103 ctat,
1051 3024 1226 3107 presertim
1248 3024 1382 3087 aliarum
1408 3034 1564 3108 respectu.
1582 3025 1713 3089 Verum-

159 3127 267 3190 bnbet.
963 3130 1070 3185 umen
1092 3140 1149 3203 per
1172 3122 1393 3185 habitudinem
1412 3124 1452 3185 ad
1472 3122 1599 3185 unicam
1624 3122 1712 3186 illam

199 3223 365 3306 Siquidem
397 3221 537 3287 coelestis
571 3220 637 3300 ille,
666 3219 909 3303 superamabilis
925 3219 949 3281 B
964 3221 1222 3303 singularemque
1244 3240 1406 3303 sponsam,
1424 3220 1579 3302 virginem
1594 3239 1631 3284 ac
1647 3240 1712 3283 ma-

159 3322 431 3403 dulcissimusque
446 3339 594 3403 sponsus,
609 3320 727 3382 multas
747 3319 843 3381 habet
862 3317 910 3380 di·
963 3328 1056 3400 trem,
1073 3320 1151 3401 ipsae
1168 3337 1296 3400 quoque
1316 3318 1510 3400 imperfectae
1531 3319 1712 3401 reputandae

47 3435 146 3487 renas.
160 3422 272 3485 lectas.
300 3420 411 3483 Oleum
445 3436 584 3499 namque
618 3416 758 3480 eilusum
790 3435 908 3479 nomen
963 3426 1048 3481 sunt.
1074 3417 1194 3499 Nempe
1218 3417 1258 3479 de
1283 3436 1321 3479 ea
1347 3416 1466 3500 profari
1494 3434 1584 3479 orsus
1612 3416 1711 3479 Filius

161 3520 231 3600 ejus
263 3542 271 3579 ι
297 3516 432 3599 ideoque
459 3514 704 3579 adolescentule
732 3514 910 3577 dilexerunt
964 3515 1216 3600 sponsus:Siout
1231 3514 1333 3577 lilium
1349 3513 1478 3595 (iuquit)
1493 3514 1577 3577 inter
1591 3515 1709 3596 spinas,
1726 3533 1848 3584 consae.

161 3637 245 3681 eum.
270 3616 494 3679 Verumtamen
519 3614 602 3677 inter
625 3632 679 3675 eas
703 3614 781 3677 ordo
805 3612 910 3676 consi·
963 3616 1008 3679 sic
1033 3613 1137 3676 amica
1160 3631 1231 3675 meo
1256 3611 1340 3674 inter
1363 3611 1457 3673 filias.
1485 3610 1533 3675 Uti
1563 3612 1710 3693 equidem

161 3716 224 3777 stit.
253 3716 333 3778 Sunt
357 3712 443 3776 enim
469 3732 578 3776 earum
607 3710 722 3793 aliqum
753 3712 910 3793 incipien—
962 3713 1083 3796 optime
1116 3710 1155 3773 ab
1187 3710 1376 3791 Hieronymo
1408 3710 1529 3772 dictum
1565 3709 1708 3788 memini,

161 3824 219 3893 tes,
232 3814 441 3893 nondumque
455 3811 649 3894 spirituales,
662 3810 765 3873 zelum
779 3810 909 3892 quidem
963 3808 1231 3893 quemadmodum
1256 3807 1492 3889 comparatione
1520 3808 1574 3869 Dei
1603 3808 1710 3871 nullus

161 3912 272 3993 sponsi
286 3910 450 3987 babentes,
466 3917 561 3989 atque
576 3908 604 3971 ei
620 3907 789 3989 perfidem
806 3907 911 3990 bapti·
964 3910 1078 3987 bonus,
1096 3907 1142 3970 sic
1158 3905 1393 3989 comparatione
1407 3905 1508 3968 ldariae
1522 3906 1610 3968 nulla
1623 3924 1711 3988 pror·
1824 3968 1825 3971 ,

162 4009 288 4089 emique
310 4006 443 4089 gratiam
466 4005 575 4086 unitae,
596 4006 652 4069 sed
676 4005 910 4087 quodammodo
965 4026 1019 4069 sus
1047 4012 1149 4068 exstat
1171 4002 1325 4085 perlecta,
1350 4002 1496 4084 quamvis
1521 4002 1637 4065 eximia
1659 4022 1712 4065 ex-

161 4104 317 4169 animales
337 4105 440 4167 adbuc
460 4111 651 4181 censentur,
667 4112 699 4167 et
716 4104 828 4166 harum
852 4124 910 4166 nu·
964 4105 1065 4167 sistet.

161 4225 270 4269 merus
295 4202 454 4285 copiosior
471 4210 530 4265 est.
547 4202 689 4283 Denique
709 4210 821 4265 ceterae
840 4221 910 4284 per·
1003 4202 1113 4283 lgitur,
1139 4199 1289 4283 quoniam
1316 4198 1348 4261 in
1373 4198 1537 4281 praesentis
1560 4197 1711 4262 editionis

163 4304 311 4366 lectiores
336 4300 605 4384 proficientesque
628 4299 826 4379 exsistentes,
841 4300 909 4382 jam
964 4301 1045 4363 libro
1060 4300 1176 4381 primo,
1192 4300 1232 4361 de
1253 4296 1406 4379 dignitate
1427 4304 1521 4377 atque
1543 4297 1711 4378 preconiis

164 4420 316 4483 sponsum
337 4398 542 4481 spiritualiter
562 4397 681 4460 imitari
701 4406 794 4478 atque
814 4418 910 4479 appe-
927 4398 1067 4462 Cblariee
1086 4398 1124 4459 ad
1145 4396 1245 4478 ipsius
1270 4394 1443 4475 virgineam
1468 4393 1711 4475 deificatamque

164 4508 228 4561 tere
256 4500 375 4561 edoctae
404 4504 487 4558 sunt.
518 4496 742 4558 Verumtamen
772 4497 908 4558 necdum
965 4516 1092 4560 carnem
1108 4495 1272 4578 potissime
1288 4492 1711 4574 spectantibus,insecundo

164 4597 299 4660 aflectus
314 4613 422 4658 earum
437 4612 524 4655 mere
546 4594 690 4656 sincerus
711 4602 744 4656 et
764 4594 845 4656 liber
864 4602 911 4656 at·
964 4613 1091 4676 quoque
1119 4594 1158 4655 de
1187 4590 1428 4673 incomparabili
1457 4590 1527 4671 ejus
1555 4588 1711 4671 sapientia

164 4715 225 4777 que
239 4697 273 4757 in
287 4693 402 4757 dilecto
416 4690 576 4754 stabilitus
589 4700 648 4755 cst.
663 4692 703 4754 Et
715 4692 764 4755 be
783 4692 911 4773 paucio·
965 4712 1021 4776 pro
1037 4692 1160 4756 viribus
1174 4690 1322 4767 disserui,
1338 4690 1404 4770 jam
1420 4707 1505 4751 nuno
1527 4688 1566 4750 de
1587 4688 1712 4749 virtuti-

165 4814 215 4856 res
229 4793 359 4875 quidem
373 4798 467 4866 suut3
484 4797 516 4852 et
536 4789 721 4853 concubinae
742 4789 910 4871 perhiben-
964 4791 1023 4853 bus
1038 4791 1109 4872 ejus
1123 4807 1213 4870 aequo
1228 4788 1337 4851 ordine
1353 4794 1486 4849 tractare
1500 4784 1668 4848 incumbit.

166 4900 216 4954 tur
232 4915 240 4953 ε
256 4889 407 4972 quoniam
426 4906 491 4951 non
513 4888 675 4966 continuo,
691 4888 746 4950 sed
768 4888 910 4950 vicissim
1005 4889 1077 4967 Sed,
1095 4887 1140 4950 uti
1157 4905 1239 4968 sepe
1254 4885 1331 4948 olim
1352 4884 1454 4947 lassus
1470 4903 1552 4962 sum,
1570 4882 1616 4945 sic
1630 4883 1712 4945 indi·
1738 4918 1759 4959 p.
1779 4903 1856 4955 uer.

166 4990 275 5071 sponsi
291 4988 441 5050 fruuntur
454 4985 571 5068 cupitis
586 4984 726 5065 itemque
740 4985 913 5047 mundissi-
965 5006 1058 5069 gnus,
1075 4987 1158 5049 heut
1176 4984 1316 5065 itemque
1337 4982 1517 5057 inidoneus,
1534 4988 1566 5043 et
1579 4982 1628 5060 (ut
1648 4981 1712 5044 lor·
1726 4966 1798 5011 ⁵⁰⁴⁰·

165 5088 226 5149 mis
241 5085 458 5167 amplexibus3
473 5084 602 5146 demum
617 5102 677 5145 nec
691 5083 721 5146 ei
741 5083 911 5146 admodum
966 5084 1066 5163 mido)
1081 5083 1244 5164 improbus
1263 5099 1388 5162 quoque
1409 5088 1440 5143 et
1461 5080 1712 5143 contemnendus

167 5185 342 5249 familiares
355 5192 410 5247 aut
424 5183 601 5245 secretario
622 5190 706 5243 sunt.
723 5182 822 5263 lgitur
842 5180 913 5243 aliae
967 5182 1110 5243 laudator
1124 5180 1250 5242 exsisto.
1263 5178 1501 5241 Sanctissimam
1516 5195 1653 5265 namque
1668 5183 1714 5238 at-

168 5284 319 5369 perlectae
333 5291 407 5347 sunt
420 5290 452 5347 et
465 5300 552 5346 mere
567 5280 766 5366 spirituales:
778 5300 913 5365 quarum
966 5298 1028 5362 que
1043 5278 1297 5355 mundissimam,
1306 5276 1525 5340 universarum
1541 5274 1636 5339 etiam
1651 5274 1715 5337 vir·
