4309 6259
294 494 336 541 oa
355 494 558 543 armannum
578 494 707 541 rernms
728 493 766 539 ar
785 492 883 541 mssa
903 492 1131 541 ermanaricus
1154 495 1311 543 ursaceus.
1336 515 1375 527 -
1396 496 1465 543 rar.
1489 495 1586 543 xxvm
1656 478 1716 544 425

166 666 269 729 currit
294 666 408 731 active.
437 666 504 729 lmo
532 665 712 729 communis
747 665 913 729 doctorum
928 666 952 727 Α
969 672 1063 747 atque
1076 665 1245 746 justificat,
1262 675 1447 731 nouantem
1463 666 1663 750 lexiloysisf
1678 669 1718 732 Et

165 765 327 828 sententia
355 774 415 844 est,
440 766 525 848 qnod
553 764 745 847 generaliter
775 764 913 826 ministri
966 763 1028 827 boc
1047 764 1239 827 adscribitur
1258 766 1450 847 evangelicas
1470 767 1544 849 legi,
1562 769 1717 831 sumendo

165 872 439 927 sacramentorum
454 881 518 927 non
534 872 745 946 cooperantur
758 863 821 926 oso
843 880 915 945 pro
967 880 1037 923 eam
1062 881 1135 924 cum
1161 881 1290 926 suorum
1319 873 1590 929 sacramentorum
1615 866 1717 929 inclu-

164 962 298 1025 ductive
325 960 359 1024 in
390 960 561 1025 effectibus
593 961 648 1043 qui
681 970 756 1025 sunt
786 980 836 1023 res
863 978 916 1023 eo
968 960 1067 1040 sione,
1088 979 1126 1023 eo
1150 961 1234 1041 quod
1259 972 1455 1025 sacramenta
1479 964 1661 1027 contentiva
1685 973 1718 1028 et

164 1060 313 1123 cumdem
337 1068 606 1123 sacramentorum
630 1083 637 1122 :
662 1060 737 1141 quia
760 1058 916 1122 ministris
968 1058 1131 1122 causativa
1153 1059 1218 1121 sint
1237 1061 1347 1141 gratias
1368 1062 1462 1126 modo
1484 1062 1647 1145 praedicto.

164 1157 359 1221 facientibus
372 1159 479 1221 debite
499 1159 608 1221 omnia
623 1158 677 1220 ilfa
697 1177 767 1239 qum
782 1158 821 1219 ad
841 1175 916 1219 con·
1008 1158 1150 1239 lienique
1165 1158 1280 1222 Doctor
1294 1159 1349 1221 ille
1368 1160 1452 1222 inter
1466 1161 1610 1225 doctores
1626 1163 1718 1225 sebo

163 1254 340 1319 sectionem
364 1258 414 1319 vel
440 1275 534 1319 usum
562 1263 832 1319 sacramentorum
857 1256 916 1319 Do
969 1256 1097 1319 lasticos
1121 1256 1288 1339 praecipue
1311 1258 1496 1337 sanctitatis,
1513 1257 1717 1321 illuminatio-

162 1354 275 1417 minus
289 1354 438 1417 facienda
456 1354 606 1435 instituit,
623 1356 692 1437 ipse
713 1373 748 1417 se
769 1354 837 1416 solo
858 1354 915 1415 im·
968 1355 1019 1417 nis
1033 1362 1065 1417 et
1078 1354 1285 1435 auctoritatis
1297 1356 1444 1434 Thomas,
1454 1374 1550 1437 super
1568 1364 1716 1437 quartum

162 1452 304 1515 mediate
318 1452 472 1515 effectum
494 1452 716 1535 principalem,
733 1452 786 1533 qui
802 1459 850 1514 est
865 1470 915 1513 res
969 1452 1214 1531 Sententiarum,
1231 1454 1437 1517 distinctione
1452 1464 1574 1532 octava,
1588 1454 1718 1537 praefata

162 1550 370 1628 sacramenti,
407 1559 526 1613 causat.
556 1550 636 1613 llinc
671 1558 795 1613 constat
829 1550 914 1631 quod
968 1550 1120 1633 opinione
1136 1559 1262 1613 narrata
1278 1575 1285 1612 ε
1302 1552 1384 1627 Hac,
1402 1552 1517 1633 inquit,
1534 1551 1643 1633 opinio
1665 1553 1718 1615 de-

162 1657 366 1712 sacramenta
380 1667 470 1711 novae
488 1650 569 1731 legis
589 1667 652 1711 non
667 1648 817 1711 efficiunt
830 1648 914 1729 quod
969 1658 1059 1731 mgat
1072 1649 1220 1730 dignitati
1237 1658 1508 1713 sacramentorum
1523 1650 1718 1732 evangelicae

162 1747 354 1827 significant
374 1766 430 1809 seu
453 1746 603 1828 figurant,
621 1765 676 1827 per
690 1746 840 1808 virtutem
859 1746 916 1808 ali·
969 1747 1060 1828 legis,
1078 1747 1197 1809 ideirco
1212 1747 1406 1809 credendum
1426 1756 1485 1826 est,
1502 1748 1586 1829 quod
1602 1749 1634 1809 in
1651 1768 1718 1811 ver-

162 1863 263 1925 quam
292 1844 498 1907 intrinsecam
522 1844 700 1924 clementis,
721 1844 770 1907 vel
796 1843 913 1920 verbis,
932 1838 1019 1908 Bbis
1047 1846 1307 1923 consecrationis,
1333 1846 1599 1927 quemadmodum
1629 1856 1660 1909 et
1685 1847 1717 1909 in

160 1944 214 2006 vel
247 1943 429 2023 intentioni,
459 1945 509 2006 vel
539 1943 650 2025 signis,
681 1943 730 2006 vel
766 1942 916 2007 omnibus
969 1942 1041 2005 aliis
1066 1942 1177 2006 formis
1201 1950 1484 2021 sacramentorum,
1505 1944 1589 2007 inest
1612 1944 1719 2025 aliqua

160 2042 275 2104 simul.
301 2042 388 2105 Unde
415 2040 600 2104 differentia
628 2042 688 2103 ista
715 2041 799 2103 inter
825 2059 916 2103 novae
970 2040 1070 2103 virtus
1085 2060 1103 2103 a
1119 2041 1193 2119 Deo,
1210 2060 1280 2123 qum
1301 2060 1365 2105 non
1382 2050 1430 2104 est
1448 2042 1583 2123 qualitas
1598 2042 1718 2105 babens

159 2149 193 2203 et
221 2140 343 2203 veteris
365 2140 445 2221 legis
470 2148 678 2219 sacramenta,
704 2140 788 2222 quod
813 2157 917 2201 sacra-
969 2159 1039 2202 esse
1055 2139 1248 2221 completum
1265 2139 1297 2201 in
1313 2148 1436 2216 natura,
1454 2140 1536 2203 sicut
1554 2149 1603 2203 est
1617 2140 1718 2202 virtus

160 2248 276 2301 menta
288 2256 379 2302 novae
400 2238 481 2319 legis
501 2237 653 2301 efficiunt
670 2237 804 2319 gratiam
820 2258 915 2319 quam
970 2237 1157 2320 principalis
1172 2238 1310 2319 alicujus
1326 2238 1450 2320 agentis
1465 2240 1641 2302 secundum
1656 2239 1720 2301 for-

160 2336 320 2417 figurant,
346 2354 410 2398 non
437 2344 543 2398 autem
572 2343 770 2398 sacramenta
797 2336 916 2398 veteris
970 2354 1055 2398 mam
1075 2354 1175 2413 suam,
1193 2336 1248 2397 sed
1270 2336 1365 2399 babet
1386 2356 1455 2399 esse
1477 2337 1718 2419 incompletum,

159 2434 258 2515 legia,
275 2433 322 2496 sic
337 2440 385 2497 est
399 2434 618 2516 intelligenda,
634 2435 719 2515 quod
735 2453 915 2497 sacramen·
971 2440 1007 2495 ut
1020 2433 1122 2496 virtus
1136 2452 1206 2514 quaa
1221 2442 1269 2495 est
1283 2434 1316 2495 in
1338 2434 1549 2498 instrumento
1565 2454 1602 2497 ex
1618 2435 1720 2497 inten-

160 2541 192 2595 ta
217 2550 314 2596 novo
339 2532 418 2614 legis
446 2542 522 2595 sunt
544 2533 653 2613 gratim
677 2532 916 2595 sacramentalis
971 2531 1057 2593 tione
1073 2530 1122 2593 vel
1147 2530 1355 2612 impressione
1377 2532 1562 2614 principalis
1582 2533 1718 2614 agentis,

160 2650 263 2693 causa
291 2630 554 2708 instrumentalis,
584 2630 781 2713 dispositiva,
811 2630 917 2712 dispo
971 2638 1003 2691 et
1031 2628 1113 2691 sicut
1140 2628 1366 2692 similitudines
1395 2629 1536 2694 colorum
1572 2632 1605 2693 in
1634 2623 1716 2695 aere]

160 2728 284 2791 sitione
311 2727 489 2791 extrinseca
515 2728 703 2791 babilitante
735 2728 916 2810 subjectum
971 2726 1114 2809 insuper,
1131 2726 1162 2787 in
1179 2726 1271 2789 tertia
1292 2735 1380 2809 parte
1396 2728 1532 2791 Summa
1549 2752 1556 2790 :
1572 2729 1717 2810 Quidam,
1747 2776 1768 2817 q,
1781 2774 1866 2811 mm,

160 2828 202 2889 ad
229 2826 452 2908 recipiendum
479 2826 569 2889 illum
594 2826 760 2903 effectum,
786 2843 851 2889 non
879 2845 917 2887 ex
971 2824 1026 2904 ait,
1042 2824 1190 2887 dixerunt
1212 2824 1244 2885 in
1265 2825 1371 2886 verbis
1387 2826 1634 2890 consecrationis
1654 2847 1719 2892 non
1733 2828 1786 2868 *⁴-

161 2933 282 2987 natura
307 2924 365 3003 rei,
391 2925 447 2987 sed
475 2944 515 2987 ex
541 2924 741 2987 ordinatione
765 2932 797 2986 et
824 2933 918 3005 pacto
972 2941 1041 2984 esse
1056 2922 1206 2984 virtutem
1223 2930 1360 2984 creatam
1381 2923 1418 2984 ad
1441 2925 1720 2989 transsubstantia-

161 3021 314 3100 Dei,‹sic
342 3022 427 3102 quod
455 3022 639 3103 hujusmodi
668 3021 805 3084 effectus
833 3022 918 3083 fiunt
936 3016 958 3079 C
973 3021 1092 3082 tionem
1107 3020 1299 3100 faciendam,
1316 3040 1375 3084 nec
1397 3022 1491 3084 etiam
1515 3022 1547 3084 in
1563 3023 1635 3085 aliis
1657 3023 1720 3087 for-

160 3122 262 3183 modo
276 3120 342 3201 jam
363 3118 449 3183 dicto
470 3120 502 3181 vi
524 3120 629 3201 operis
650 3120 784 3201 operati,
801 3128 832 3181 et
853 3138 917 3182 non
971 3119 1033 3179 mis
1062 3128 1343 3197 sacramentorum,
1369 3128 1423 3182 aut
1451 3119 1483 3181 in
1512 3120 1591 3203 ipsis
1619 3141 1722 3185 sacra-

160 3218 282 3280 merito
310 3216 447 3279 ministri
472 3217 645 3299 operantis.
671 3216 708 3279 Et
736 3236 793 3298 per
820 3235 918 3298 oppo-
972 3216 1101 3296 mentis,
1138 3218 1177 3279 ad
1214 3217 1414 3281 inducendos
1450 3228 1720 3284 sacramentorum

162 3316 266 3379 situm
291 3316 354 3377 fuit
376 3316 416 3378 de
441 3317 648 3378 sacramentis
673 3315 790 3378 veteris
813 3316 919 3377 'lesta-
972 3314 1109 3377 effectus
1140 3338 1147 3378 :
1178 3316 1263 3397 quod
1291 3315 1386 3378 dictis
1414 3317 1601 3380 Sanctorum
1630 3338 1723 3400 repu-

161 3413 268 3477 menti
291 3437 299 3475 :
320 3432 390 3494 quaa
413 3412 440 3475 si
465 3413 585 3495 aliquid
611 3414 686 3477 boni
712 3412 920 3477 conferebant
973 3421 1059 3494 gnat,
1089 3420 1122 3474 et
1149 3412 1296 3495 dignitati
1326 3422 1596 3478 sacramentorum
1626 3436 1721 3479 evan-

162 3512 216 3575 bis
247 3512 365 3593 quibus
399 3512 654 3593 applicabantur,
683 3512 744 3574 boc
779 3520 848 3574 erat
881 3530 920 3573 ex
973 3511 1083 3591 gelicae
1107 3510 1186 3591 legis
1211 3511 1352 3591 derogat.
1380 3513 1467 3575 Unde
1496 3532 1594 3595 quum
1619 3534 1723 3577 sacra·

164 3611 338 3674 sanctitate
358 3610 509 3674 orationis
531 3609 632 3691 ipsius
653 3609 844 3691 applicantis
866 3618 920 3672 aut
975 3616 1115 3670 mentum
1141 3607 1347 3670 Eucharistiae
1375 3611 1415 3671 sit
1438 3610 1565 3691 dignius
1594 3614 1719 3690 ceteriS,

165 3708 366 3791 recipientis,
391 3716 424 3770 et
448 3726 512 3771 non
535 3728 573 3771 ex
598 3708 629 3771 vi
654 3707 760 3790 operis
784 3708 917 3789 operati.
974 3714 1098 3769 constat
1125 3707 1210 3787 quod
1239 3706 1271 3767 in
1301 3706 1407 3768 verbis
1435 3706 1622 3771 formalibus
1651 3710 1722 3791 ejus

165 3810 240 3873 llaec
257 3815 289 3869 et
304 3806 404 3870 multa
423 3806 473 3869 bis
494 3806 613 3868 similia
635 3806 746 3868 scribit
767 3806 833 3886 ille,
849 3826 920 3887 quas
974 3804 1014 3866 sit
1028 3804 1129 3866 virtus
1144 3804 1287 3884 quaedam
1304 3813 1408 3866 creata
1423 3805 1462 3867 ad
1478 3806 1721 3869 conversionem

37 3930 150 3981 amr
166 3908 322 3969 videntur
342 3904 547 3987 praeinductis
568 3904 726 3967 contraria
749 3928 757 3965 ε
778 3904 852 3985 quia
873 3904 921 3967 di·
974 3902 1153 3966 faciendam
1183 3902 1215 3963 in
1245 3921 1294 3981 ec,
1324 3903 1574 3966 instrumentalis
1603 3913 1720 3985 tamen,

165 4005 243 4067 xisti
260 4004 293 4066 in
309 4002 516 4066 sacramentis
536 4002 730 4084 evangelicas
751 4002 830 4083 legis
851 4022 921 4083 gra·
974 4002 1057 4066 sicut
1075 4011 1107 4065 et
1126 4003 1159 4063 in
1179 4002 1249 4063 aliis
1274 4002 1491 4065 sacramentis.
1513 4002 1614 4077 Quum
1637 4005 1722 4067 enim

166 4106 247 4167 tiam
262 4102 420 4167 contineri
442 4111 594 4182 tanquam
617 4101 757 4182 insigne
777 4109 809 4164 et
824 4120 920 4164 causa
974 4100 1040 4163 hmo
1056 4100 1154 4163 verba
1174 4118 1211 4161 ex
1232 4117 1367 4180 persona
1387 4098 1501 4162 Christi
1521 4099 1724 4181 proferantur

166 4199 407 4265 instrumentali
445 4198 646 4261 ministeriali
681 4199 788 4280 aliquo
823 4200 918 4263 modo
935 4201 1011 4263 llex
1036 4199 1107 4279 ejus
1132 4198 1291 4277 mandato,
1310 4198 1483 4261 sortiuntur
1505 4199 1653 4262 virtutem
1677 4201 1724 4263 in-

166 4306 382 4365 concurrente
407 4306 440 4360 θῖ
464 4306 655 4379 cooperante
675 4298 715 4359 ad
741 4316 921 4361 sacramen-
974 4296 1214 4359 strumentalem
1230 4296 1270 4357 ab
1286 4296 1366 4378 ipso,
1384 4298 1466 4359 sicut
1487 4306 1519 4359 et
1533 4306 1639 4361 cetera
1653 4299 1723 4381 ejus

167 4401 267 4463 talem
288 4396 455 4461 effectum.
974 4396 1058 4458 facta
1093 4394 1143 4457 vel
1172 4394 1257 4456 dicta
1291 4395 1407 4456 babent
1440 4396 1725 4460 instrumentaliter

209 4497 357 4557 l'sarrrs.
380 4530 421 4541 -
448 4494 485 4557 Ut
511 4493 608 4573 nosti,
633 4493 673 4556 de
702 4494 761 4555 ista
789 4493 921 4555 materia
974 4494 1170 4556 salutiferam
1192 4493 1361 4574 quamdam
1384 4492 1546 4555 virtutem.

166 4603 246 4655 sunt
259 4593 329 4656 dum
343 4594 509 4655 doctorum
523 4590 792 4673 opiniones,sicut
805 4599 839 4653 tu
852 4590 920 4672 ipse
1014 4591 1052 4654 Et
1081 4592 1140 4653 ista
1175 4589 1291 4673 positio
1321 4609 1359 4651 ex
1393 4590 1501 4653 multis
1535 4592 1723 4655 Sanctorum

166 4692 276 4774 legisti
297 4700 330 4755 et
350 4690 456 4769 nosti;
472 4698 505 4753 et
525 4690 610 4771 quod
631 4689 688 4752 tibi
711 4690 788 4769 dixi,
812 4690 919 4752 verius
973 4688 1213 4753 auctoritatibus
1229 4688 1430 4770 approbatur.
1447 4688 1498 4751 Αἰῖ
1519 4709 1656 4772 namque
1672 4712 1723 4755 su-

166 4810 241 4855 essa
263 4798 348 4853 teno.
974 4807 1031 4870 per
1050 4788 1203 4851 loannem
1226 4785 1421 4867 Augustinus
1443 4810 1450 4848 :
1471 4787 1544 4861 Quae
1565 4796 1652 4852 tanta
1673 4790 1723 4853 vis

208 4890 381 4953 Sacaanos.
408 4922 448 4933 -
475 4886 587 4951 Nonne
614 4886 777 4968 apostolus
805 4886 919 4948 Paulus
973 4904 1062 4966 aquae
1086 4892 1120 4947 ut
1144 4902 1259 4964 corpus
1284 4891 1391 4964 tangat
1412 4892 1444 4945 et
1466 4903 1520 4948 cor
1540 4887 1666 4949 abluall
1686 4887 1724 4950 Et

39 4996 87 5039 tvm-
107 5026 152 5055 el.
167 4990 201 5052 in
232 4987 302 5050 suis
328 4986 484 5069 epistolis,
515 4986 688 5067 praesertim
718 4984 751 5045 in
785 4983 920 5065 epistola
972 4984 1055 5046 Beda
1082 5008 1089 5045 z
1117 4982 1269 5051 Dominus
1297 4990 1383 5044 tactu
1412 5002 1476 5045 suaa
1505 4985 1723 5049 mundissimae

41 5076 151 5181 ffl‘st·
166 5088 207 5149 ad
230 5086 390 5165 Hebraeos,
406 5085 490 5147 banc
511 5083 750 5145 distinctionem
772 5081 855 5143 inter
877 5081 920 5144 le-
973 5082 1078 5142 carnis
1100 5080 1165 5143 vim
1190 5080 1439 5159 regenerativam
1465 5082 1600 5143 contulit
1619 5084 1719 5163 aquis.

54 5170 61 5185 ⁹
99 5172 106 5182 ’
166 5202 243 5265 gem
258 5182 374 5245 Christi
397 5182 563 5264 legemque
583 5180 697 5263 bfoysis
716 5180 818 5263 ponit,
834 5180 918 5260 quod
972 5178 1722 5261 ldemscribitchrysostomusdmbrosiusquo

167 5283 219 5345 lex
252 5280 439 5363 evangelica
469 5280 603 5361 gratiam
636 5280 787 5356 continet,
818 5278 920 5342 salvat
973 5297 1035 5360 que
1056 5277 1137 5341 libro
1153 5286 1264 5358 quarto
1284 5278 1323 5340 de
1343 5276 1555 5342 sacramentis
1574 5278 1719 5343 fatetur:
