4309 6259
523 486 681 535 mrosrrro
699 484 799 534 urum
823 488 831 533 ι
854 485 935 535 nmo
956 487 1071 535 sancrn
1091 487 1180 535 nonis
1201 488 1336 535 srmrns
1646 467 1706 533 123

163 658 205 717 tri
217 677 290 717 cum
305 658 404 727 Filio,
420 658 560 735 dipnare
571 668 743 734 promptus
762 660 873 735 inperi
892 678 902 717 .·
917 656 943 721 Α
959 666 1036 738 scat,
1054 658 1238 739 perficiatur
1252 658 1285 721 in
1300 658 1391 722 nobis
1405 657 1550 722 aestuanti
1570 656 1706 719 flammi-

161 756 188 817 id
212 762 269 832 est,
287 762 369 833 tu,o
394 778 411 814 ιι
438 755 574 836 Spiritus
599 756 711 819 Sancte
738 780 766 835 n,
783 756 838 836 qui
868 776 902 819 es
956 775 1096 838 geroqne
1111 756 1241 835 affectu,
1260 765 1353 838 prout
1366 756 1399 818 in
1414 756 1586 838 Evangelio
1606 755 1706 837 loqui-

162 876 177 912 «
193 873 289 915 unum
304 852 385 916 Patri
402 873 476 916 cum
496 853 575 917 vitio
592 877 621 935 n,
637 854 668 917 id
690 864 738 919 est
760 854 904 917 substan-
959 862 1009 915 tur
1043 854 1184 917 Christus
1220 878 1227 917 ι
1261 854 1370 936 lgncm
1406 854 1478 916 veni
1514 853 1638 915 mittere
1673 853 1852 928 intuemur.

162 951 272 1014 tialitcr
287 970 385 1013 unum
401 972 473 1015 cum
489 952 578 1014 Patre
597 961 714 1016 eterno
736 972 772 1016 ac
795 952 904 1034 uuige-
958 960 1085 1032 terram,
1102 961 1134 1015 et
1158 952 1234 1034 quid
1259 952 1342 1033 volo,
1360 952 1420 1014 nisi
1440 960 1475 1015 nt
1494 953 1706 1015 accendatnrl

163 1052 223 1113 nito
239 1050 309 1130 ejus
325 1050 415 1128 lilio,
432 1073 449 1109 n
466 1050 595 1132 dignare
611 1070 697 1113 nunc
714 1074 742 1126 a,
760 1052 791 1114 id
807 1051 902 1113 estin
957 1054 1121 1113 Ascendet
1147 1051 1250 1111 ardor
1269 1053 1450 1128 proximos,
1470 1050 1501 1113 id
1526 1058 1584 1128 est,
1602 1050 1709 1113 fervor

163 1149 217 1211 hac
241 1146 329 1225 hora,
347 1170 363 1207 a
381 1157 546 1230 promptus
567 1148 667 1231 ingeri
687 1145 780 1213 nobis
798 1173 827 1227 ιι,
843 1150 902 1211 hoc
959 1148 1057 1211 divini
1082 1168 1118 1211 ac
1140 1148 1271 1211 fraterni
1291 1148 1410 1211 amoris
1429 1150 1524 1211 corda
1543 1148 1709 1211 calefaciat

164 1254 207 1309 est
229 1244 339 1308 intime
364 1246 502 1327 imprimi
533 1266 589 1328 per
617 1256 743 1310 tuorum
773 1248 905 1311 inlusio
960 1246 1174 1327 proximorum
1189 1254 1382 1324 nostrorum,
1399 1247 1481 1310 sicut
1495 1244 1709 1309 fateturPsal-

164 1364 244 1422 nem,
273 1344 467 1407 incrementa
492 1354 523 1407 et
546 1344 776 1427 perfectionem
802 1346 905 1409 chari·
935 1342 1153 1426 'mograplms
1180 1368 1187 1406 :
1215 1343 1378 1407 Concaluit
1406 1363 1462 1408 cor
1490 1363 1597 1407 meum
1626 1346 1854 1416 intraremus,

164 1448 350 1518 smatnm,ut
365 1461 460 1524 supra
476 1443 507 1505 in
524 1442 648 1523 hymnis
664 1444 702 1505 de
718 1443 904 1507 solennitate
960 1461 1021 1519 me,
1053 1451 1086 1505 et
1119 1442 1151 1504 in
1185 1442 1388 1506 meditatione
1423 1462 1495 1506 men
1526 1432 1742 1506 exardescet*

77 1558 149 1611 psit.
164 1537 293 1619 Spiritus
313 1540 418 1603 Sancti
443 1540 541 1622 ipsius
565 1542 741 1623 expositum
765 1549 833 1615 est,
850 1562 904 1603 no-
959 1541 1052 1623 ignis.

163 1646 225 1697 stro
243 1640 375 1715 refusus
385 1640 522 1715 pectori,
541 1638 634 1701 idest
651 1659 759 1703 rursus
780 1638 905 1701 infusus

163 1754 214 1795 seu
251 1735 425 1813 restitutae,
456 1738 720 1818 superadspersus
752 1746 902 1820 tanquam
1001 1736 1091 1799 llunc
1115 1736 1245 1799 brevem
1270 1738 1422 1819 hymnum
1448 1756 1513 1800 non
1536 1737 1624 1801 brevi
1648 1757 1707 1800 nec

162 1832 344 1895 dulcissima
378 1834 484 1898 unctio
517 1835 821 1917 saluberrimumque
849 1856 907 1898 un·
923 1831 946 1892 B
963 1852 1059 1914 parva
1084 1836 1251 1899 devotione
1276 1844 1451 1913 cantemus,
1473 1836 1537 1900 imo
1565 1836 1710 1899 dulcissi-

162 1939 312 2011 gneutum
328 1954 345 1991 a
363 1941 471 1996 nostro
486 1934 607 2014 pectori
624 1956 653 2011 a,
670 1934 700 1995 id
716 1943 763 1997 est
778 1934 875 1997 cordi.
962 1952 1048 1995 mnm
1069 1933 1158 1995 illum
1179 1933 1374 1996 Paracletum
1394 1933 1478 1996 dnlci
1504 1953 1541 1997 ac
1565 1934 1708 1996 aestuanti

200 2034 252 2099 Os,
278 2032 407 2107 linqua,
431 2050 499 2113 qum
525 2040 598 2094 sunt
625 2032 833 2095 instrumenta
862 2032 907 2095 lo
962 2030 1148 2093 invocemus
1172 2030 1303 2111 aflectu,
1325 2040 1357 2093 et
1381 2031 1528 2094 universa
1552 2050 1622 2113 qnae
1646 2032 1710 2112 agi-

162 2127 288 2208 quendi,
310 2148 411 2199 mens,
431 2130 462 2191 id
487 2138 534 2193 cst
558 2129 737 2193 intellectus
759 2138 790 2193 et
816 2130 904 2209 ratio,
962 2148 1043 2207 mus,
1060 2129 1100 2190 ad
1116 2128 1293 2209 profectum
1313 2138 1345 2191 et
1364 2129 1593 2212 perfectionem
1611 2130 1709 2193 divini

161 2246 268 2286 sessus
295 2225 425 2290 interior
446 2235 539 2309 atque
563 2228 707 2305 exterior,
727 2232 830 2307 viper,
846 2230 906 2293 hoc
962 2246 998 2289 ac
1015 2227 1146 2289 fraterni
1161 2226 1344 2291 ordinemus
1359 2228 1486 2305 amoris,
1500 2246 1559 2291 nec
1574 2247 1592 2289 a
1607 2228 1709 2309 primo

162 2332 206 2385 est
237 2332 304 2387 totu
336 2324 449 2387 animae
481 2324 643 2402 fortitudo,
674 2328 906 2404 confessionem
962 2331 1144 2406 torpeamus
1160 2324 1295 2403 fervore,
1313 2344 1353 2387 ne
1367 2326 1509 2389 Christus
1524 2324 1616 2389 nobis
1630 2324 1710 2406 obji-

158 2432 342 2497 personent,
359 2422 390 2484 id
414 2431 472 2501 est,
489 2422 631 2504 perfecte
654 2433 686 2487 et
712 2424 832 2488 fervide
858 2444 907 2487 so
963 2423 1025 2486 ciat
1044 2423 1121 2486 illud
1138 2424 1342 2505 Apocalypsis
1361 2447 1368 2485 :
1385 2424 1492 2487 liabeo
1511 2424 1663 2487 adversus
1678 2432 1708 2485 te
1722 2448 1856 2502 smum,

161 2526 280 2582 nentet
299 2521 475 2601 exprimant
494 2540 531 2584 ac
551 2522 720 2585 decantent
743 2546 759 2582 n
783 2522 907 2587 confes-
964 2540 1075 2603 pauca,
1101 2521 1250 2603 qnoniam
1274 2521 1438 2585 caritatem
1461 2530 1548 2584 tuam
1574 2521 1708 2604 primam
1723 2513 1743 2552 ⁵·

161 2618 279 2680 sionem
305 2642 332 2694 a,
350 2618 381 2680 id
401 2628 448 2681 est
468 2620 581 2683 divinae
602 2620 775 2702 majestatis
801 2622 907 2686 landa·
964 2620 1139 2701 reliquisti3
1156 2639 1279 2684 memor
1297 2630 1365 2685 esto
1389 2622 1494 2703 itaque
1520 2619 1604 2683 unde
1627 2619 1710 2682 exci-

53 2732 147 2778 tans.
161 2716 288 2796 tionem,
312 2717 399 2797 juxta
424 2717 501 2780 illud
523 2742 530 2779 :
554 2718 736 2781 Confitebor
760 2718 826 2797 tibi,
849 2721 908 2783 Do
963 2719 1047 2781 deris
1066 2728 1097 2781 et
1116 2719 1333 2801 poenitentiam
1352 2738 1422 2800 age.
1439 2719 1580 2799 Itemque
1605 2718 1649 2781 ait
1669 2718 1709 2781 ad

37 2830 146 2883 annas.
161 2814 254 2892 mine,
274 2814 307 2876 in
325 2822 388 2879 toto
404 2818 499 2879 corde
515 2836 601 2893 mco;
619 2826 650 2880 et
664 2818 740 2881 item
753 2841 760 2879 :
773 2817 906 2881 Psallam
964 2819 1133 2898 quemdam
1151 2841 1158 2879 ι
1176 2818 1249 2880 Scio
1267 2836 1364 2898 opera
1383 2824 1446 2895 tua,
1463 2816 1538 2898 qnia
1557 2836 1616 2879 nec
1636 2817 1711 2879 cali·
1739 2837 1796 2881 rosc.
1824 2851 1855 2887 n.

160 2912 221 2975 ileo
246 2931 321 2975 meo
344 2914 493 2994 quamdiu
525 2935 606 2977 snm.
634 2916 817 2979 Confitebor
839 2916 906 2995 tibi,
963 2915 1022 2976 dns
1054 2934 1089 2977 es
1118 2934 1220 2997 neque
1250 2914 1405 2996 frigidns3
1436 2916 1492 2977 sed
1521 2935 1608 2978 nunc
1636 2903 1802 2996 qnia¹⁵·¹⁰·

160 3012 386 3073 omnebonum
412 3012 467 3074 tibi
492 3022 580 3094 grata
605 3020 709 3077 mente
735 3033 771 3077 ac
797 3014 944 3077 humilii]
964 3012 1088 3093 tepidus
1118 3033 1163 3090 es,
1189 3013 1339 3095 incipiam
1368 3022 1399 3077 te
1423 3033 1569 3078 evomere
1594 3015 1710 3079 deora

160 3109 378 3189 adscribendo,
410 3110 487 3173 mihi
518 3112 576 3193 ipsi
605 3130 679 3175 vcro
709 3112 848 3175 deficere
877 3122 908 3176 et
964 3130 1046 3173 meo.
1071 3110 1150 3173 ilinc
1175 3112 1215 3174 ad
1240 3112 1387 3177 llebraeos
1412 3113 1556 3176 hortatur
1580 3114 1711 3194 Aposto

37 3214 91 3319 „⁶²³¹
108 3230 145 3267 nn.
160 3226 291 3289 peccam
308 3210 393 3271 etad
413 3228 508 3272 omne
528 3211 647 3273 malum
667 3210 816 3273 exsistere
837 3230 907 3292 pro-
964 3210 1013 3271 lus
1031 3232 1037 3271 :
1055 3210 1297 3273 Consideremus
1313 3210 1451 3275 invicem
1465 3210 1500 3273 in
1516 3211 1712 3292 provocatio
1725 3229 1856 3279 neman.

57 3308 62 3317 '
160 3324 245 3367 num.
262 3306 317 3368 Sic
332 3325 457 3387 quoqne
473 3308 651 3371 confitebor
665 3307 719 3371 tibi
735 3307 908 3371 confessio
965 3326 1037 3369 nem
1060 3307 1199 3370 caritatis
1220 3316 1252 3370 et
1272 3308 1429 3373 bonorum
1451 3327 1594 3390 operum.

158 3422 197 3465 ne
221 3403 359 3484 proprie
385 3405 497 3486 culpa,
524 3406 612 3487 juxta
639 3406 725 3486 qnod
755 3406 907 3487 scriptum
1004 3406 1035 3467 Si
1054 3405 1199 3467 amabilis
1217 3414 1266 3469 est
1287 3414 1441 3487 creatura,
1457 3424 1565 3471 nonne
1588 3408 1620 3469 in
1640 3407 1713 3470 inli-

37 3502 327 3579 n.1u1,s.est:iliui,
350 3502 532 3567 Confitebor
556 3506 723 3567 adversum
750 3523 801 3567 me
826 3504 908 3585 injn-
964 3504 1064 3567 nilum
1095 3504 1260 3567 amabilior
1284 3512 1332 3566 est
1361 3504 1505 3568 Creatori
1530 3505 1607 3587 Ejus
1636 3524 1712 3587 ergo

158 3601 273 3663 stitiam
296 3620 401 3665 meam
415 3602 558 3665 Domino.
576 3601 666 3683 Nam,
684 3612 717 3664 ut
733 3602 764 3664 in
780 3603 907 3665 Prover·
964 3601 1149 3680 bonitatem,
1180 3601 1417 3679 amabilitatem,
1448 3601 1649 3664 dulcedinem
1681 3610 1712 3665 et

73 3714 131 3758 rme.
159 3699 215 3761 biis
235 3719 423 3783 expressum
443 3708 502 3779 est,
520 3700 573 3782 qui
598 3700 764 3763 abscondit
788 3700 908 3763 scelera
964 3698 1125 3776 decorem,
1141 3718 1269 3762 omnem
1284 3698 1384 3780 ipsius
1406 3698 1619 3778 dilectionem,
1636 3699 1713 3764 libe·

37 3788 91 3827 Μ’·
114 3783 142 3823 ¹³·
158 3817 223 3877 sna,
244 3818 314 3861 non
338 3798 509 3879 dirigetur3
532 3799 585 3880 qni
610 3807 716 3863 antem
743 3797 908 3862 confessus
965 3796 1522 3879 ralitatemetgratiamsnpergenus
1536 3798 1711 3861 humanum

158 3894 251 3959 luerit
266 3905 300 3959 et
320 3896 483 3977 reliquerit
501 3916 549 3975 ea,
567 3897 813 3961 misericordiam
834 3916 908 3961 con·
964 3894 1129 3958 sinceriter
1148 3895 1412 3977 contemplemur,
1430 3896 1539 3977 sicque
1558 3897 1712 3960 accenda-

37 4008 143 4063 aenms.
158 4002 318 4075 sequetur.
336 3994 410 4057 ldeo
434 4003 562 4059 sauctus
586 3996 643 4059 lob
665 3996 818 4077 protulit:
836 3996 908 4058 vias
965 4012 1036 4055 mur
1055 3993 1088 4055 in
1113 4012 1161 4057 eo.
1179 3993 1267 4069 Quod
1291 3994 1318 4057 si
1343 4014 1403 4057 nec
1427 3993 1470 4056 ita
1494 3994 1709 4073 accendimur,

37 4074 57 4113 ’ὰ
158 4110 242 4155 meas
267 4092 304 4154 in
330 4100 502 4175 conspectu
526 4094 597 4175 ejus
621 4113 762 4175 arguam,
784 4102 816 4157 et
840 4094 908 4175 ipse
964 4092 1150 4155 invocemus
1170 4092 1344 4155 bonitatem
1370 4092 1441 4174 ejus
1465 4092 1653 4156 immensam
1678 4101 1713 4156 ut

157 4190 215 4251 crit
244 4190 385 4254 salvator
408 4210 508 4255 mens.
527 4193 573 4255 Ad
597 4192 657 4255 hoc
684 4192 827 4255 hortatur
850 4211 908 4255 nos
923 4197 948 4259 D
964 4190 1031 4271 ipse
1061 4208 1120 4252 nos
1150 4189 1352 4253 inflammare
1380 4191 1549 4274 dignetur3
1575 4192 1712 4273 suspire

37 4294 105 4341 raven.
116 4313 143 4351 ιιι,
157 4287 309 4352 ieremias
327 4313 335 4351 :
353 4290 537 4353 Scrntemnr
550 4290 617 4355 vias
632 4300 767 4367 nostras,
783 4300 814 4353 et
828 4309 909 4371 quse
964 4306 1035 4350 mus
1060 4289 1100 4351 ad
1125 4289 1230 4370 ipsum
1254 4288 1390 4370 assidue,
1407 4288 1582 4353 affectuose
1605 4290 1712 4354 dicen-

37 4362 55 4409 ⁰¹
67 4364 97 4403 ‘¹'
157 4406 263 4451 ramus
289 4396 322 4450 et
342 4396 538 4451 revertamur
559 4390 598 4451 ad
618 4389 908 4465 Domiunm31eve-
963 4396 1043 4450 tes:
1071 4387 1622 4469 odulcissimeneus‚qusnd0te
1646 4396 1711 4452 toto

156 4504 226 4549 mus
242 4488 343 4550 corda
358 4494 466 4550 nostra
481 4507 554 4551 cum
575 4488 721 4551 manibus
743 4488 782 4549 ad
804 4487 907 4550 Domi·
963 4486 1057 4549 corde
1088 4486 1292 4548 amabimusl
1318 4486 1432 4565 Sicque
1455 4486 1622 4548 decantato
1651 4486 1711 4549 hoc

155 4602 232 4647 num
254 4585 289 4647 in
312 4585 422 4649 coelos.
962 4584 1093 4665 hymno,
1118 4583 1281 4645 Missurum
1308 4583 1458 4646 solenniis
1485 4602 1559 4645 cum
1588 4602 1712 4645 summa

193 4686 414 4745 Flammescat
439 4686 668 4761 ipnecnritas,
688 4685 797 4761 idest,
819 4702 908 4747 amor
963 4682 1132 4745 devotione
1157 4681 1308 4744 interesse
1333 4700 1369 4743 nc
1393 4680 1529 4762 jubilare
1552 4681 1711 4745 ditissimo

157 4781 344 4862 spiritualis,
353 4780 490 4861 divinus,
500 4782 624 4845 inlusus
640 4782 827 4862 inardescat,
840 4802 907 4844 cre-
962 4797 1027 4842 non
1049 4778 1247 4842 difleramus.
