4309 6259
583 478 741 527 axrosmo
763 478 861 525 urum
885 486 891 523 :
915 478 1048 525 ornrms
1071 479 1160 526 vous
1183 480 1303 529 ornum
1676 464 1714 528 bl

170 643 218 705 nis
233 645 436 709 acerbitatem
452 654 483 709 et
497 647 721 729 abjectionem,
734 649 824 730 juxta
838 648 916 711 illud
932 650 954 710 A
972 669 1036 713 sua
1055 651 1272 731 humanitatis,
1289 649 1406 713 mansit
1425 658 1530 713 tamen
1548 649 1714 714 nobiscum

29 742 368 806 ueu·.=1.s.a‹tuobrae0s
386 768 392 807 :
410 744 561 808 Videmus
576 748 680 809 lesum
697 756 824 829 propter
846 767 916 829 pas-

169 840 291 903 sionem
304 843 414 905 mortis
425 843 525 923 gloria
540 852 570 906 et
586 845 704 909 honore
717 854 912 908 coronatum.

25 949 153 1003 Philtra-11.
169 938 254 1001 Unde
275 959 383 1002 rursus
398 941 441 1003 ait
454 941 624 1025 Apostolus
640 966 648 1005 ε
666 943 849 1005 Humiliarit
869 964 913 1022 se,

25 1012 44 1059 ⁸*
56 1014 77 1053 ⁹·
169 1036 271 1099 factus
285 1038 437 1101 obediens
452 1060 552 1121 usque
567 1042 606 1103 ad
621 1050 772 1119 mortem3
789 1050 915 1123 proptor

168 1135 250 1215 quod
266 1144 297 1197 et
311 1137 393 1199 Deus
408 1139 558 1201 exaltavit
573 1140 675 1201 illum.
689 1138 793 1203 Nihilo
809 1141 914 1201 minus

168 1232 271 1295 omnis
286 1234 434 1298 exaltatio
445 1244 476 1299 et
491 1236 736 1299 honorificentia
752 1238 806 1299 illa
820 1237 914 1299 debe-

168 1330 260 1393 batur
273 1332 368 1395 etiam
383 1333 497 1396 Christi
510 1335 697 1397 humanitati
714 1335 834 1398 ratione
849 1354 913 1397 sua

168 1427 371 1509 hypostatica
386 1432 514 1495 unionis
529 1452 602 1495 curn
618 1434 719 1496 Verbo
734 1441 862 1513 aeterne,
876 1452 912 1495 ex

167 1545 229 1607 qua
243 1527 392 1609 praelatus
407 1528 468 1591 fuit
482 1531 567 1593 omui
584 1531 648 1593 enti
665 1540 780 1594 creato.

206 1630 352 1702 Agamus
366 1646 442 1705 erpo
454 1632 582 1705 gratias
598 1638 716 1689 nostrae
731 1631 847 1689 solutis
856 1633 912 1690 Ju-

166 1726 246 1792 dt'ct,
262 1724 322 1787 hoc
337 1733 385 1786 est
399 1725 522 1789 Christo
542 1745 598 1808 pro
618 1726 682 1789 suis
702 1726 812 1789 electis
832 1728 913 1789 salu-

970 767 1026 829 per
1042 768 1149 811 veram
1169 756 1201 811 et
1220 748 1337 811 realem
1358 749 1391 810 in
1413 749 1616 810 Sacramento
1639 767 1717 829 prae-

969 846 1116 925 sentiam,
1138 866 1195 927 per
1214 848 1385 928 gratiosam
1410 865 1537 927 quoque
1560 845 1716 907 inhabita-

970 944 1100 1022 tionem,
1117 952 1149 1006 et
1163 964 1227 1007 suaa
1241 945 1368 1007 deitatis
1382 944 1581 1025 majestatem
1598 943 1716 1023 ubique

968 1052 1167 1123 praesentem.
1189 1043 1276 1106 Unde
1300 1044 1384 1125 apud
1408 1043 1588 1105 Matthaeum
1612 1049 1715 1123 prote-

968 1147 1068 1203 statur
1089 1164 1097 1203 ε
1116 1141 1199 1203 Ecce
1222 1159 1283 1222 ego
1306 1140 1471 1203 vobiscum
1495 1159 1566 1201 sum
1590 1139 1714 1202 cunctis
1748 1166 1833 1213 uma,

967 1238 1079 1300 diebus
1095 1258 1195 1318 usque
1210 1240 1249 1301 ad
1265 1238 1573 1301 consummationem
1588 1236 1712 1315 seculi3
1727 1243 1800 1281 ¹⁸¹⁸·
1811 1234 1846 1275 ²⁰·

967 1346 997 1398 et
1022 1336 1097 1399 alibi
1126 1360 1133 1399 ε
1161 1336 1228 1401 Nou
1257 1356 1313 1400 ros
1339 1336 1516 1417 relinquam
1541 1336 1713 1418 orphanos,
1732 1362 1861 1418 mm

967 1435 1059 1513 rado,
1076 1444 1109 1497 et
1130 1435 1223 1497 renio
1245 1436 1284 1497 ad
1307 1453 1374 1498 vos
1730 1428 1806 1473 ’Μ’-

1007 1536 1106 1597 Num
1121 1536 1306 1610 provocatis
1328 1536 1454 1594 cotibus
1475 1534 1641 1595 Christum
1660 1553 1713 1593 ecc-
1780 1529 1798 1583 8

966 1619 1110 1707 spectare
1138 1652 1195 1692 nos
1218 1635 1306 1711 dccet
1332 1652 1343 1690 .·
1368 1631 1399 1692 id
1425 1639 1483 1709 cst,
1509 1630 1657 1710 congruit
1681 1639 1716 1692 ut

967 1728 1126 1791 Christum
1141 1736 1360 1810 exspectemus
1377 1748 1434 1810 per
1448 1748 1537 1810 spem
1552 1738 1584 1791 et
1598 1728 1715 1792 bonam

166 1820 264 1883 briter
287 1822 444 1901 judicanti
468 1848 474 1886 :
496 1824 550 1905 qui
575 1832 622 1886 εει
645 1824 741 1906 judex
762 1847 778 1883 «
799 1833 913 1887 nostra
930 1828 953 1889 B
968 1827 1244 1890 conversationem
1267 1845 1432 1908 quousque
1452 1846 1509 1889 nos
1529 1826 1646 1903 visitet,
1665 1827 1714 1889 rel

166 1920 277 1981 salutis
304 1942 332 1997 ε,
354 1922 427 2002 quia
453 1922 485 1983 in
510 1930 663 2004 potestate
688 1923 759 2004 ejus
783 1931 831 1985 est
856 1942 913 1985 uos

165 2018 337 2099 jrrdicando
353 2020 474 2082 salvaro
489 2028 521 2082 et
534 2040 592 2083 nos
608 2021 701 2083 saluti
717 2020 910 2102 adjudicare.

166 2116 270 2197 Aliqui
288 2126 391 2179 tamen
406 2118 514 2199 legunt
526 2122 648 2191 Indici,
656 2120 686 2182 id
699 2128 746 2181 cst
757 2119 911 2183 ostensori

166 2223 280 2277 nostrae
296 2216 502 2298 salutis,quia
516 2217 655 2280 ostendit
669 2218 741 2298 quis
757 2225 913 2280 mereatur

166 2312 310 2375 salutem.
338 2317 497 2375 Nostrum
521 2319 608 2394 quod
631 2335 749 2392 corpus
773 2318 912 2386 cenarit,

165 2409 225 2471 boc
241 2418 288 2471 cst
306 2412 345 2472 de
364 2411 424 2473 boc
445 2412 529 2492 quod
550 2429 664 2494 corpus
684 2432 776 2475 suum
799 2414 913 2495 perdu-

165 2506 220 2585 xit,
233 2508 369 2571 elevavit
383 2528 419 2571 ac
437 2509 608 2589 transtulit,
615 2512 782 2571 sublimem
798 2514 842 2571 ad
854 2532 913 2571 coz-

166 2606 192 2664 a·
208 2608 343 2683 regiam,
353 2606 412 2670 hoc
428 2614 475 2669 est
490 2608 528 2669 ad
543 2608 638 2669 altam
653 2608 758 2670 aulam
773 2608 911 2689 regalem

165 2703 237 2765 ooeli
253 2704 403 2787 empyrei.
420 2706 460 2766 At
478 2723 553 2769 vero
572 2724 687 2787 corpus
706 2706 819 2767 Christi
834 2706 914 2769 dioi-

166 2808 216 2863 tur
235 2824 252 2861 u
269 2821 384 2885 corpus
403 2812 546 2866 nostrum
564 2826 592 2884 o,
609 2804 682 2885 quia
702 2804 846 2885 ejusdem
865 2813 912 2866 εει

166 2900 285 2982 ερεείεἰ
312 2919 386 2963 cum
405 2920 537 2983 corpore
556 2910 675 2982 nostro,
691 2910 722 2963 et
741 2901 910 2965 formatum

968 1924 1000 1985 in
1023 1933 1136 2005 morte,
1155 1934 1228 1987 tuno
1249 1932 1373 1987 nostras
1397 1924 1520 1986 animas
1542 1924 1715 2005 judicando

968 2023 1151 2105 particulari
1178 2022 1313 2103 judicio,
1341 2023 1390 2085 rel
1420 2023 1562 2104 quotidie
1587 2022 1715 2084 iuterim

967 2140 1023 2201 per
1041 2121 1151 2201 gratia.
1178 2120 1370 2183 inlusionem
1392 2139 1447 2181 seu
1470 2120 1713 2200 incrementum,

968 2218 1034 2279 sive
1051 2238 1108 2300 per
1122 2218 1373 2281 consolationem
1384 2218 1579 2294 internarn,«
1591 2216 1715 2279 actibus

967 2316 1147 2397 provocatis
1160 2340 1188 2395 o,
1199 2315 1231 2377 id
1243 2324 1291 2377 est
1302 2315 1394 2378 bonis
1409 2315 1558 2397 operibus
1574 2315 1607 2376 in
1621 2314 1714 2377 nobis

968 2413 1111 2476 excitatis
1131 2422 1163 2475 et
1182 2413 1403 2492 inflammatis,
1425 2436 1442 2472 «
1463 2432 1549 2474 nunc
1569 2436 1598 2492 ε,
1615 2414 1645 2474 id
1667 2421 1716 2475 est

969 2511 1000 2573 in
1017 2511 1086 2573 istis
1102 2511 1266 2591 solenniis,
1283 2520 1318 2572 ut
1337 2510 1462 2573 scilicet
1480 2530 1519 2573 ex
1537 2511 1716 2573 considera-

968 2611 1053 2673 tione
1072 2610 1269 2673 ascensionis
1288 2608 1402 2671 Christi
1423 2617 1454 2671 et
1472 2608 1716 2689 glorificationis

967 2708 1037 2789 ejus
1060 2728 1118 2790 per
1137 2727 1227 2769 suam
1248 2707 1494 2789 ignominiosam
1520 2708 1714 2789 passionem,

966 2806 1205 2869 acerbissimam
1237 2806 1449 2869 afflictionem
1484 2813 1517 2868 et
1550 2806 1717 2868 conculca-

967 2904 1097 2981 tionem,
1128 2922 1337 2987 provocemur
1371 2913 1402 2965 et
1437 2902 1649 2966 accendamur
1675 2905 1715 2967 ad

165 3016 200 3059 ac
217 3006 378 3080 sumptum
393 3018 430 3061 ex
450 3018 580 3083 corpore
597 3000 734 3081 Virginis
753 3000 909 3081 gloriosae,
930 3002 1124 3083 cogendum
1139 3001 1333 3082 viriliter,ad
1346 3002 1567 3065 sustinendum
1582 3002 1715 3064 adversa

165 3095 257 3176 cujus
278 3115 393 3179 corpus
412 3097 568 3178 processit
590 3116 627 3158 ex
652 3097 772 3159 semine
798 3098 912 3178 primo

165 3208 234 3255 rum
254 3203 433 3276 pareutum,
450 3214 488 3257 ex
506 3214 569 3277 quo
590 3195 775 3277 prodierunt
794 3204 824 3257 et
844 3215 912 3258 cor-

163 3310 240 3373 pora
260 3300 376 3355 nostra.
393 3293 524 3375 Propter
544 3293 627 3375 quod
653 3294 692 3355 de
717 3293 840 3357 Christo
864 3294 911 3356 di-

25 3402 91 3446 nam.
104 3416 118 3453 ι,
128 3406 147 3446 a.
164 3389 246 3451 citur
264 3390 303 3452 ad
324 3390 480 3455 Romanos
498 3414 505 3453 ε
522 3391 634 3453 Factus
658 3398 706 3453 est
730 3412 767 3453 ex
789 3392 909 3455 semine

163 3487 273 3566 David,
291 3488 467 3550 secuudum
487 3507 626 3551 carnem.
643 3488 807 3571 Quumque
828 3490 911 3552 exal·

163 3584 240 3647 tatio
255 3585 398 3666 corporis
413 3585 529 3648 Christi
545 3586 586 3648 sit
600 3587 746 3650 exaltatio
767 3588 909 3669 corporis

162 3683 396 3763 quodammodo
411 3685 523 3765 nostri,
540 3693 634 3767 atque
649 3686 819 3768 exemplar,
837 3705 909 3767 spes

162 3790 193 3843 et
220 3783 301 3845 ratio
335 3782 449 3845 futurae
482 3784 679 3847 exaltationis
707 3784 908 3867 propriorum

162 3898 330 3962 corporum
356 3888 547 3963 nostrorum,
568 3882 720 3945 debemus
740 3882 779 3944 de
798 3902 910 3964 prove-

162 3979 267 4041 ctione
283 3980 424 4061 corporis
446 3979 559 4043 Christi
581 3981 640 4062 ipsi
663 3981 786 4044 Christo
806 4002 910 4063 regra-

162 4076 245 4140 tiari.

965 3099 1119 3179 hilariter,
1136 3100 1175 3162 ad
1201 3100 1399 3179 sequendum
1423 3098 1583 3161 Christum
1609 3118 1715 3180 perse

965 3206 1121 3277 verenter,
1137 3197 1191 3279 qui
1212 3196 1355 3270 ait10ui
1377 3197 1456 3258 mibi
1476 3197 1646 3277 ministrat,
1663 3216 1714 3259 me
1744 3220 1804 3262 uu.
1822 3234 1860 3271 xx.

964 3303 1125 3377 sequatur,
1140 3296 1221 3377 [quia
1239 3313 1304 3357 uon
1325 3303 1373 3357 est
1397 3314 1509 3358 servus
1534 3295 1637 3376 major
1659 3296 1714 3358 do
1727 3285 1817 3335 ²⁶⁵¹¹¹¹·
1827 3286 1859 3327 ¹⁶·

963 3395 1051 3458 mino
1066 3413 1135 3457 suo.
1148 3394 1236 3457 Unde
1250 3394 1295 3455 ait
1309 3393 1479 3476 Apostolus
1495 3396 1534 3455 ad
1548 3394 1710 3457 Hebraeos:

963 3493 1206 3557 Consideremus
1230 3492 1369 3555 invicem
1393 3492 1426 3553 in
1453 3492 1712 3573 provocationem
1725 3513 1860 3565 aeonas.

963 3591 1103 3654 caritatis
1125 3600 1155 3653 et
1171 3592 1326 3655 bonorum
1347 3609 1479 3671 operum
1493 3612 1501 3666 ς
1517 3590 1657 3670 itemque
1671 3592 1711 3653 ad

962 3688 1120 3751 Romanos
1144 3712 1151 3750 ε
1175 3688 1207 3749 Si
1233 3688 1455 3769 compatimur,
1482 3695 1514 3749 et
1538 3705 1711 3768 conregna·
1735 3727 1800 3770 Rom·
1815 3741 1857 3780 „g

962 3785 1078 3849 bimus.
1100 3785 1179 3849 Hinc
1204 3794 1237 3848 et
1261 3784 1512 3866 archiapostolus
1531 3784 1639 3848 Petrus
1662 3793 1710 3847 est
1724 3790 1858 3841 ttsttrim·

963 3884 1087 3948 locutus
1114 3908 1121 3946 :
1149 3883 1290 3945 Christus
1315 3902 1427 3964 passus
1451 3891 1500 3945 est
1523 3899 1581 3963 pro
1604 3881 1707 3963 nobis,
1722 3855 1861 3974 }¹’,‚¹,²,',‚„'„‚

962 3983 1052 4046 vobis
1067 3981 1252 4061 relinquens
1266 3979 1460 4063 exemplum,
1477 3987 1511 4040 ut
1531 3980 1709 4061 sequamini

961 4079 1097 4161 vestigia
1124 4078 1204 4159 ejus
1245 4079 1380 4157 Vitaque
1410 4080 1472 4137 tati
1499 4079 1620 4148 vivere,
1648 4078 1709 4141 boc

201 4178 254 4239 Sit
270 4176 361 4237 nobis
375 4197 448 4237 cum
463 4180 641 4239 caelestibus
655 4198 823 4239 commune
844 4200 909 4239 ma·
922 4184 947 4246 I)
962 4186 1020 4257 est,
1038 4176 1153 4254 taliter,
1171 4184 1234 4239 tam
1256 4194 1335 4257 pure
1355 4184 1387 4237 et
1411 4173 1627 4258 spiritualiter,
1645 4174 1710 4239 imo

161 4294 242 4336 nens
263 4276 439 4352 goudium,
459 4276 520 4338 huc
545 4283 603 4355 est,
627 4276 686 4340 hoc
713 4299 730 4337 «
755 4277 907 4359 gaudium

963 4285 1025 4339 tam
1050 4273 1307 4339 christiformiter
1330 4272 1522 4354 conversari,
1548 4295 1620 4354 quoe
1644 4274 1710 4337 vita

161 4391 331 4436 commune
347 4394 375 4450 s,
391 4372 422 4435 id
437 4380 486 4436 est
499 4374 657 4455 generalis
671 4374 854 4456 jucunditas
868 4376 908 4439 de
958 4377 1059 4453 possit
1084 4378 1176 4435 caetos
1203 4375 1369 4443 scandere,
1395 4372 1427 4435 id
1455 4380 1513 4451 est,
1538 4372 1708 4453 gloriosam

161 4488 199 4535 eo
224 4470 309 4553 quod
333 4470 478 4553 protinus
504 4471 660 4551 subditur,
678 4494 694 4532 a
711 4473 753 4536 sit
775 4492 907 4537 manens

161 4568 254 4633 nobis
270 4592 299 4649 n,
316 4567 450 4649 honest,
468 4578 709 4652 perseveranter
724 4571 800 4633 insit
815 4580 907 4653 atquo

160 4666 314 4731 inhaereat
328 4668 430 4747 nobis,
448 4691 465 4728 a
481 4688 553 4731 curn
569 4669 751 4733 coelestibus
768 4692 796 4751 ε,
813 4670 908 4735 idest

161 4785 234 4831 cum
264 4766 389 4829 civibus
415 4768 503 4849 regni
529 4767 678 4846 coelestis,
704 4768 744 4830 de
772 4768 906 4852 Christo,

160 4871 273 4947 utputa
292 4865 331 4926 de
351 4865 411 4928 boo
429 4869 517 4944 quod
526 4869 740 4944 praesentavit
755 4868 828 4948 (hoc
848 4878 906 4950 est,

160 4971 350 5046 presentem
365 4962 520 5042 exhibuit)
540 4966 656 5024 saillis
675 4964 707 5027 iu
728 4985 785 5029 sua
800 4985 908 5030 ascen-

161 5062 263 5140 sione,
280 5060 364 5123 sicut
377 5061 554 5142 expositum
576 5071 634 5144 εει,
651 5071 681 5125 ει
696 5070 782 5145 quod
796 5088 828 5127 se
843 5088 908 5127 noo

161 5160 298 5219 abstulit
317 5160 416 5221 nobis.
434 5157 583 5231 Quamvis
602 5160 688 5223 euim
707 5180 771 5225 non
791 5165 908 5227 mansit

162 5255 330 5319 nobiscum
365 5274 424 5337 per
457 5256 617 5320 visibilem
652 5260 906 5325 coexsistentiam

962 4474 994 4535 in
1020 4471 1136 4536 coelum
1161 4470 1382 4534 ascensionem
1406 4477 1647 4553 promereatur:
1664 4479 1709 4534 ει-

962 4572 1048 4635 enim
1063 4570 1118 4652 qui
1134 4590 1167 4633 se
1182 4569 1260 4634 dicit
1274 4570 1307 4631 in
1322 4567 1445 4631 Christo
1459 4588 1598 4649 manere,
1615 4569 1709 4633 debet
1728 4592 1854 4649 riman,

962 4670 1043 4733 sicut
1057 4668 1112 4731 ille
1132 4667 1306 4731 ambulavit
1324 4675 1355 4729 et
1373 4666 1442 4748 ipse
1457 4666 1629 4731 ambulare.
1721 4661 1743 4703 ⁶·

1000 4769 1108 4849 ltaque
1123 4764 1321 4829 conversatio
1337 4772 1445 4827 nostra
1459 4764 1493 4826 iu
1508 4764 1597 4827 coelis
1613 4766 1664 4844 sit,
1676 4775 1708 4829 et
1721 4792 1853 4848 paripate,

962 4866 1152 4949 impleamus
1167 4863 1246 4925 illud
1256 4862 1399 4944 Apostoli
1414 4863 1453 4925 ad
1468 4861 1571 4924 Titum
1581 4863 1707 4927 :Sobria
1720 4857 1803 4959 'hm
1820 4918 1844 4959 Η

961 4974 992 5029 ει
1005 4965 1090 5047 juste
1104 4971 1135 5026 et
1149 4962 1202 5044 pie
1215 4961 1362 5023 vivamus
1381 4960 1414 5022 in
1433 4960 1494 5023 boc
1514 4960 1639 5041 saeculo,
1656 4982 1708 5024 ex·
1722 4982 1755 5022 rs.
1805 4948 1811 4968 ’
1847 4946 1853 4969 ⁸

962 5070 1141 5148 spectantes
1156 5061 1280 5123 beatam
1296 5078 1385 5141 spem
1405 5066 1437 5121 ει
1455 5059 1627 5121 adventum
1641 5058 1709 5141 glo-

962 5164 1016 5227 riae
1039 5160 1147 5243 magui
1172 5158 1237 5221 Dei.
1254 5158 1298 5219 Ex
1321 5155 1588 5238 contemplatione
1612 5157 1709 5238 igitur
1720 5216 1846 5275 mmm

962 5263 1142 5326 divinorum
1171 5278 1208 5321 ac
1232 5265 1420 5319 aeternorum
1444 5274 1650 5336 aspernemur
1674 5262 1708 5316 ut
1721 5282 1742 5325 s,
