4309 6259
359 514 399 559 aa
419 514 577 564 nummo
598 516 635 562 ar
655 515 821 564 nromrara
841 514 956 573 ulam,
980 516 1067 562 urana
1088 516 1119 562 rr.
1143 535 1183 545 -
1204 516 1273 563 lar.
1296 516 1393 575 xxvii,
1416 516 1513 563 xxvnr
1650 498 1706 561 tot

45 700 115 749 rant.
127 701 147 741 s.
160 681 319 763 passionis
337 682 515 765 declarans,
531 685 679 749 edisserit
697 684 907 747 :vulneratus
922 686 946 747 Α
963 684 1068 748 aliam.
1085 684 1218 748 Habenti
1241 704 1378 767 namque
1399 685 1536 763 dabitur,
1559 693 1590 748 et
1611 684 1710 747 abun-
1736 710 1823 755 natet.

160 787 208 840 est
221 779 399 861 (inquiens)
414 791 542 865 propter
560 783 742 866 iniquitates
760 791 906 860 nostras;
962 783 1069 862 dahit3
1086 784 1114 846 ei
1133 802 1208 847 vero
1227 784 1281 865 qui
1300 802 1364 847 non
1384 782 1490 864 hahet,
1510 784 1606 847 etiam
1626 783 1709 864 quod
1724 786 1773 825 ω·
1787 776 1822 817 ²⁹·

160 877 254 959 cujus
273 878 375 943 livore
396 881 499 944 sanati
522 900 644 944 sumus.
962 880 1088 944 videtur
1101 882 1230 959 hahere,
1244 880 1414 945 auferetur.
1428 882 1545 964 ltaque,
1559 900 1623 963 quo
1637 888 1711 943 ante

199 975 345 1057 Amplius
372 987 489 1059 autem,
515 980 556 1042 ab
583 979 655 1062 ipso
683 980 834 1043 adorandi
858 978 907 1041 sui
963 979 1112 1042 Paracleti
1130 981 1302 1042 adventum
1317 987 1384 1043 erat
1398 980 1431 1041 in
1446 980 1541 1043 llaria
1561 980 1711 1043 sanctitas

159 1072 231 1135 Filii
255 1092 311 1137 ore
333 1075 502 1139 benedicto
524 1078 593 1140 haec
617 1078 753 1139 ubertim
772 1077 906 1156 audivit,
962 1078 1123 1157 mundior,
1146 1076 1247 1159 gratia
1268 1076 1404 1158 plenior,
1428 1077 1585 1159 sapientia
1606 1077 1712 1159 splen-

159 1170 293 1252 ejusque
318 1173 510 1255 passionem,
533 1175 662 1238 etitem
686 1194 760 1238 mox
784 1183 908 1238 secutu-
962 1174 1078 1254 didior,
1104 1194 1142 1239 eo
1166 1192 1293 1256 quoque
1316 1193 1380 1258 pra
1405 1175 1519 1237 ceteris
1547 1175 1580 1237 in
1609 1174 1711 1257 ipsius

160 1288 227 1331 ram
252 1272 529 1353 resurrectionem,
555 1272 683 1355 plenius
706 1273 747 1335 ab
772 1272 854 1354 ipso,
880 1273 907 1335 si
962 1273 1112 1352 adventu,
1128 1272 1161 1333 in
1177 1272 1228 1334 his
1243 1272 1378 1353 singulis
1393 1272 1561 1335 sublimius
1577 1272 1711 1335 exaltata

45 1386 62 1431 t.
72 1385 96 1437 u,
106 1390 146 1429 ae.
159 1366 334 1447 prohabita
356 1368 416 1432 rite
440 1369 640 1452 firmiterque
664 1370 801 1433 deducta
822 1378 906 1451 sunt,
962 1378 1020 1433 est.
1046 1369 1157 1451 Igitur,
1187 1369 1215 1432 si
1242 1378 1315 1432 ante
1340 1368 1435 1433 Verbi
1460 1369 1710 1434 incarnationem

45 1462 58 1493 l.

160 1466 357 1546 recognovit.
963 1467 1059 1549 plena
1086 1468 1188 1549 gratia
1214 1467 1340 1530 coelitus
1370 1467 1503 1530 salutata
1532 1477 1591 1547 est,
1617 1476 1710 1551 atque
1724 1488 1843 1541 reeens.
1908 1458 1915 1473 ⁹

963 1565 997 1627 in
1017 1565 1072 1628 llei
1093 1566 1314 1648 conceptione,
1331 1574 1437 1629 mente
1456 1574 1629 1648 ventreque
1648 1567 1712 1630 Deo

326 1676 573 1742 ARTICULUS
600 1678 742 1742 XXVII,
964 1662 1095 1745 repleta,
1116 1682 1180 1727 non
1205 1663 1289 1726 aliud
1311 1682 1408 1727 cerno
1427 1682 1522 1745 quam
1541 1665 1625 1746 quod
1646 1663 1712 1745 jam

965 1762 1156 1843 superplena
1170 1762 1254 1825 facta
1268 1762 1489 1843 sit2quatenus
1505 1763 1605 1825 instar
1619 1763 1715 1845 liqui-

924 1857 996 1921 Boi
1016 1860 1167 1923 elementi
1191 1859 1332 1941 undique
1355 1880 1388 1923 se
1412 1861 1621 1939 diffunderet,
1639 1881 1715 1925 cun-

966 1965 1097 2038 ctosque
1116 1957 1154 2019 ad
1171 1976 1204 2019 se
1219 1965 1361 2021 meantes
1377 1975 1434 2020 suo
1449 1955 1572 2021 effluxu
1587 1957 1713 2021 ditaret.

1005 2056 1045 2117 ht
1075 2073 1164 2132 vero,
1195 2054 1357 2137 Sapientia
1389 2054 1456 2132 Dei,
1487 2054 1629 2117 Christus
1657 2055 1717 2119 Do

159 1817 265 1883 Quam
292 1820 464 1887 excellens,
488 1818 524 1876 in
552 1819 704 1877 missione
726 1819 908 1889 Paracleti,

197 1906 305 1965 otonis
328 1908 499 1981 sapientiae
525 1907 765 1967 incrementum
788 1909 910 1984 deifor-

198 1996 263 2053 mis
282 1996 397 2056 Maria
417 1996 535 2055 sortita
553 1996 672 2073 suerit.

81 2186 146 2225 em,
163 2151 457 2351 OUUMoutem
476 2158 604 2216 venerit
623 2158 680 2216 ille
694 2159 845 2233 Spiritus
859 2178 911 2217 ee·
966 2152 1084 2234 minus,
1106 2162 1178 2215 ante
1202 2152 1352 2215 Paracleti
1377 2152 1579 2233 descensum,
1600 2153 1717 2217 electo-

247 2254 504 2323 rt'tatis‚docebit
520 2273 712 2314 vosomnem
726 2257 908 2317 veritatem.
967 2269 1038 2312 rum
1065 2252 1162 2314 corda
1190 2250 1354 2332 purificari
1383 2259 1415 2313 et
1442 2251 1519 2313 item
1547 2251 1715 2333 praeparari

160 2349 304 2412 Rudibus
327 2350 432 2412 adhuc
452 2350 592 2430 itemque
616 2352 796 2414 carnalibus
818 2352 912 2415 disci·
966 2348 1104 2427 volebat,
1130 2357 1287 2431 quatenus
1313 2368 1386 2411 cum
1411 2348 1478 2411 fide
1504 2350 1640 2430 sincera,
1662 2350 1717 2412 de-

159 2447 245 2529 pulis
270 2447 415 2510 Christus
439 2447 593 2510 Dominus
617 2449 684 2511 haec
709 2449 826 2511 effatus
850 2459 909 2514 est.
967 2455 1181 2529 votoquoque
1197 2455 1290 2528 atque
1305 2446 1442 2509 ferventi
1458 2447 1716 2528 animo,descen·

160 2546 287 2607 Scimus
301 2554 408 2609 autem
429 2546 580 2627 quoniam
596 2546 759 2629 piissimus
773 2548 827 2610 ille
842 2549 912 2630 Spi-
966 2545 1093 2607 dentem
1119 2546 1327 2627 susciperent.
1352 2546 1524 2628 Siquidem,
1547 2546 1592 2607 uti
1614 2546 1714 2608 Lucas

160 2644 240 2707 ritus
276 2644 431 2724 veritatis,
466 2644 522 2726 qui
557 2645 666 2727 utique
700 2646 912 2709 essentialiter
966 2652 1205 2723 commemorat,
1242 2644 1410 2707 redeuntes
1451 2643 1611 2725 discipuli,
1647 2642 1714 2724 jam
1741 2672 1792 2716 aa.
1801 2685 1816 2725 1,
1827 2674 1861 2716 ῃ,

162 2742 323 2823 benignus
338 2741 587 2823 naturaliterque
602 2742 651 2805 sui
665 2742 839 2806 diffusivus
859 2764 912 2807 ex·
965 2741 1089 2804 Christo
1113 2742 1267 2805 coelorum
1295 2742 1357 2804 alta
1383 2742 1537 2823 ingresso,
1563 2760 1582 2803 a
1606 2748 1714 2804 monte
1729 2738 1760 2779 ¹⁴*

160 2840 256 2921 sistit,
264 2858 303 2903 eo
317 2858 445 2903 omnem
461 2839 494 2901 in
509 2858 604 2922 quam
615 2841 817 2904 descenderit
826 2862 911 2905 men·
965 2838 1079 2901 Oliveti
1099 2840 1132 2901 in
1153 2840 1315 2902 civitatem
1337 2846 1490 2919 sanctam,
1513 2839 1545 2900 in
1568 2837 1714 2902 conclavi

159 2946 223 2999 tem
248 2937 474 3001 exuberantius
502 2938 666 3021 adimplet,
692 2958 755 3021 quo
782 2940 911 3022 dignior
965 2936 1020 3000 illo
1030 2938 1206 3019 grandique
1219 2937 1384 3001 coeneoulo
1395 2946 1632 3001 commanentes
1644 2956 1714 3000 omn

158 3043 254 3116 atque
274 3035 422 3117 capacior
445 3035 610 3098 exstiterit.
633 3036 683 3098 Nil
703 3056 799 3119 porro
820 3057 909 3101 men·
928 3032 1154 3097 Cmulierihus
1182 3043 1214 3099 et
1241 3035 1336 3097 llaria
1365 3043 1463 3097 matre
1491 3036 1576 3115 lesu,
1602 3036 1714 3098 decem

160 3141 223 3195 tem
242 3134 284 3197 ad
303 3134 440 3216 Spiritus
466 3134 572 3197 Sancti
595 3136 780 3199 missionem
802 3156 909 3200 susce-
964 3133 1077 3196 diehus
1098 3134 1293 3196 unanimiter
1313 3133 1347 3195 in
1368 3134 1510 3197 oratione
1532 3152 1714 3215 persevera-

157 3233 363 3314 ptionemquc
391 3240 522 3294 eatenus
550 3232 692 3314 disponit
719 3235 764 3296 uti
793 3236 907 3297 ardens
964 3230 1051 3311 bant,
1081 3239 1301 3313 exspectantes
1335 3231 1400 3313 jam
1437 3231 1501 3294 fide
1536 3232 1820 3297 certissimarum.

156 3328 211 3391 Dei
225 3328 368 3392 affectio.
383 3330 543 3393 Elucescit
564 3330 672 3412 igitur,
688 3331 722 3393 in
743 3332 795 3395 die
816 3353 907 3398 sacro
963 3347 1158 3411 prorsusque
1173 3329 1329 3393 immobili
1341 3330 1587 3412 promissionem
1602 3330 1712 3411 Patris,

156 3428 358 3491 Pentecostes
393 3445 431 3490 eo
465 3428 500 3489 in
527 3428 656 3490 llariam
689 3429 906 3493 beatissimam
963 3445 1060 3507 quam
1084 3427 1254 3490 audierunt
1275 3446 1333 3509 per
1355 3447 1391 3492 os
1410 3428 1494 3490 litii.
1515 3428 1588 3502 011ae
1607 3436 1713 3491 autem

157 3524 295 3607 Spiritus
316 3524 423 3588 Sancti
442 3525 527 3589 dona
545 3525 707 3608 copiosius
726 3527 904 3608 influxisse,
962 3544 1054 3588 mens
1087 3526 1233 3588 meditari
1262 3524 1405 3590 sufficiat
1433 3526 1551 3608 ignitos
1585 3526 1713 3589 interim

157 3640 219 3702 quo
240 3622 357 3685 ceteris
380 3622 506 3686 cunctis
530 3623 564 3685 in
588 3624 652 3687 lieo
676 3625 805 3687 sublimi
828 3624 907 3688 affe-
963 3641 1094 3704 precum
1109 3624 1212 3685 hlariea
1226 3624 1353 3686 ardores
1376 3622 1652 3705 calidissimosque
1666 3624 1713 3686 af-

157 3720 299 3783 ctuosior
325 3728 392 3783 erat
424 3743 431 3781 ε
462 3720 598 3802 ideoque
625 3721 672 3801 (ni
704 3722 811 3801 fallor)
839 3723 906 3787 sola
962 3720 1087 3784 fectusf
1103 3720 1234 3803 Nempe,
1245 3740 1308 3803 quo
1323 3721 1458 3784 Unicum
1472 3740 1566 3784 suum
1581 3729 1713 3784 aestuan·

156 3817 227 3899 plus
251 3826 326 3880 tunc
348 3818 488 3900 suscepit
512 3837 608 3900 quam
630 3819 725 3882 simul
750 3821 904 3885 universi.
962 3819 1025 3882 tius
1039 3819 1161 3898 dilexit,
1178 3838 1216 3883 eo
1237 3818 1375 3882 fructum
1391 3820 1550 3901 passionis
1572 3818 1711 3901 ejusqui

156 3915 224 3979 Non
245 3916 333 3978 enim
354 3916 465 3979 dubito
486 3916 605 3995 dicere,
621 3918 720 3980 solam
743 3919 906 3981 ardentius
962 3917 1074 3979 mundi
1097 3916 1182 3980 salus
1206 3924 1265 3997 est,
1289 3916 1461 3980 cordialius
1485 3916 1615 3999 optavit.
1639 3917 1711 3979 llaec

157 4013 305 4075 omnihus
324 4014 423 4075 Deum
445 4032 579 4077 amasse.
596 4014 733 4095 Etenim,
749 4015 776 4076 si
791 4016 905 4079 Christi
961 4024 1080 4094 autam,
1111 4015 1174 4078 nisi
1206 4014 1326 4098 Spiritu
1359 4014 1474 4079 Sancto
1509 4015 1710 4095 adveniente,

156 4110 227 4173 filii
253 4110 323 4192 ejus
348 4130 437 4175 amor
461 4119 597 4192 creatus,
620 4120 684 4175 tam
709 4113 906 4196 incompara-
962 4111 1095 4176 efficere
1117 4112 1268 4195 nequibat
1291 4136 1298 4176 :
1321 4112 1461 4195 hincque
1483 4112 1611 4175 interim
1632 4110 1713 4174 affe-

156 4208 263 4272 biliter
289 4217 477 4273 cunctorum
505 4209 600 4272 simul
635 4211 821 4292 electorum,
851 4213 907 4277 ho·
922 4210 947 4272 Il
962 4211 1104 4274 ctuosius
1134 4218 1165 4273 et
1193 4230 1289 4294 super
1316 4230 1445 4275 omnem
1468 4209 1712 4275 estimationem

157 4306 279 4370 minum
293 4314 388 4389 atque
401 4306 601 4388 angelorum,
617 4308 799 4389 Cherubim,
816 4311 907 4374 Sera·
961 4309 1107 4372 intimius
1122 4318 1249 4391 precata
1268 4308 1530 4393 inflammataque
1549 4316 1597 4373 est
1616 4309 1712 4371 hlater

156 4405 246 4487 phim
280 4414 376 4489 atque
403 4406 615 4487 Thmnorum,
645 4408 808 4471 caritatem
844 4429 907 4492 qua
962 4407 1117 4490 virginea.

157 4500 255 4564 Mum
276 4502 425 4584 diligunt,
447 4502 705 4585 supergreditur3
722 4523 786 4567 non
808 4506 906 4570 miror

158 4600 183 4661 si
198 4600 265 4664 sola
279 4600 382 4662 ldariae
396 4600 537 4678 dilectio,
554 4610 682 4663 centum
702 4601 816 4683 viginti
836 4603 906 4669 illo-
1119 4618 1363 4683 ARTIGULUS
1391 4614 1550 4681 XXVIII,

158 4717 240 4779 rum,
275 4698 423 4780 quamvis
456 4698 734 4778 electissimorum,
763 4720 905 4766 amorem

157 4796 327 4860 excesserit
340 4797 476 4881 :quippe
491 4798 584 4879 cujus
598 4807 686 4862 muta
700 4801 820 4863 exstitit
834 4821 905 4864 san-

157 4895 247 4957 ctitas
270 4915 307 4958 ac
331 4896 444 4978 gratia,
469 4915 533 4978 qua
556 4897 616 4959 sub
640 4898 704 4963 Deo
728 4899 832 4981 major
857 4901 906 4963 in-

156 4992 258 5076 telligi
278 5013 344 5058 non
369 4993 481 5076 possit.

194 5092 351 5173 Amplius,
376 5093 644 5174 quemadmodum
669 5115 769 5159 uuum
793 5117 905 5179 pecca·
1030 5099 1082 5159 OS
1097 5116 1170 5156 vero
1186 5100 1328 5156 revelata
1341 5097 1428 5174 facie
1439 5097 1581 5172 ploriam
1596 5096 1705 5159 Domi·
1720 5116 1864 5172 ucenae

157 5196 224 5251 tum
251 5201 407 5274 praeparat
432 5191 472 5253 ad
500 5192 598 5270 aliud,
625 5194 671 5257 sic
700 5216 764 5257 una
790 5197 902 5276 virtus,
1043 5197 1081 5254 oi
1094 5198 1305 5271 speculantes,
1318 5196 1355 5253 in
1369 5196 1513 5253 eamdem
1529 5196 1705 5271 imapinem

158 5308 221 5351 una
243 5290 343 5371 gratia
366 5290 506 5373 itemque
527 5292 683 5374 sapientia
702 5294 843 5377 disponit
863 5298 903 5359 ad
961 5300 1241 5373 transformamur
1255 5312 1274 5351 a
1288 5292 1441 5352 claritate
1456 5293 1492 5352 in
1506 5294 1705 5366 claritatem,

959 4761 1008 4821 De
1031 4758 1167 4817 theoriis
1194 4758 1303 4833 felicis
1330 4758 1517 4835 diot'rtoeque
1550 4755 1708 4835 viminis,

999 4867 1082 4927 quas
1101 4848 1177 4923 jam
1201 4848 1386 4923 plorificato
1414 4848 1588 4923 Uoipenito
1616 4850 1709 4907 uber·

1000 4939 1085 4997 rime
1104 4938 1231 4995 coelitus
1249 4938 1367 5011 adepta
1386 4943 1443 4996 est.
