4309 6259
437 454 498 521 648

473 646 544 719 quin
566 646 779 723 omnipotentia
799 647 829 703 in
852 647 1001 704 inlinitum
1023 646 1061 703 sit
1084 648 1186 721 major,

457 727 570 801 4320,
585 739 614 793 44
628 737 705 809 quod
721 736 837 793 utillum
849 753 950 793 eorum
968 753 1033 809 quar
1050 736 1129 793 credi
1140 737 1188 808 ju-

472 826 1187 891 44444444404ο,4ο444446444444444444444446444320,

471 916 542 981 imo,
559 918 638 989 quod
657 918 740 973 decet
754 916 990 989 omnipotentem
1011 932 1063 988 per
1082 932 1188 988 eorpus

471 1006 576 1063 Christi
591 1010 620 1063 et
634 1006 664 1062 in
680 1006 743 1078 ipso
757 1009 785 1063 et
799 1007 877 1062 circa
894 1006 991 1078 ipsum
1008 1004 1190 1061 mirabiliora

472 1112 557 1169 agere
576 1112 664 1168 quam
685 1095 715 1152 in
734 1100 795 1152 tota
813 1095 926 1168 reliqua
944 1094 1109 1153 substantia
1127 1111 1189 1150 cor·

472 1182 574 1255 porali.
582 1184 662 1239 4320
669 1201 676 1249 ;
686 1185 764 1255 quod
776 1183 895 1255 insuper
905 1184 980 1239 Deus
990 1186 1084 1255 potest
1095 1199 1189 1239 unum

473 1273 634 1331 subsistens
660 1273 690 1329 in
714 1273 795 1329 aliud
819 1272 980 1329 subsistens
1008 1272 1190 1329 instantanee

473 1361 759 1425 transsubstantiare,
769 1362 857 1426 4330,
866 1362 936 1433 qnia
949 1362 1047 1417 omnis
1057 1364 1191 1418 creatura

473 1453 510 1509 46
530 1454 636 1508 nutum
656 1450 754 1509 obedit
772 1450 915 1507 Creatoris
938 1451 1069 1523 imperio,
1087 1450 1190 1515 4334’,

473 1545 502 1599 44
515 1558 617 1612 reapse
632 1541 726 1597 multa
740 1540 811 1596 olim
826 1540 856 1597 in
875 1540 933 1597 alia
948 1540 1081 1605 mutavit,
1097 1539 1190 1604 4330,

474 1632 568 1696 4344,
582 1635 611 1687 44
634 1630 764 1703 quotidie
787 1634 882 1687 mutat
906 1647 956 1703 per
980 1647 1083 1687 causas
1107 1634 1192 1685 natu-

475 1721 559 1787 rales,
582 1721 636 1777 433
648 1722 679 1783 0,
696 1721 737 1786 0,
757 1724 786 1777 44
807 1724 878 1777 tunc
901 1720 1012 1777 mirum
1036 1737 1094 1776 non
1114 1719 1191 1776 vide·

474 1810 554 1866 bitur
575 1810 598 1866 si
623 1810 720 1867 subito
741 1813 889 1867 convertat
909 1826 1014 1882 panem
1038 1813 1067 1866 et
1090 1808 1191 1865 vinum

474 1900 505 1955 iu
515 1917 620 1972 corpus
630 1903 659 1957 et
668 1899 842 1973 sanguinem
855 1916 952 1962 suum,
964 1900 1056 1955 4344.
1067 1899 1190 1954 Domum

474 1989 545 2045 tinio
564 1990 693 2062 corporis
711 1989 817 2045 Christi
842 2006 910 2045 cum
935 1988 1029 2045 torma
1052 1988 1146 2060 panis,
1168 1986 1192 2041 si

477 2079 621 2165 mirabilis
639 2079 685 2144 sit,
700 2081 799 2142 4970,
816 2078 916 2135 minus
931 2083 1027 2135 44444444
1043 2081 1088 2134 est
1103 2093 1190 2149 quam

477 2169 547 2227 unio
565 2169 685 2227 visionis
704 2170 843 2227 beatifice
866 2173 895 2225 et
913 2168 983 2225 unio
1001 2168 1191 2241 hypostatica,

477 2260 547 2331 quia
565 2259 635 2316 unio
654 2262 698 2317 est
711 2257 799 2315 creati
819 2275 887 2315 cum
909 2262 1006 2315 creato
1027 2258 1191 2321 dumtaxat,

476 2350 577 2406 4970.
594 2380 627 2391 -
647 2349 776 2420 lusuper,
793 2348 1011 2404 dimensionum
1032 2346 1192 2419 penetratio

479 2456 537 2495 non
561 2437 702 2510 implicat,
723 2438 975 2509 quemadmodum
998 2436 1128 2508 implicat
1149 2436 1192 2491 di·

478 2528 660 2584 mensionem
688 2527 794 2583 habere
821 2530 933 2598 partem
957 2530 1041 2583 extra
1068 2529 1191 2597 partem,

476 2619 569 2683 l33C;
579 2618 656 2674 unde
671 2618 707 2673 de
721 2616 771 2672 illa
785 2632 842 2672 non
860 2621 903 2673 est
917 2616 1192 2687 obstupescendum,

477 2724 569 2781 quum
581 2711 609 2763 et
620 2705 751 2763 Christus
764 2707 799 2762 de
815 2706 915 2763 clauso
928 2704 1088 2761 surrexerit
1098 2708 1194 2760 tumu-

477 2798 515 2861 lo,
536 2797 699 2868 clausisque
722 2794 832 2852 toribus
854 2797 892 2852 ad
911 2793 1070 2866 discipulos
1091 2794 1130 2849 sit
1150 2794 1193 2849 in·

478 2903 603 2960 gressus,
615 2886 708 2942 4340.
723 2916 755 2927 -
772 2884 922 2957 Sapientes
935 2885 1024 2958 hujus
1037 2884 1146 2946 saculi,
1162 2884 1191 2939 in

480 2975 664 3033 mirabilibus
692 2974 755 3030 istis
784 2974 897 3031 contusi
925 2978 955 3031 44
981 2973 1086 3047 dejecti
1114 2976 1191 3037 sunt,

477 3066 575 3129 4590,
600 3069 750 3137 stupentes
774 3066 852 3137 quod
876 3082 981 3137 corpus
1007 3063 1111 3120 Christi
1139 3065 1192 3119 sub

478 3154 629 3228 speciebus
652 3158 712 3210 tam
738 3155 863 3210 modicis
886 3154 1060 3216 continetur,
1086 3155 1138 3209 433
1147 3154 1193 3219 C';

478 3247 529 3301 446
554 3262 718 3316 perperam,
744 3261 835 3316 quum
866 3244 959 3299 multa
981 3244 1040 3299 sint
1067 3243 1125 3298 alia
1150 3242 1193 3297 in·

477 3333 753 3405 comprehensibilia
780 3334 810 3388 in
839 3337 953 3397 natura,
976 3332 1083 3397 4330,
1104 3332 1142 3396 0,
1167 3334 1195 3386 44

480 3425 552 3480 lldes
566 3422 726 3480 christiana
741 3427 782 3479 tot
798 3423 949 3480 miraculis
963 3422 1136 3479 confirmata
1151 3422 1195 3485 sit,

479 3513 579 3570 4320.

513 3604 618 3660 Mansit
636 3603 767 3659 Christus
786 3602 938 3658 nobiscum
963 3618 1014 3673 per
1037 3600 1144 3657 realem
1165 3599 1194 3655 in

479 3696 668 3751 Sacramenta
694 3692 890 3765 presentiam,
911 3692 995 3757 ett’,
1016 3694 1045 3747 et
1069 3690 1099 3745 in
1122 3694 1196 3746 tem-

479 3784 534 3857 plis
566 3786 730 3839 reservatur
761 3783 799 3837 ad
832 3780 966 3837 omnium
996 3779 1194 3843 refectionem,

479 3875 560 3939 740,
591 3873 699 3946 dignus
731 3873 812 3928 cultu
845 3872 946 3936 latrias,
980 3872 1063 3936 650,
1093 3870 1194 3935 3970,

477 3966 611 4020 4564-
626 3963 753 4019 Ecclesia
767 3962 856 4018 semel
873 3961 903 4017 in
918 3978 997 4017 anno
1011 3960 1084 4018 tanti
1100 3976 1196 4016 sacra-

480 4053 571 4110 menti
586 4053 647 4125 44444
660 4053 801 4115 solennia,
813 4051 910 4113 4550,
927 4056 955 4107 44
976 4054 1195 4107 sacramentum

480 4143 650 4201 circumfert
670 4141 932 4215 processionaliter,
948 4143 1039 4207 4564,
1061 4140 1197 4197 fidelibus

361 4249 371 4277 0
480 4233 553 4290 illud
573 4234 660 4307 juxta
681 4250 768 4289 suum
794 4231 948 4287 modulum
977 4231 1194 4293 venerantibus

479 4324 572 4385 4560,
592 4322 658 4378 aliis
682 4338 733 4394 per
757 4338 845 4392 opera
867 4326 996 4384 externa,
1017 4322 1070 4375 456
1080 4322 1108 4384 C,
1131 4318 1196 4375 aliis

480 4430 531 4484 per
546 4412 647 4468 laudes
660 4412 799 4475 internas,
815 4410 905 4473 4560,
921 4410 986 4466 aliis
1001 4412 1128 4469 taudem,
1146 4407 1195 4479 qui

480 4504 509 4558 in
530 4501 737 4574 speculationis
751 4518 817 4559 arce
832 4504 902 4557 sunt
916 4499 1075 4562 constituti,
1092 4498 1194 4563 4560,

480 4591 585 4648 humili
609 4592 734 4654 silentio,
760 4608 818 4664 quo
843 4591 882 4646 46
907 4590 1107 4662 depromenda
1134 4589 1197 4645 Cre·

480 4683 569 4739 eloris
597 4681 743 4754 praeconia
771 4697 801 4736 se
830 4680 952 4735 omniuo
985 4678 1123 4749 indignos
1154 4694 1197 4733 re·

480 4774 669 4844 cognoscunt,
684 4770 776 4826 4560
792 4772 821 4825 44
839 4786 862 4826 s.
881 4800 912 4809 -
929 4769 1086 4823 hdstemus
1104 4766 1196 4823 solen-

481 4861 538 4917 niis
551 4861 703 4917 blissarum
717 4876 784 4916 cum
801 4857 960 4915 reverentia
974 4861 1003 4913 ct
1018 4856 1098 4913 filiali
1112 4856 1196 4911 timo·

480 4968 520 5015 re,
541 4950 632 5006 4450
644 4968 651 5015 ;
666 4950 696 5005 in
721 4948 911 5021 integerrima
933 4947 988 5003 fide
1008 4963 1124 5018 semper
1147 4946 1194 5001 04-

481 5040 617 5103 missimi‚
642 5040 725 5104 660,
750 5038 844 5093 simus
872 5038 928 5094 Deo
958 5036 1032 5109 grati
1059 5037 1095 5092 de
1121 5035 1194 5091 tanti

480 5128 658 5186 sacramenti
686 5127 850 5192 collatione,
879 5127 953 5189 700,
981 5126 1072 5190 3784,
1101 5126 1194 5192 4934,

479 5220 580 5283 4620,
596 5219 687 5279 4680,
707 5218 797 5273 4730.
819 5247 852 5258 -
875 5216 1068 5287 Exponuntur
1092 5213 1195 5285 hymni

481 5310 516 5365 de
533 5307 723 5377 0440444404,
741 5326 756 5360 a
770 5309 867 5380 Pange
881 5305 983 5379 lingua
996 5324 1022 5374 4,
1037 5306 1102 5361 634
1118 5308 1146 5361 44
1160 5321 1195 5373 4.,

1063 474 1157 523 40000
1178 475 1367 524 matrices

1280 668 1294 700 4
1310 648 1406 704 Sacris
1420 647 1560 705 solenniis
1570 668 1595 713 4,
1612 648 1677 728 674
1692 652 1721 704 44
1735 648 1916 710 4.,404444444
1930 667 1968 705 sn·

1279 753 1403 809 pernum
1416 758 1441 801 4,
1457 739 1522 794 744
1537 741 1566 795 44
1585 755 1608 793 s.
1624 768 1660 779 -
1673 736 1819 794 0444444444
1840 754 1969 795 commen-

1278 828 1357 883 datio
1376 828 1564 885 Euoharistiae
1582 830 1619 884 46
1639 828 1845 885 celebrandum
1864 832 1890 884 et
1904 846 1969 884 con·

1278 917 1492 974 mirnicandum
1517 916 1657 982 alliciens,
1677 918 1779 974 4470.
1794 951 1830 960 -
1848 918 1891 989 Cf.
1903 920 1970 973 Coro-

1279 1007 1391 1073 munio,
1407 1008 1503 1063 llissa.

1243 1097 1419 1153 EUNOlllUS
1434 1097 1587 1154 haereticus
1605 1100 1635 1153 B.
1647 1098 1767 1154 Mariam
1782 1114 1880 1154 rcrsrm
1894 1098 1968 1153 [teum

1278 1202 1336 1242 nou
1352 1203 1505 1259 generasse
1521 1188 1724 1251 contendebat,
1739 1188 1831 1242 4820.

1243 1275 1408 1331 00800408
1429 1276 1593 1339 Emisenos,
1614 1276 1777 1348 episeopus,
1792 1276 1924 1348 allegatur
1942 1278 1969 1333 de

1278 1364 1372 1421 verbis
1387 1366 1623 1430 consecrationis,
1640 1367 1729 1422 4260.

1243 1454 1458 1511 0070400444
1486 1455 1578 1512 virtus
1606 1459 1649 1512 est
1676 1454 1806 1520 moralis,
1833 1454 1922 1517 5420,
1946 1455 1970 1509 44

1279 1543 1415 1601 4444444444
1430 1545 1559 1618 appetitu
1574 1545 1639 1606 sita,
1654 1545 1751 1610 5420,
1764 1561 1822 1617 qua
1834 1544 1895 1617 quis
1908 1545 1970 1601 circs

1280 1632 1364 1689 ludos
1380 1635 1509 1691 modeste
1522 1652 1552 1691 se
1567 1634 1662 1699 habet,
1678 1636 1772 1691 5434.

1243 1722 1322 1785 0444,
1338 1723 1464 1796 serpenti
1488 1722 1700 1783 inconsiderate
1724 1725 1905 1795 respondens,
1919 1741 1971 1795 pec·

1280 1817 1377 1870 catum
1394 1812 1535 1887 originale
1550 1814 1706 1879 inchoavit,
1721 1813 1820 1876 5420,
1836 1815 1870 1869 64
1883 1814 1971 1868 divina

1281 1903 1519 1959 comminationis
1547 1903 1665 1960 veritate
1694 1902 1880 1974 probabiliter
1903 1902 1971 1957 dubi·

1280 1995 1355 2057 tans,
1371 1993 1424 2047 542
1434 1990 1473 2055 0,
1493 1993 1586 2048 5350,
1606 1992 1687 2049 Sicut
1710 2008 1761 2063 pcr
1784 1992 1867 2047 livam
1890 1991 1972 2047 clausa

1281 2080 1336 2137 luit
1349 2085 1432 2153 ports
1446 2081 1573 2153 paradisi
1588 2082 1742 2139 terrestris.
1755 2081 1795 2136 ita
1809 2097 1858 2151 per
1870 2080 1970 2135 0444444

1280 2174 1380 2242 aperta
1395 2175 1477 2243 porta
1493 2171 1566 2233 eoeli,
1576 2172 1611 2226 83
1619 2172 1658 2226 0.
1669 2202 1705 2212 -
1719 2171 1808 2227 464444
1823 2168 1972 2240 perditionis

1280 2264 1309 2316 et
1336 2260 1444 2317 doloris
1472 2264 1600 2325 vocatur,
1630 2261 1680 2317 sed
1708 2260 1737 2315 in
1767 2259 1853 2315 blaria
1883 2274 1971 2314 nomen

1282 2370 1296 2402 «
1311 2351 1369 2406 Eva
1383 2370 1397 2404 4
1413 2350 1443 2406 in
1460 2369 1474 2405 4
1489 2367 1539 2407 444
1554 2370 1568 2403 4
1588 2352 1734 2406 mutatum
1749 2351 1802 2413 est,
1818 2349 1886 2404 840.

1245 2440 1494 2495 004000448740
1518 2456 1575 2495 non
1595 2456 1711 2511 semper
1729 2440 1878 2495 observant
1896 2438 1922 2492 in
1939 2436 1973 2491 bi-

1281 2530 1370 2585 storia
1394 2546 1492 2586 rerum
1511 2528 1655 2593 ordinem,
1671 2528 1770 2594 3620,
1786 2530 1814 2583 44
1837 2527 1974 2583 noluerunt

1282 2619 1397 2692 publice
1412 2620 1526 2675 trudere
1540 2616 1649 2675 termas
1658 2618 1975 2687 sacramentorumque·

1282 2727 1322 2771 re,
1338 2709 1432 2764 3630.

1240 2799 1471 2855 0040004400
1482 2801 1547 2870 post
1560 2797 1717 2869 Epistolam
1733 2794 1839 2867 legitur
1852 2798 1974 2865 unquam

1283 2886 1548 2961 perfectius,3lttB;
1564 2886 1660 2943 curin
1675 2884 1792 2941 sinistra
1808 2888 1893 2957 parte,
1902 2883 1975 2946 3460,

1282 2982 1310 3035 et
1324 2980 1417 3033 stante
1434 2977 1524 3050 plebe,
1541 2977 1594 3033 346
1602 2977 1633 3032 l).
1646 3007 1678 3017 -
1694 2974 1862 3047 Erangelica
1876 2974 1926 3035 lex,
1940 2972 1975 3027 ler

1282 3066 1445 3139 appellatur
1467 3064 1586 3129 amoris,
1602 3066 1695 3127 4554,
1715 3066 1744 3119 44
1767 3067 1879 3134 tempus
1900 3062 1975 3117 0444-

1283 3156 1359 3227 gelii,
1375 3159 1491 3225 tempus
1507 3154 1616 3226 gratiss,
1629 3170 1728 3225 quare,
1744 3154 1835 3209 3880.

1247 3244 1447 3301 0440084740.
1463 3242 1521 3299 Etsi
1541 3242 1741 3299 accusationes
1760 3242 1899 3313 patienter
1919 3239 1975 3294 tole·

1283 3335 1383 3390 rondes
1407 3332 1473 3396 sint,
1493 3334 1586 3397 2944,
1606 3348 1698 3404 quum
1725 3331 1809 3387 nobis
1831 3330 1974 3401 imputatur

1283 3422 1489 3479 scandalosum
1505 3421 1627 3483 crimen,
1644 3422 1773 3476 modeste
1788 3436 1919 3477 ercrrsare
1935 3433 1976 3472 nis

1284 3513 1432 3577 debemus,
1448 3512 1537 3575 2940,
1559 3511 1721 3567 dummodo
1746 3525 1804 3565 non
1828 3526 1862 3565 er
1884 3507 1976 3580 prirato

1284 3618 1393 3665 amore,
1409 3602 1459 3657 sed
1479 3616 1513 3656 ex
1534 3600 1593 3656 nelo
1611 3599 1731 3655 honoris
1752 3598 1800 3656 044
1820 3598 1924 3655 oriatur
1939 3612 1977 3651 er·

1286 3690 1406 3755 cusatio,
1422 3692 1472 3745 294
1483 3691 1511 3745 C.

1248 3780 1378 3837 0444708.
1399 3781 1429 3834 0.
1448 3779 1478 3835 V.
1495 3777 1583 3835 blaria
1607 3781 1739 3835 nostrum
1760 3777 1856 3835 munit
1873 3776 1975 3835 exituro¹

1285 3870 1441 3942 quomodo,
1457 3870 1493 3923 92
1503 3869 1532 3922 B.

1611 4057 1641 4129 F
1692 4006 1695 4011 ,

1250 4230 1469 4286 satiassent
1487 4227 1558 4284 lami
1578 4227 1720 4299 corporali
1741 4230 1875 4283 medetur
1892 4242 1936 4297 per
1951 4222 1980 4276 ci·

1285 4322 1366 4385 bum,
1386 4320 1439 4375 386
1449 4318 1489 4381 0,
1509 4319 1599 4379 3930,
1625 4316 1668 4372 444
1690 4316 1760 4373 tami
1785 4316 1939 4373 intellectus
1957 4313 1979 4367 et

1284 4408 1440 4465 voluntatis
1454 4424 1505 4480 per
1520 4406 1753 4479 degustationem
1774 4404 1876 4477 primae
1893 4402 1980 4459 rarita-

1284 4498 1321 4554 tis
1341 4501 1369 4553 et
1388 4514 1513 4553 summae
1528 4495 1686 4559 Trinitatis,
1703 4496 1796 4550 3930.
1811 4524 1846 4535 -
1860 4494 1900 4549 46
1917 4506 1980 4546 com·

1285 4586 1457 4644 munionem
1472 4603 1540 4642 eum
1557 4584 1634 4642 tame
1644 4583 1789 4656 spirituali
1800 4581 1978 4639 accedendum

1285 4676 1454 4741 estiterit

1249 4767 1378 4823 040044
1398 4765 1448 4822 044
1469 4781 1594 4837 quorum
1614 4762 1759 4820 memoria
1778 4763 1810 4819 tlt
1826 4762 1855 4818 in
1873 4763 1979 4820 Canono,

1286 4855 1385 4912 664444
1399 4858 1468 4910 sunt
1482 4852 1635 4925 utriusque
1649 4870 1746 4917 sexus,
1764 4854 1816 4909 429
1825 4852 1865 4917 4’,
1880 4850 1981 4923 quinos

1284 4946 1495 5017 praecesserunt
1522 4959 1590 4999 curn
1617 4941 1700 5013 signo
1730 4940 1808 5005 fidei,
1837 4940 1921 5001 3740,
1945 4934 1980 4991 rel

1285 5052 1357 5107 quos
1367 5034 1517 5090 celebrans
1527 5031 1692 5105 specialiter
1702 5028 1979 5093 444444446443554.

1250 5122 1561 5179 Fenicularium
1576 5123 1683 5176 nostrae
1696 5118 1921 5191 felicitatisque
1932 5118 1981 5170 tots

1287 5212 1316 5267 in
1332 5211 1441 5267 risione
1456 5210 1561 5267 Christi
1571 5208 1635 5275 4444,
1646 5210 1696 5265 394
1707 5210 1739 5271 h,
1750 5209 1907 5264 amandum
1921 5218 1980 5277 prn-

1286 5300 1400 5361 ludium
1415 5304 1459 5359 est
1473 5298 1801 5367 Eucharistia,ltSD.-
1812 5298 1868 5354 Cur
1881 5295 1980 5352 S.loan·
