4309 6259
363 944 470 1067 DE
523 944 1083 1070 SACRAMENTO
1130 946 1492 1072 ALTARIS

195 1288 324 1437 ΕΤ
394 1286 755 1440 MIsSAE
830 1290 1661 1445 CELEBRATIONE

652 1666 1193 1797 Dianoeas*

292 2396 539 2463 laureacus
569 2394 745 2460 rusus
911 2333 1699 2526 ‘¹{tttttlllttttttttlttll

151 2551 539 2611 Dediveraisnominibua
549 2548 757 2609 Sacramenta·
767 2548 895 2607 altaria.
948 2531 1152 2611 ἕθῦθηῑῑθῧθ
1186 2532 1219 2595 Ῑῦ
1254 2534 1382 2599 inflanti
1418 2558 1607 2604 ⁰⁰¹¹V⁰l⁸⁰ffl
1637 2552 1696 2621 0⁸²2

948 2628 1096 2711 idemque
1126 2649 1260 2695 numero
1287 2632 1318 2695 in
1345 2635 1489 2717 pluribus
1517 2639 1578 2703 luit
1606 2640 1695 2720 locis,

188 2736 335 2799 laamas.
363 2770 405 2781 -
432 2735 616 2815 llagnomm
650 2731 811 2795 artificum
846 2737 895 2794 est
948 2728 1094 2808 quamvis
1110 2748 1172 2792 non
1188 2731 1281 2793 modo
1297 2732 1401 2797 locali.
1418 2735 1483 2817 Ego
1500 2756 1626 2819 quoque
1646 2758 1697 2801 me

152 2853 279 2915 magnos
297 2842 331 2896 et
351 2832 528 2896 eminentes
549 2830 685 2895 allectus
705 2831 892 2912 producere,
948 2824 1053 2906 ipsum
1067 2826 1100 2888 in
1115 2827 1261 2891 manibus
1277 2830 1609 2917 tenui,discipulisque
1626 2854 1697 2918 por-

152 2934 288 3013 soletque
318 2930 455 2994 allectus
483 2949 547 2993 sua
575 2948 679 2992 causa
707 2946 895 3010 correspon-
948 2925 1026 3003 rexi,
1042 2933 1074 2988 et
1090 2924 1122 2986 in
1138 2944 1248 2989 eorum
1262 2947 1316 2992 ore
1332 2932 1541 3011 personaliter
1560 2954 1595 2997 ac
1618 2935 1696 2999 inte

151 3032 240 3107 dere3
256 3039 289 3092 et
308 3048 372 3110 quo
393 3029 484 3092 altior
502 3036 551 3090 est
569 3035 691 3104 natura,
708 3045 747 3090 eo
765 3026 894 3108 procla·
946 3022 1077 3103 graliter
1091 3042 1160 3086 esse
1176 3025 1257 3106 coepi
1273 3045 1310 3089 ao
1326 3028 1405 3091 desii
1425 3030 1493 3093 sina
1514 3052 1643 3113 egressu
1665 3042 1697 3097 et

151 3127 237 3190 rioris
251 3134 355 3191 exstat
375 3126 534 3209 potentiae.
551 3123 662 3188 Nonne
682 3142 759 3206 ergo
780 3123 894 3207 Unige-
947 3120 1010 3183 mei
1034 3122 1218 3186 mutatione.
1235 3122 1376 3208 Denique
1396 3146 1460 3191 non
1481 3130 1584 3194 minor
1608 3150 1694 3195 eram

148 3226 243 3288 nitum
254 3225 416 3303 Dei,Patri
430 3232 549 3288 aterno
560 3241 689 3305 prorsus
704 3222 891 3304 coaequalem
948 3218 981 3281 in
1005 3219 1179 3301 cujuslibet
1205 3239 1260 3285 ore
1289 3242 1398 3287 eorum
1428 3236 1460 3289 et
1487 3248 1584 3293 manu
1612 3250 1694 3310 mea,

148 3332 176 3385 et
190 3321 667 3406 coomnipotentem,condecuit
682 3321 715 3383 in
730 3328 893 3404 assumpta
946 3336 1042 3398 quam
1071 3338 1158 3382 eram
1187 3320 1226 3382 ad
1260 3340 1403 3385 mensam
1439 3345 1502 3408 qua
1531 3328 1691 3392 sedebam.

148 3421 340 3485 bumanitatc
371 3421 451 3484 mira
478 3421 624 3502 quaedam
652 3422 826 3503 perageret
854 3419 892 3481 Et
946 3415 1112 3498 Quumque
1141 3422 1368 3484 sacramentale
1397 3424 1582 3505 mysterium
1611 3426 1694 3489 istud

149 3520 219 3600 quia
245 3520 279 3582 in
307 3519 395 3584 omni
426 3517 631 3581 multitudine
659 3518 814 3597 ordinata,
843 3524 893 3580 est
909 3511 1040 3576 Blantae
1073 3514 1115 3576 sit
1147 3516 1353 3600 excellentie,
1384 3528 1478 3585 tantae
1508 3523 1696 3605 vigorosita·

148 3636 242 3679 unum
271 3618 411 3699 primum
439 3625 471 3679 et
498 3616 684 3694 maximum,
715 3616 798 3678 inter
822 3616 893 3679 uni·
945 3610 997 3691 tis,
1013 3619 1078 3675 tam
1093 3614 1328 3695 gmtiosissimae
1347 3617 1550 3699 salubritatis,
1567 3630 1696 3704 tamque

149 3734 235 3779 versa
255 3717 337 3779 mira
358 3726 388 3778 et
410 3734 526 3797 magna
548 3733 619 3797 quoe
643 3714 694 3797 egi
720 3716 753 3777 in
775 3714 892 3778 seculo
946 3709 1130 3772 sublimium
1167 3711 1208 3773 sit
1243 3713 1467 3794 productivum
1505 3717 1692 3801 effectuum,

149 3814 217 3895 isto,
237 3816 300 3880 boc
329 3834 428 3878 unum
457 3812 772 3892 excellentissimum,
797 3812 893 3895 grati·
944 3808 1086 3889 oportuit
1110 3808 1214 3890 ipsum
1235 3810 1361 3875 adhaec
1381 3812 1573 3879 insinuanda
1595 3818 1694 3900 pluri-

148 3912 324 3977 osissimum
349 3921 444 3994 atque
467 3912 597 3977 omnino
621 3910 893 3993 incomprebensi-
945 3905 1004 3968 bus
1027 3906 1179 3988 appellari
1204 3908 1399 3990 nominibus,
1424 3932 1607 3996 quanquam
1632 3935 1692 3980 nec

147 4009 336 4075 bilissimum
358 4011 408 4092 egi
430 4010 627 4093 mysterium,
645 4010 767 4071 institui
788 4028 891 4072 sacra·
945 4002 1000 4065 illa
1014 4024 1073 4066 nec
1088 4023 1297 4088 quaecumque
1316 4008 1377 4071 alia
1398 4010 1470 4091 ejus
1491 4012 1691 4095 dignitatem,

147 4116 297 4188 mentum,
313 4109 446 4192 produxi
460 4108 625 4187 ellectum,
641 4128 693 4171 me
712 4108 816 4189 ipsum
832 4108 892 4171 sub
945 4101 1087 4182 virtutes,
1104 4106 1324 4186 proprietates,
1341 4108 1558 4176 mirabilitates
1573 4121 1605 4176 et
1619 4114 1692 4178 elii-

147 4208 348 4271 sansibilibus
370 4206 616 4269 inanimatorum
641 4225 747 4269 rerum
769 4205 890 4288 specie-
944 4200 1078 4263 cientias
1100 4202 1193 4283 plene
1215 4204 1341 4269 valeant
1361 4208 1539 4292 designare.

147 4304 202 4367 bus
215 4306 449 4382 constituendo,
457 4324 507 4367 res
521 4304 592 4367 illas
607 4305 640 4365 in
655 4321 770 4384 corpus
782 4324 889 4367 meum
983 4300 1153 4364 Saccubos·
1174 4337 1214 4347 -
1237 4302 1260 4365 0
1287 4303 1409 4369 Veritas
1433 4327 1568 4390 summa,
1594 4332 1690 4394 quarn

147 4414 176 4465 et
189 4405 376 4487 sanguinem
391 4402 640 4467 substantialiter
661 4403 886 4482 convertendo,
942 4397 1042 4459 altum
1057 4406 1106 4461 ost
1122 4399 1181 4463 boc
1196 4400 1242 4462 tui
1258 4404 1413 4467 sermonis
1428 4408 1607 4473 exordium!
1625 4412 1691 4475 Cir·

147 4501 204 4565 boc
231 4512 280 4566 est
309 4502 437 4565 infinita
470 4510 502 4564 et
529 4500 746 4583 omnipotente
774 4501 889 4564 virtute
943 4514 980 4558 ca
1003 4498 1090 4578 quod
1114 4496 1317 4563 dillicillimae
1340 4503 1530 4583 questiones
1554 4528 1691 4574 nascun-

147 4620 214 4663 mffl
227 4601 567 4679 transsubstantiando,
584 4620 647 4682 qua
661 4608 693 4663 et
707 4600 741 4661 in
761 4600 889 4663 exordio
943 4602 1005 4674 tur,
1021 4613 1101 4675 quas
1126 4604 1159 4658 tu
1184 4596 1278 4678 inira,
1300 4606 1335 4661 ut
1359 4601 1499 4683 conlido,
1521 4604 1689 4675 dissolves.

148 4699 333 4764 secutorum
358 4707 472 4762 cuncta
500 4698 637 4762 visibilia
660 4707 693 4761 et
715 4698 889 4761 invisibilia
907 4692 1033 4759 CNuuc
1048 4702 1199 4775 coeptum,
1217 4714 1339 4777 precor,
1357 4718 1558 4784 prosequere.

148 4798 275 4877 produxi
290 4818 328 4861 cx
342 4797 443 4861 nihilo
456 4798 559 4879 :quod
574 4797 769 4879 mysterium,
787 4818 890 4861 sacra·
984 4791 1128 4855 Vestras.
1149 4830 1189 4841 —
1211 4795 1348 4859 Vocatur
1370 4799 1430 4863 boo
1456 4814 1690 4871 sacramentum

146 4904 286 4960 mentum
300 4905 437 4979 etopus,
452 4896 598 4978 quamvis
613 4896 721 4978 aliquo
739 4897 834 4961 modo
848 4899 890 4961 sit
942 4890 1152 4973 Eucharistia,
1176 4896 1370 4976 memoriale,
1396 4898 1498 4979 cibus,
1526 4903 1688 4986 viaticum,

147 5013 253 5076 unum,
271 4996 304 5059 in
326 4996 395 5079 ipso
415 5003 521 5058 tamen
537 4994 598 5058 luit
617 5002 650 5057 et
670 5004 718 5058 est
739 4996 890 5077 plurimo-
944 4991 1136 5070 communie
1153 4993 1284 5073 donum,
1302 4996 1507 5083 sacrificium,
1529 5003 1690 5069 medicina

147 5112 213 5156 mm
238 5094 623 5175 eminentissimorumque
647 5094 812 5175 congeries
832 5096 889 5158 mi·
943 5098 975 5153 et
996 5090 1234 5157 Sacramentum
1256 5094 1375 5160 altaris.

189 5293 199 5332 ¹
216 5292 258 5342 Ex
273 5291 395 5345 aditione
408 5291 568 5345 Coloniensi
581 5291 698 5344 loannis
712 5294 829 5356 Soteris,
844 5296 917 5346 1532.
