4309 6259
457 461 517 525 338
972 478 1130 526 annosum
1150 477 1258 526 utssn.
1281 496 1322 509 -
1341 478 1411 524 aar.
1435 478 1490 525 vm

459 668 560 728 meas,
575 656 607 713 et
631 648 836 712 circumdabo
861 646 959 711 eltare
983 654 1087 726 tuum,
1103 646 1209 709 Domi·
1223 647 1249 709 t
1265 645 1297 707 in
1312 646 1447 725 Christo,
1463 644 1718 728 persecutionem
1734 645 1898 729 patientur.
1912 648 1982 713 beni-

331 760 432 804 Moet·
459 766 512 810 ne.
529 748 692 824 Praeteree,
709 746 885 809 secundum
910 745 1108 827 Dionysium,
1132 744 1209 808 lotio
1263 764 1336 825 que,
1362 744 1513 825 quoniam
1538 745 1702 827 presbyter
1726 744 1842 807 Christi
1870 747 1981 810 vicarius

313 822 369 867 '¹¹⁰²'
382 835 403 867 ⁰·
416 836 446 865 ¹¹¹·
460 843 643 926 digitorum,
659 843 711 907 vel
726 843 832 925 potius
851 850 1063 905 extremorum
1085 860 1207 921 eorum,
1263 851 1321 919 est,
1332 862 1389 923 per
1402 843 1547 906 osculum
1562 843 1632 923 ejus
1647 861 1710 923 quo
1725 843 1882 906 osculatur
1893 845 1979 923 altare,

459 943 607 1025 designat
620 942 851 1006 abstersionem
873 940 1081 1004 minimarum
1102 940 1210 1021 culpa·
1263 940 1399 1021 intelligi
1415 948 1518 1022 potest
1532 940 1662 1004 dilectio
1677 941 1980 1023 immediataqneunio

458 1060 543 1104 rum.
560 1042 658 1104 Debet
672 1059 747 1121 ergo
762 1040 909 1102 sacerdos
923 1058 988 1102 non
1003 1039 1107 1102 solum
1126 1056 1210 1101 mor·
1263 1037 1333 1098 Filii
1349 1038 1403 1100 Dei
1420 1057 1493 1100 cum
1508 1039 1647 1100 humana
1661 1046 1784 1101 natura.
1801 1038 1883 1101 Unde
1901 1059 1981 1103 sacer-

460 1140 536 1201 talia
568 1148 600 1201 et
632 1139 780 1222 graviora
807 1138 945 1201 venialia
973 1137 1143 1199 abhorrere
1172 1154 1209 1197 ac
1263 1136 1331 1214 dos,
1347 1136 1423 1197 dum
1437 1136 1536 1198 altare
1550 1136 1693 1199 ascendit
1714 1143 1745 1199 et
1766 1137 1923 1214 oseulatur,
1937 1139 1981 1200 ali·

460 1236 582 1318 lugere,
612 1238 667 1300 sed
695 1244 727 1298 et
758 1236 892 1299 minima
919 1254 1051 1317 qumque
1080 1241 1210 1316 peccata
1262 1252 1326 1315 qua
1354 1234 1560 1297 devotissime
1589 1234 1686 1296 verba
1713 1234 1821 1297 dicere
1848 1234 1935 1314 debet,
1956 1246 1981 1297 et

461 1336 573 1413 vitare,
590 1343 625 1397 ut
638 1336 769 1398 omnino
784 1335 922 1397 mundus
937 1343 968 1396 et
987 1341 1093 1395 mente
1116 1331 1210 1395 colle-
1262 1350 1332 1412 quaa
1353 1350 1410 1395 suo
1431 1330 1562 1394 aflectui
1586 1332 1712 1395 dulcius
1737 1332 1871 1413 sapiunt,
1886 1333 1981 1414 ipsum-

462 1443 532 1497 ctus
546 1454 583 1498 ac
598 1435 720 1498 stabilis
735 1436 798 1498 Deo
812 1434 1050 1497 adsistat.Unde
1065 1433 1098 1495 in
1113 1432 1209 1512 hujus
1264 1449 1324 1511 que
1352 1430 1449 1492 altare
1477 1449 1633 1510 amorose,
1659 1439 1810 1512 tanquam
1839 1430 1979 1504 Christum,

307 1555 447 1608 humanm.
461 1532 568 1615 figura
586 1534 738 1597 Dominus
757 1532 909 1615 praecepit
927 1531 1045 1594 Levitis
1065 1538 1101 1593 ut
1122 1530 1211 1592 rade·
1263 1527 1411 1607 osculari,
1436 1537 1592 1611 quatenns
1621 1548 1659 1591 ex
1687 1527 1767 1609 ipso,
1795 1537 1928 1610 tanquam
1951 1550 1982 1591 es

463 1638 533 1693 rent
556 1649 667 1694 omnes
695 1630 778 1713 pilos
806 1629 912 1693 carnis
941 1649 1016 1691 sum.
1042 1628 1101 1691 Per
1128 1628 1209 1709 pilos
1263 1626 1351 1689 sonte
1371 1628 1507 1708 pectoris
1528 1626 1655 1707 Christi,
1672 1627 1805 1708 gratiam
1828 1628 1942 1705 hauriat,
1957 1628 1981 1690 id

460 1729 547 1791 enim
561 1728 771 1810 cogitationes
785 1729 962 1809 signantur,
978 1746 1049 1808 quae
1063 1726 1210 1788 oriuntur
1264 1731 1322 1803 est,
1339 1724 1540 1787 devotionem
1561 1724 1689 1787 sirmam
1715 1725 1882 1807 concipiat,
1895 1725 1984 1787 dioen-

460 1846 499 1890 ex
513 1826 619 1907 corde,
634 1827 903 1908 quemadmodum
924 1825 982 1907 pili
1004 1844 1042 1887 ex
1064 1842 1206 1904 corpore.
1227 1823 1304 1890 Bdo
1322 1846 1328 1883 :
1345 1824 1422 1901 Ave,
1439 1822 1669 1903 benignissime
1685 1823 1817 1886 Domine
1832 1823 1900 1886 lesu
1915 1823 1985 1885 Chri-

460 1924 506 1986 'l'u
521 1924 629 2006 igitur,
645 1923 761 1986 Christi
776 1925 935 2001 sacerdos,
951 1930 1120 2004 antequam
1141 1940 1209 1984 cor·
1264 1928 1321 1999 ste,
1337 1920 1504 1983 divinitate
1524 1929 1555 1982 et
1572 1922 1674 2001 gratia
1690 1923 1815 2003 plenus,
1831 1922 1985 1985 misericor·

459 2040 521 2104 pus
535 2030 567 2083 et
581 2022 770 2102 sanguinem
785 2021 912 2099 Christi,
930 2020 1094 2098 creatoris,
1112 2020 1209 2082 salva·
1263 2018 1316 2080 dia
1344 2026 1461 2095 tecum,
1489 2018 1656 2081 benedicta
1683 2020 1790 2101 passio
1819 2028 1849 2082 et
1875 2020 1983 2081 vulnera

458 2119 538 2183 toris
566 2138 603 2182 ac
630 2119 748 2201 judicis
772 2119 831 2199 tui,
861 2137 1059 2197 consecrare,
1086 2117 1210 2181 contin·
1262 2125 1326 2197 tua,
1343 2125 1375 2179 et
1392 2116 1578 2179 benedictus
1598 2118 1729 2199 sanguis
1753 2117 1912 2181 vulnerum
1930 2126 1984 2179 tuo

459 2235 545 2298 gere,
562 2219 755 2281 manducare
776 2225 871 2299 atque
892 2226 1001 2299 potare
1023 2235 1206 2298 praesumas,
1263 2233 1360 2293 rum3
1390 2214 1452 2292 vel,
1488 2215 1578 2295 Veni,
1616 2215 1729 2278 Sancte
1764 2216 1913 2298 Spiritus,
1940 2222 1985 2277 aut

460 2332 572 2377 omnes
599 2315 682 2397 pilos
710 2314 852 2396 corporis
880 2314 927 2376 tui
957 2314 1059 2393 radas,
1086 2313 1118 2375 id
1147 2321 1206 2391 est,
1262 2313 1381 2394 aliquid
1404 2313 1520 2377 simile.

459 2430 572 2475 omnes
600 2411 808 2493 cogitationes
836 2410 1017 2493 superfluas
1052 2431 1207 2494 curasque
1302 2411 1431 2473 Summa
1458 2411 1577 2493 quippe
1603 2411 1818 2475 sollicitudine
1841 2412 1985 2494 providen-

458 2508 626 2572 satoulares
650 2517 682 2571 et
706 2510 909 2590 evagationes
933 2528 1031 2572 vanas
1059 2509 1205 2591 abjicias,
1261 2510 1337 2571 dum
1353 2509 1479 2571 videtur
1493 2529 1533 2571 ne
1549 2509 1609 2572 tale
1631 2509 1779 2573 oliicium
1802 2510 1868 2573 sine
1888 2508 1984 2572 actuali

458 2615 490 2669 et
522 2607 681 2670 Christum
713 2626 750 2670 ac
778 2608 960 2690 passionem
988 2615 1020 2669 et
1046 2606 1208 2670 beneficia
1261 2617 1292 2669 et
1308 2606 1613 2671 fervidadevotione
1628 2608 1985 2671 inchoetur.Namrirtus

460 2706 531 2786 ejus
556 2706 645 2770 cordi
670 2714 724 2769 tuo
748 2704 885 2769 firmiter
907 2705 1085 2788 imprimas,
1103 2724 1143 2768 ne
1167 2707 1206 2769 ad
1261 2704 1411 2787 principii
1429 2706 1462 2767 in
1477 2706 1528 2768 his
1542 2725 1613 2787 quae
1635 2714 1812 2788 sequuntur
1832 2707 1938 2769 relucet
1955 2724 1985 2766 rc

455 2812 580 2868 tantum
614 2803 763 2868 cilicium
794 2805 968 2887 imparatus
996 2813 1028 2867 et
1055 2805 1206 2885 indignus
1262 2812 1436 2884 permanet,
1454 2813 1484 2866 et
1504 2804 1599 2885 (sicut
1619 2813 1803 2887 prcetactum
1827 2807 1884 2884 est)
1905 2803 1987 2866 modi-

456 2904 591 2966 aecedas
607 2927 614 2965 :
631 2902 751 2983 alioqui
766 2902 911 2967 modicus
926 2920 1013 2966 error
1033 2904 1065 2964 in
1088 2902 1207 2985 princi·
1262 2921 1318 2964 cus
1333 2900 1477 2964 delectus
1493 2902 1525 2964 in
1540 2902 1701 2984 principio
1716 2922 1850 2985 magnus
1863 2902 1987 2965 ellicitur

458 3002 512 3084 pio
534 3020 670 3083 magnus
690 3001 752 3063 erit
772 3001 806 3063 in
827 3000 905 3062 line.
1221 3002 1243 3065 C
1264 3000 1296 3061 in
1312 3001 1582 3082 processullebet
1596 3020 1671 3082 ergo
1686 3001 1914 3065 confessionem
1928 3008 1987 3063 ante

337 3116 444 3169 reus.
497 3100 661 3178 Prmterea,
687 3099 838 3181 quoniam
864 3098 1101 3181 scriptumest,
1127 3099 1207 3174 Ouo
1261 3099 1359 3162 altere
1374 3118 1446 3161 cum
1462 3118 1578 3181 magna
1592 3100 1767 3163 attentione
1782 3100 1883 3163 iacere
1902 3118 1990 3161 sacer

458 3196 545 3259 niam
560 3196 762 3278 iniquitatem
777 3215 881 3259 meam
896 3215 955 3277 ego
971 3215 1145 3277 cognosco,
1162 3206 1204 3278 et,
1261 3199 1402 3277 dos,non
1418 3217 1456 3260 ex
1471 3197 1700 3259 consuetudine
1715 3198 1815 3278 arida,
1826 3206 1860 3260 ut
1872 3197 1990 3260 exterior

308 3281 444 3365 Parme.
459 3296 539 3376 Dixi,
555 3293 738 3358 Coniitehor
752 3295 920 3357 adversum
942 3314 993 3357 mc
1015 3295 1205 3376 injustitiam
1261 3295 1442 3358 humiliatio
1462 3296 1616 3377 corporis,
1633 3305 1664 3358 et
1684 3296 1759 3359 item
1779 3296 1882 3359 tunsio
1899 3304 1990 3377 pecto

309 3409 445 3461 armum
458 3412 562 3456 meam
577 3392 710 3456 Domino
724 3391 842 3473 (justus
857 3392 955 3473 enim,
972 3402 1051 3455 teste
1066 3393 1207 3457 Salomc-
1262 3393 1316 3471 ris,
1330 3412 1404 3455 vera
1419 3393 1483 3454 sint
1497 3394 1588 3474 signa
1603 3392 1764 3456 interioris
1778 3392 1990 3456 humiliationis

311 3474 345 3516 ¹⁷·
458 3510 510 3569 ne,
524 3491 557 3553 in
571 3490 731 3573 principio
745 3499 911 3555 accusator
925 3498 973 3552 est
988 3490 1053 3568 sui3
1067 3499 1100 3553 et
1112 3492 1205 3555 Josue
1260 3500 1355 3572 atque
1380 3492 1529 3553 mentalis
1554 3492 1788 3572 redargutionis
1817 3492 1863 3553 sui
1893 3490 1988 3573 ipsius.

321 3607 389 3652 rau
407 3622 444 3661 vn,
458 3587 602 3652 aitzlt'ili
616 3588 673 3668 mi,
690 3590 731 3651 da
750 3587 884 3670 gloriam
905 3587 981 3669 Deo,
997 3596 1029 3652 et
1050 3589 1204 3653 conlitere
1260 3589 1358 3651 Debet
1383 3589 1479 3652 etiam
1510 3589 1692 3653 cordialiter
1719 3588 1872 3653 affectare
1894 3587 1990 3651 otalii

312 3672 346 3713 ¹⁹·
458 3694 625 3770 peccatum
659 3689 762 3766 tuum)
793 3711 800 3748 ι
833 3695 1001 3769 propterea
1028 3688 1202 3769 presbyter,
1259 3695 1352 3749 orent
1366 3706 1424 3768 pro
1439 3708 1484 3766 se,
1501 3696 1533 3750 et
1554 3707 1612 3769 per
1632 3706 1744 3770 preces
1767 3688 1899 3751 aliorum
1919 3686 1992 3749 auni-

456 3785 541 3849 lotus
574 3785 661 3846 intus
687 3803 725 3847 ac
754 3783 843 3865 ioris,
874 3786 1035 3866 sacrisque
1063 3786 1204 3849 vestibus
1260 3783 1338 3847 lium
1369 3785 1430 3847 sibi
1458 3785 1641 3848 adiuturum
1671 3805 1810 3868 sperare,
1835 3786 1886 3870 pic
1913 3794 1991 3865 atque

457 3884 546 3947 velut
559 3883 639 3946 alter
651 3884 755 3947 Aaron
770 3884 952 3962 adornatus,
969 3882 1203 3948 confessionem
1257 3884 1422 3947 humiliter
1441 3886 1575 3947 eredens
1594 3884 1675 3948 alios
1700 3884 1849 3948 meliores
1872 3893 1903 3948 et
1920 3882 1990 3965 apud

457 3990 531 4045 ante
549 3982 647 4043 altare
665 3980 756 4058 iacit,
772 3989 928 4062 quatenus
953 3982 1062 4063 purior
1086 3981 1155 4062 liat,
1173 3992 1204 4045 et
1259 3984 1357 4045 Deum
1379 3984 1481 4065 magis
1502 3984 1627 4047 auditos
1649 4003 1744 4065 quam
1767 4004 1811 4047 se.

457 4080 496 4143 ad
525 4079 750 4143 celebrandum
774 4080 922 4161 paratior.
948 4080 1022 4155 Quis
1046 4080 1133 4142 enim
1157 4089 1205 4144 est

457 4178 491 4239 in
506 4178 566 4241 hac
585 4177 652 4239 vita
670 4176 717 4239 sic
735 4178 874 4239 mundus
902 4185 1018 4241 utnon
1038 4180 1080 4240 sit
1101 4198 1153 4241 ma
1177 4178 1242 4243 isll

457 4275 622 4357 magisque
643 4225 885 4337 muncaneusr'
1153 4198 1175 4260 ³
1430 4235 1696 4301 nnrtoonus
1732 4237 1833 4300 vm.

496 4373 590 4436 Facta
604 4390 680 4435 vero
694 4371 1077 4450 consessione,osculatur
1091 4375 1200 4437 altare.
1461 4386 1509 4445 De
1523 4386 1671 4445 Introitu
1685 4386 1805 4445 Misscr.

456 4471 561 4533 Altare
580 4470 665 4533 enim
685 4470 844 4532 Christum
863 4470 915 4533 vel
937 4489 1065 4533 crucem
1087 4472 1202 4535 Christi

456 4568 614 4650 designat,
631 4570 807 4631 secundum
827 4568 1040 4632 Ambrosium.
1064 4570 1122 4633 Per
1142 4571 1202 4635 hoc
1317 4574 1484 4633 AUDEM
1502 4572 1603 4631 dicite
1631 4571 1766 4635 Domino
1793 4576 1859 4635 Dec
1883 4580 1991 4639 nostro,
2003 4600 2084 4650 ppo.

456 4685 532 4748 ergo
546 4667 630 4748 quod
645 4666 807 4730 osculatur
828 4667 936 4747 altare,
952 4668 1149 4732 demonstrat
1169 4689 1203 4732 se
1331 4688 1439 4729 omnes
1463 4670 1552 4728 servi
1575 4670 1658 4747 ejas,
1680 4672 1803 4746 pusilli
1825 4680 1855 4730 et
1883 4670 1990 4747 meyri.
2004 4664 2018 4702 ⁵·

456 4764 619 4827 ardentem
633 4784 773 4829 amorem
788 4765 904 4828 habere
924 4765 964 4828 ad
985 4765 1155 4847 Christum,
1172 4776 1203 4830 et
1256 4767 1411 4843 Quoniam
1426 4773 1527 4829 totum
1539 4765 1639 4829 blissm
1653 4766 1801 4829 cilicium
1818 4768 1856 4830 ad
1872 4784 1994 4831 comme
2100 4748 2101 4827 l

306 4882 441 4935 romena.
456 4863 495 4926 ad
511 4862 700 4925 celebranda
714 4864 785 4943 ejus
800 4862 1061 4944 mysteria3velle
1075 4883 1202 4947 quoque
1257 4864 1467 4929 morationem
1488 4862 1722 4926 beneficiorum
1748 4865 1804 4927 Dei
1830 4864 1991 4938 ordinatur,
2100 4850 2101 4857 '

308 4948 381 5050 ¹25·
396 5020 441 5057 m·
455 4961 541 5024 uniri
566 4968 599 5022 et
625 4958 818 5023 conformari
843 4961 1046 5043 passionibus
1074 4963 1200 5045 Christi,
1257 4963 1419 5026 Salvatore
1434 4961 1572 5039 dicente,
1589 4961 1659 5024 Haec
1675 4962 1939 5044 quotiescumque
1958 4961 1995 5023 le
2015 4978 2081 5051 icet
2100 5008 2101 5025 2

307 5068 370 5121 ¹⁷;¹1
383 5069 440 5113 Tim·
456 5059 560 5123 sciens
574 5058 650 5140 quia
668 5076 733 5121 non
752 5066 800 5121 est
818 5078 929 5121 servus
948 5059 1051 5140 maior
1072 5062 1201 5127 domino
1257 5060 1375 5137 ceritis,
1392 5060 1426 5121 in
1445 5059 1508 5121 mei
1533 5058 1720 5122 memoriam
1747 5059 1874 5123 iacietis
1887 5082 1896 5137 3
1911 5062 1994 5123 bene
2005 5043 2056 5086 Μ’·

306 5134 524 5244 ¹11¹T²f'„„„·suc,
540 5166 572 5221 et
589 5158 666 5240 quia
684 5157 711 5219 si
736 5158 957 5239 compatimur,
973 5166 1006 5221 et
1028 5177 1202 5239 conregna·
1255 5158 1342 5221 ficiis
1376 5166 1482 5220 autem
1515 5157 1570 5220 Dei
1599 5157 1645 5219 nil
1673 5157 1803 5240 dignius
1832 5159 1994 5241 rependere

307 5249 341 5298 ἢ
454 5255 570 5320 bimus.
587 5255 703 5318 Omnes
717 5254 803 5319 enim
817 5255 873 5335 qui
888 5257 999 5319 volunt
1017 5257 1070 5339 pie
1092 5256 1200 5321 vivere
1256 5276 1426 5340 possumus
1451 5255 1514 5317 nisi
1538 5256 1692 5320 bonorem
1717 5264 1750 5319 et
1775 5256 1917 5338 leudem,
1931 5274 1993 5319 nan
