4309 6259
429 482 491 550 332
960 506 1119 554 nmosrrro
1139 506 1247 553 mssa.
1269 525 1310 537 -
1330 506 1399 553 aar.
1423 507 1446 555 11

430 675 526 738 modo
549 677 690 757 cognitio
713 698 808 742 causa
836 678 1017 742 dilectionis
1040 678 1175 757 dicatur,
1192 678 1217 739 h
1233 696 1271 741 ox
1285 677 1340 741 tali
1356 679 1623 762 contemplatione
1638 678 1825 761 procedens,
1842 675 1987 739 maxime

431 791 531 853 quum
545 774 670 838 bonitas
688 777 733 839 rei
755 785 867 841 amata
887 778 928 840 sit
947 795 1017 860 qoae
1036 776 1178 840 dilectio
1232 777 1392 841 meritoria
1413 786 1461 841 est
1482 786 1514 841 et
1534 778 1717 859 diligentem
1739 775 1908 839 deificans.

431 891 506 935 nem
535 872 570 935 in
598 875 706 940 animo
733 876 897 958 diligentis
926 876 1050 939 inducit
1083 882 1177 956 atque
1272 875 1333 938 Sed
1360 875 1399 937 ad
1424 877 1506 939 hanc
1531 875 1760 959 perfectionem
1788 891 1883 937 nemo
1911 892 1988 955 per-

432 971 557 1035 excitat.
577 973 616 1035 lit
640 976 907 1055 respondendum,
927 977 1012 1056 quod
1036 974 1177 1056 cognitio
1232 974 1353 1055 tingere
1381 974 1474 1051 valet,
1500 974 1561 1037 nisi
1591 974 1645 1056 qui
1674 972 1788 1037 Christi
1814 991 1988 1035 conversa-

431 1069 1036 1156 boniestcausadilectionis,tanquam
1052 1074 1178 1155 viaque
1232 1071 1352 1134 tionem
1378 1072 1410 1134 in
1436 1073 1555 1135 mundo
1580 1072 1696 1135 imitari
1721 1071 1889 1151 studuerit,
1909 1070 1988 1152 ejus

432 1168 472 1231 ad
493 1186 634 1232 amorem
656 1170 731 1234 boni
753 1172 855 1234 tendit
875 1172 1033 1235 voluntas.
1050 1172 1178 1235 Bonitas
1232 1169 1443 1233 humilitatem
1469 1171 1629 1248 sectando,
1650 1170 1837 1252 patientiam
1862 1168 1989 1250 amplc-

432 1275 537 1329 autem
552 1267 611 1346 rei,
624 1286 680 1330 sco
695 1268 801 1350 ipsum
815 1270 987 1333 voluntatis
1002 1270 1175 1351 objectum,
1233 1269 1357 1349 ctendo,
1382 1270 1544 1332 caritatem
1569 1269 1742 1351 sequendo,
1765 1266 1987 1331 obedientiam

431 1372 481 1427 est
501 1383 597 1428 causa
619 1366 801 1429 dilectionis
823 1368 943 1431 motiva
966 1376 999 1431 ct
1019 1368 1110 1449 qnasi
1133 1367 1179 1430 ef·
1233 1365 1397 1431 imitando.
1427 1367 1484 1443 Qui
1514 1367 1600 1430 enim
1629 1366 1707 1430 dicit
1735 1386 1768 1429 sc
1796 1366 1830 1427 in
1858 1364 1989 1428 Christo
2003 1387 2122 1432 ramas

431 1462 558 1525 ficiens.
588 1462 654 1538 Ouo
684 1464 783 1547 igitur
813 1466 953 1547 cognitio
984 1466 1100 1530 clarior
1129 1466 1179 1528 fu·
1233 1482 1373 1542 manere,
1389 1465 1582 1528 debctsicut
1601 1465 1655 1528 ille
1677 1464 1900 1527 ambulavitet
1915 1463 1988 1545 ipse

432 1560 503 1638 erit,
530 1570 562 1623 et
588 1561 713 1626 bonitas
742 1564 788 1625 rei
817 1564 920 1646 major
948 1565 1114 1642 exstiterit,
1140 1584 1179 1628 eo
1233 1563 1406 1626 ambulare.
1427 1564 1544 1627 Radius
1569 1564 1687 1646 quippe
1708 1562 1825 1627 divinae
1846 1562 1933 1625 lucis
1955 1562 1989 1623 in

432 1657 485 1721 via
509 1659 548 1721 ad
576 1658 775 1741 diligendum
802 1670 851 1724 cst
874 1661 998 1743 melior,
1024 1672 1056 1725 et
1084 1682 1179 1727 causa
1234 1661 1389 1742 superiori
1405 1670 1492 1744 parte
1508 1662 1670 1726 rationalis
1685 1662 1800 1725 animas
1815 1659 1991 1743 splendere

431 1756 558 1819 amandi
573 1756 816 1840 intensior.lpsa
830 1778 956 1842 quoque
970 1760 1099 1824 dilectio
1110 1762 1177 1840 Dei,
1235 1777 1299 1821 non
1325 1768 1438 1840 potest,
1464 1779 1523 1823 nec
1552 1761 1645 1824 ardor
1671 1759 1773 1822 divini
1803 1758 1923 1822 amoris
1955 1758 1990 1819 in

433 1854 675 1920 delectationem
695 1857 792 1921 habet
811 1858 1007 1939 adjunctam,
1029 1862 1179 1940 quemad·
1197 1858 1220 1920 B
1236 1856 1442 1920 intellectuali
1471 1857 1613 1939 appetitu
1641 1876 1697 1919 seu
1724 1855 1889 1919 voluntate
1923 1854 1991 1916 fer-

285 1971 420 2022 remus.
434 1954 563 2017 modmn
585 1955 738 2036 scriptum
760 1964 809 2019 est
829 1980 836 2018 :
857 1957 973 2021 Memor
994 1957 1041 2020 fui
1061 1959 1127 2035 Dei,
1149 1967 1181 2021 et
1235 1975 1319 2033 vere,
1341 1955 1403 2017 nisi
1429 1953 1560 2019 inferior
1583 1974 1656 2037 pars
1676 1954 1791 2017 animae
1814 1952 1911 2016 fuerit
1936 1973 1992 2015 ex·

285 2067 307 2109 r
307 2081 420 2117 11111111
433 2048 607 2113 delectatus
635 2071 725 2131 sum3
751 2061 784 2115 et
811 2073 918 2116 rursus
945 2078 952 2115 ι
979 2053 1182 2136 Concupiscit
1235 2062 1366 2136 purgata
1381 2054 1420 2116 ab
1442 2054 1562 2136 impetu
1585 2053 1769 2136 passionum
1791 2059 1823 2114 ct
1837 2051 1992 2115 sordibus

287 2134 307 2174 ³·
433 2156 465 2211 et
485 2148 597 2212 delicit
616 2150 724 2212 anima
743 2171 814 2214 mea
836 2152 869 2214 in
891 2152 970 2214 atria
987 2153 1133 2232 Domini,
1150 2162 1181 2217 et
1235 2161 1449 2234 peccatorum.
1465 2152 1523 2226 Qui
1539 2152 1636 2232 igitur
1649 2150 1765 2214 Christi
1782 2149 1992 2213 divinitatem

325 2265 420 2310 raram.
434 2246 577 2325 sequitur
600 2271 607 2309 :
629 2247 687 2310 Cor
710 2267 817 2310 meum
840 2257 871 2311 et
892 2268 965 2313 caro
986 2269 1057 2313 mea
1078 2251 1181 2313 exsul·
1235 2249 1442 2331 contemplari
1465 2257 1496 2311 et
1517 2268 1623 2312 amare
1643 2248 1814 2326 desiderat,
1837 2267 1912 2311 eum
1942 2268 1993 2310 se

433 2352 580 2407 taverunt
604 2345 636 2407 in
666 2343 765 2409 Deum
788 2347 914 2437 rivum.
940 2348 1026 2411 Unde
1054 2349 1180 2413 devotio
1235 2348 1374 2411 cundum
1390 2349 1562 2410 humanam
1573 2355 1719 2410 naturam
1731 2346 1904 2428 diligenter
1915 2365 1993 2409 con-

433 2441 513 2504 nihil
539 2441 625 2505 aliud
645 2452 693 2506 est
716 2462 811 2524 qnam
836 2454 981 2528 prompta
1006 2445 1180 2509 voluntatis
1235 2447 1361 2525 sideret,
1378 2445 1544 2528 praedictas
1565 2466 1630 2508 suaa
1650 2445 1723 2508 vitae
1746 2445 1882 2507 virtutes
1906 2445 1993 2527 vigi-

433 2539 564 2604 affectio
591 2543 782 2623 exsequendi
811 2562 848 2605 aa
876 2562 946 2624 quaa
968 2544 1023 2607 Dei
1048 2553 1121 2606 sunt
1149 2554 1181 2606 et
1235 2544 1336 2606 lanter
1358 2544 1533 2625 pensando,
1559 2543 1739 2607 efficaciter
1763 2543 1936 2622 imitando,
1960 2551 1994 2604 et

370 2691 373 2696 .
433 2639 577 2702 divinum
597 2640 750 2705 honorem
771 2660 808 2703 ao
830 2641 950 2704 cultum
970 2651 1177 2707 concernunt.
1235 2642 1409 2704 secundum
1438 2642 1495 2703 has
1523 2641 1794 2704 considerationes
1819 2659 1895 2703 eum
1927 2640 1994 2703 ler-

433 2738 565 2802 Devotio
592 2758 669 2821 ergo
697 2758 735 2802 cx
763 2739 1031 2822 contemplatione
1058 2742 1177 2821 divina,
1235 2748 1345 2801 venter
1365 2740 1512 2802 amando.
1530 2740 1616 2801 Tunc
1639 2738 1725 2801 enim
1744 2737 1937 2820 implebitur
1958 2738 1993 2799 in

434 2836 593 2899 mediante
607 2838 790 2915 dilectione,
798 2846 955 2901 causatur.
963 2838 1007 2901 lix
1019 2840 1077 2901 hoc
1093 2840 1178 2901 enim
1234 2857 1272 2901 eo
1294 2838 1348 2899 illa
1367 2836 1482 2899 Christi
1503 2837 1672 2919 promissio
1689 2860 1696 2898 :
1713 2835 1771 2911 Oui
1792 2835 1901 2917 diligit
1923 2855 1990 2913 me,
2006 2844 2128 2904 rasati

433 2935 518 3015 quod
532 2934 631 2997 Deum
645 2936 809 3016 diligimus
823 2943 855 2997 et
876 2936 909 2997 in
924 2936 994 3017 ejus
1009 2936 1179 3001 dilectione
1235 2936 1385 3017 diligetur
1398 2953 1416 2996 a
1431 2935 1520 2997 Patre
1535 2953 1617 3015 meo,
1631 2942 1662 2997 et
1676 2952 1736 3016 ego
1749 2933 1884 3016 diligam
1899 2953 1992 3012 eum,
2008 2927 2040 2966 ²¹·

433 3033 619 3117 gaudemus,
644 3033 815 3096 inardescit
836 3032 972 3096 affectus
997 3036 1035 3097 ad
1060 3054 1098 3097 ea
1122 3035 1179 3098 im·
1197 3030 1220 3093 C
1236 3043 1267 3099 et
1288 3031 1499 3096 manifestabo
1520 3032 1550 3095 ei
1571 3051 1622 3095 mc
1645 3032 1760 3114 ipsum.

433 3132 552 3215 plenda
572 3151 641 3214 quan
662 3133 726 3193 lleo
748 3140 822 3193 sunt
843 3132 970 3213 placita.

473 3230 580 3307 Porro,
606 3229 639 3291 in
668 3228 800 3291 Domino
825 3237 932 3292 nostro
960 3230 1033 3291 Jesu
1057 3230 1180 3295 Christo
1450 3242 1696 3309 ARTICULUS
1720 3241 1765 3304 ΙΙ,

433 3336 482 3391 cst
511 3326 628 3408 duplex
655 3333 778 3406 natura,
807 3334 840 3389 et
873 3344 938 3388 una
964 3346 1120 3409 persona,
1150 3338 1181 3391 et

434 3426 609 3488 secundom
625 3432 790 3505 utramque
804 3434 961 3503 naturam,
969 3427 1182 3508 contemplan-

431 3524 491 3586 dus
507 3516 739 3605 ac'diligendus
753 3531 802 3586 est
815 3522 917 3586 nobis.
926 3524 985 3586 Sed
1000 3542 1062 3605 quo
1073 3525 1182 3587 divina

433 3624 503 3704 ojus
528 3631 641 3685 natura
665 3622 863 3703 praestantior
888 3629 982 3702 atque
1010 3622 1182 3704 perfectior

432 3731 481 3785 cst
494 3721 692 3783 humanitate
710 3728 882 3802 assumpta,
898 3739 937 3784 eo
956 3722 1181 3803 contemplatio
1313 3725 1396 3785 UOD
1420 3730 1529 3781 actem
1553 3740 1643 3781 cunc
1665 3722 1737 3779 vivo
1759 3720 1933 3791 incarne,
1959 3722 1997 3781 in
2013 3746 2126 3801 0.ra,..·.·,

433 3820 547 3884 Christi
563 3821 738 3883 secundum
753 3827 897 3882 naturam
913 3820 1066 3897 divinam,
1084 3829 1115 3881 et
1134 3840 1181 3883 se·
1321 3823 1387 3897 fide
1407 3820 1480 3878 vico
1500 3820 1587 3881 Filii
1606 3820 1679 3887 Dei,
1701 3819 1761 3897 qui
1781 3818 1903 3877 ditexit
1925 3839 1997 3889 me,

1236 3388 1283 3447 De
1302 3385 1469 3445 deuotione
1484 3402 1556 3461 quae
1574 3385 1619 3441 ad
1636 3383 1736 3458 digne
1753 3382 1997 3442 celebrandum

1277 3473 1465 3551 requiritur
1487 3481 1518 3530 et
1539 3473 1666 3548 sufficit
1686 3472 1731 3529 mi
1753 3473 1907 3539 salutem,
1925 3490 1996 3529 non

1277 3572 1386 3621 tamen
1401 3563 1446 3620 od
1456 3561 1700 3636 perfectionem.

434 3920 573 3982 cundum
602 3920 683 3981 hanc
712 3920 860 3980 cumdem
887 3917 1032 4000 diligero,
1054 3918 1181 4000 dignior
1236 3926 1267 3977 et
1288 3918 1430 3977 tradidit
1449 3917 1654 3992 semetipsum
1673 3932 1736 3991 pro
1756 3934 1815 3976 me.
1831 3913 1999 3989 Quemad-

434 4026 482 4080 est
502 4025 534 4079 et
556 4018 631 4078 item
652 4015 820 4078 sublimior
840 4033 934 4095 quam
955 4016 1181 4097 contemplatio
1238 4015 1366 4078 modum
1395 4014 1428 4076 in
1457 4014 1552 4077 rebus
1580 4012 1761 4076 viventibus
1796 4012 1904 4075 anima
1944 4026 2000 4077 est

435 4115 506 4195 ejus
521 4114 696 4176 secundum
717 4121 863 4175 naturam
884 4115 1067 4191 humanam,
1084 4123 1116 4177 et
1135 4134 1182 4177 se
1236 4111 1429 4194 principium
1450 4111 1523 4173 vitae
1542 4110 1695 4173 naturalis
1714 4118 1746 4173 et
1767 4110 1912 4173 omnium
1936 4133 2000 4175 na-

436 4215 575 4277 cnndum
600 4213 682 4275 hanc
707 4232 780 4275 eum
803 4232 919 4275 amare.
943 4214 1073 4295 Propter
1097 4215 1181 4295 quod
1195 4209 1221 4272 D
1237 4208 1385 4271 toralium
1401 4208 1620 4289 operationum
1640 4228 1676 4271 ac
1695 4216 1850 4287 motuum,
1867 4208 1915 4271 sic
1934 4210 1998 4275 Dei
2124 4284 2125 4291 χ

435 4312 480 4374 ait
503 4311 671 4394 Apostolus
693 4335 700 4373 ε
721 4310 760 4373 Et
784 4309 811 4372 si
833 4310 1002 4391 aliquando
1021 4311 1181 4373 Christum
1236 4309 1337 4390 gratia
1358 4308 1391 4369 in
1412 4308 1518 4369 anima
1539 4315 1587 4369 cst
1610 4306 1804 4389 principium
1824 4306 1898 4369 vitae
1923 4328 2002 4373 me-

317 4419 323 4432 '
435 4413 610 4474 secundum
626 4409 1100 4490 camemoognovimus,tamen
1114 4410 1180 4490 jam
1237 4406 1351 4470 ritoriar
1386 4406 1592 4487 omniumque
1627 4405 1787 4469 actionum
1815 4404 1998 4486 honarum,

435 4529 520 4572 nunc
544 4528 608 4572 non
633 4508 792 4572 novimus.
817 4507 882 4570 lmo
906 4506 939 4567 in
964 4507 1114 4569 omnibus
1138 4508 1181 4570 ita
1237 4506 1411 4569 secundum
1434 4503 1513 4567 illud
1527 4503 1669 4586 Apostoli
1686 4526 1693 4565 :
1710 4502 1814 4566 Gratia
1834 4503 1889 4565 bei
1912 4524 1999 4570 sum
2025 4524 2080 4570 rra
2096 4534 2113 4563 ιι

433 4618 493 4688 est,
509 4608 594 4689 qnod
609 4613 727 4688 quanto
743 4624 793 4667 res
813 4605 941 4686 cognita
959 4605 1181 4686 melioratque
1237 4605 1270 4667 id
1298 4604 1382 4685 quod
1410 4622 1491 4666 sum.
1522 4602 1673 4678 Quaelibct
1699 4610 1806 4664 autem
1833 4603 1920 4665 actio
1955 4626 2000 4669 ex
2015 4592 2047 4632 ¹⁰·

433 4706 573 4771 divinior
593 4712 702 4781 exstat,
724 4722 762 4765 co
784 4701 1012 4784 contemplatio
1036 4703 1107 4784 ejus
1128 4704 1182 4765 de·
1237 4702 1338 4784 gratia
1365 4701 1420 4763 Dei
1450 4701 1636 4781 procedens,
1666 4701 1729 4763 lleo
1763 4707 1894 4782 accepta
1926 4714 1998 4767 est.

434 4803 634 4868 siderabilior
654 4809 723 4879 est;
739 4810 771 4863 et
790 4819 880 4864 amor
900 4819 938 4862 ex
959 4800 1180 4882 hujuscemodi
1236 4800 1434 4880 Quicumque
1455 4817 1530 4881 crgo
1545 4798 1578 4860 in
1593 4797 1694 4880 gratia
1708 4806 1766 4875 est,
1783 4798 1810 4858 si
1832 4798 1999 4882 celebret,

435 4900 701 4983 contemplatione
733 4918 896 4977 emenone,
926 4900 1028 4980 magis
1055 4901 1182 4963 merito
1237 4897 1398 4962 meritorie
1413 4898 1488 4979 agit,
1506 4904 1538 4960 et
1551 4896 1649 4959 vitam
1664 4904 1804 4958 meretur
1821 4904 2000 4983 aternam,

433 5003 501 5065 rius
528 5008 577 5063 est
605 5007 636 5060 et
664 4999 727 5061 lleo
759 4997 928 5079 acceptior.
960 4998 1046 5060 Unde
1081 4998 1182 5080 ipsius
1236 4995 1299 5059 nisi
1319 5014 1377 5077 per
1395 4994 1622 5076 negligentiam
1644 4993 1806 5076 propriam
1825 5000 1858 5057 ct
1877 4996 2003 5061 volun-

435 5096 707 5183 superbenedictae
720 5094 850 5158 Deitatis
870 5095 1009 5175 cognitio
1028 5103 1060 5158 et
1074 5114 1183 5177 super·
1237 5094 1310 5157 tatis
1335 5093 1575 5157 subversionem
1595 5092 1729 5174 gratiam
1752 5092 1841 5155 illam
1866 5094 2004 5159 amittat

434 5206 551 5263 sancta
585 5193 748 5257 Trinitatis
777 5193 963 5275 speculatio,
993 5213 1117 5256 summe
1152 5203 1184 5257 et
1238 5194 1271 5255 in
1295 5192 1366 5274 ipso
1390 5210 1521 5255 accessu
1546 5191 1597 5254 vel
1621 5191 1846 5273 prosecutione
1871 5192 1998 5260 officii.

435 5291 727 5377 incomparabiliter
741 5290 922 5373 appetibilis
936 5291 1039 5355 estllt
1053 5291 1183 5356 dilectio
1238 5290 1323 5355 Talis
1344 5297 1450 5355 autem
1470 5288 1599 5355 amissio
1620 5289 1728 5372 gratiae
1747 5308 1813 5354 non
1833 5292 2002 5378 contingit
