4309 6259
315 519 357 565 Μ
376 518 578 567 sommo
598 518 728 565 mutuis
750 518 787 563 ΕΤ
806 517 904 564 lflSSAE
925 516 1149 563 manasterio
1171 514 1330 563 ntatootJS.
1351 534 1392 544 -
1412 514 1482 560 stit.
1505 514 1570 559 xvtt
1654 493 1711 559 407

171 698 245 753 sunt
258 690 382 773 proprii
396 698 497 755 actus.
512 690 608 754 Porro
628 709 667 752 ex
687 688 814 753 fervore
835 686 916 750 cari-
929 686 955 747 Α
969 685 1269 767 frequentationem,
1295 685 1356 748 boc
1383 691 1432 747 est
1457 681 1711 757 celebrationem,

172 788 242 851 tatis
256 790 400 870 procedit
412 788 594 853 immediate
608 786 827 870 imperialiter,
839 803 917 866 quo-
969 784 1176 861 institueudo,
1192 783 1343 866 pracepit
1363 781 1532 863 Apostolis,
1549 788 1581 843 ct
1605 779 1639 841 in
1663 797 1715 842 eo-

170 886 258 948 niam
289 888 414 967 caritas,
444 907 542 969 quum
574 887 617 949 sit
649 884 917 949 excellentissima
970 902 1039 945 rum
1068 901 1204 964 persona
1232 881 1355 944 cunctis
1383 878 1575 962 presbyteris
1605 902 1613 939 ;
1642 876 1714 941 ttaec
1729 905 1783 951 ru,
1808 918 1862 959 m,

170 985 271 1048 virtus
292 993 324 1049 et
343 987 488 1049 omnium
512 985 589 1048 finis
613 985 778 1061 virtutum,
795 991 916 1045 ceteras
969 982 1229 1063 quotiescumque
1244 980 1437 1059 feceritis,in
1453 978 1515 1041 mei
1529 976 1714 1040 memoriam
1729 968 1859 1085 ἱζῑὲξζ·
1878 1034 1880 1037 .

170 1091 278 1146 movet
292 1082 426 1146 virtutes
440 1083 629 1166 imperative
647 1083 686 1145 ad
706 1101 781 1145 suos
799 1089 888 1143 actus
905 1103 913 1142 :
969 1080 1106 1159 facietis,
1124 1081 1156 1143 id
1170 1079 1264 1143 estin
1280 1076 1614 1142 commemorationem
1629 1093 1715 1139 amo-
1800 1064 1806 1085 '

169 1181 297 1259 caritas,
318 1181 460 1261 inquam,
483 1201 541 1245 seu
564 1180 698 1243 actualia
717 1178 859 1256 dilectio,
882 1178 913 1240 id
971 1197 1074 1242 rosam
1097 1198 1133 1241 ac
1158 1179 1304 1241 devotam
1329 1176 1450 1239 eximiae
1473 1174 1612 1238 caritatis
1637 1193 1715 1237 mete

167 1286 217 1341 est
230 1279 379 1343 voluntas
393 1297 451 1360 per
464 1278 628 1342 caritatem
646 1275 914 1357 dilectionemque
970 1279 1010 1340 ad
1024 1298 1093 1357 vos,
1110 1286 1142 1340 et
1155 1276 1371 1340 acerbissime
1385 1294 1463 1339 mear
1478 1273 1637 1355 passionis
1658 1292 1715 1356 pro

167 1376 336 1440 actualem.
362 1376 516 1457 lienique,
541 1394 642 1457 quum
667 1375 758 1436 latria
785 1372 916 1437 exsistat
970 1376 1073 1441 vobis.

169 1494 243 1557 pars
272 1474 449 1555 subjectiva
477 1493 533 1536 seu
561 1472 684 1555 species
711 1471 854 1553 justitiae,
884 1478 915 1533 et
1011 1476 1179 1538 Samaeos.
1195 1510 1236 1520 -
1250 1472 1295 1536 Ex
1308 1474 1369 1536 boc
1388 1472 1514 1536 videtur
1532 1471 1616 1552 quod
1636 1471 1718 1535 cele

168 1574 253 1635 inter
270 1574 403 1635 virtutes
421 1572 556 1635 morales
575 1569 846 1654 propinquissima
866 1588 917 1631 ca·
970 1574 1067 1636 brans
1092 1582 1203 1655 peccat
1226 1572 1413 1651 mortaliter,
1434 1572 1460 1633 si
1487 1570 1584 1633 verba
1609 1588 1720 1633 couse-

168 1670 266 1749 riteti,
288 1670 360 1733 ideo
380 1669 559 1750 subjectum
585 1667 685 1730 latriae
707 1667 826 1729 dicitur
847 1685 917 1729 esse
972 1671 1123 1735 orationis
1145 1671 1228 1752 legat
1252 1688 1325 1732 cum
1353 1668 1487 1733 notabili
1515 1668 1718 1730 distractione

167 1768 327 1846 voluntas,
344 1766 427 1830 sicut
448 1774 481 1829 et
498 1766 636 1829 caritatis
655 1772 750 1846 atque
773 1764 914 1845 justitie.
971 1777 1027 1832 aut
1044 1769 1114 1831 sine
1135 1767 1250 1831 actuali
1270 1768 1449 1843 devotione,
1467 1765 1517 1829 vel
1536 1766 1633 1829 etiam
1657 1765 1720 1827 alia

167 1866 322 1929 Voluntas
346 1883 422 1929 vero
441 1866 480 1928 de
499 1884 535 1927 se
558 1883 642 1928 caeca
666 1872 823 1942 censetur,
839 1881 917 1944 quo
934 1864 1072 1931 Bllissae
1094 1886 1150 1929 seu
1172 1865 1305 1929 canonis
1328 1864 1435 1928 verba.

169 1964 258 2027 niam
272 1964 344 2045 ejus
357 1983 396 2026 cx
411 1982 446 2026 sc
460 1964 530 2045 ipsa
545 1981 609 2025 non
630 1971 679 2025 est
701 1980 915 2044 cognoscere3
1013 1966 1158 2028 Vsurras.
1175 2000 1215 2010 -
1238 1964 1397 2045 Praecepta
1421 1960 1616 2024 affirmativa
1640 1959 1720 2023 obli-

168 2063 243 2125 ideo
270 2062 444 2124 directione
475 2070 507 2124 ct
535 2060 769 2123 illuminatione
797 2059 919 2140 indiget
972 2072 1049 2146 gant
1063 2082 1199 2145 semper,
1217 2064 1272 2125 sed
1287 2081 1351 2126 nou
1367 2063 1406 2125 ad
1421 2080 1556 2141 semper.
1569 2058 1719 2133 Quamvis

169 2159 304 2223 rationis
318 2178 356 2221 ac
370 2157 572 2222 discretionis
589 2182 596 2220 :
613 2157 841 2240 propterquod
863 2157 919 2220 ob
973 2182 1049 2243 ergo
1077 2162 1116 2224 ad
1147 2160 1393 2225 celebrationem
1417 2158 1620 2239 requirantur
1642 2155 1720 2219 dile-

167 2258 292 2339 jectum
308 2257 479 2320 veluntatis
499 2265 549 2319 est
566 2257 686 2320 bonum
708 2256 916 2334 intellectum,
974 2260 1049 2338 ctio,
1075 2260 1220 2340 attentio,
1246 2277 1303 2321 seu
1330 2256 1457 2320 devotio
1485 2254 1630 2336 actualis,
1656 2272 1720 2319 non

168 2355 200 2418 id
230 2363 281 2418 est
309 2353 569 2417 intellectualiter
599 2354 834 2436 apprehensum
862 2374 919 2416 seu
974 2367 1080 2422 tamen
1100 2359 1140 2421 cd
1159 2357 1334 2439 quamlibet
1354 2356 1453 2419 llissae
1468 2353 1612 2437 partem.
1627 2353 1719 2431 ilinc,

168 2454 348 2534 cognitum.
373 2452 454 2515 ilino
477 2460 567 2515 actus
589 2452 743 2514 virtulum
766 2451 920 2515 exsiswn·
974 2457 1001 2521 si
1034 2476 1071 2519 ex
1106 2455 1278 2536 fragilitate
1307 2453 1470 2534 contingat
1496 2450 1660 2515 distractio
1688 2450 1721 2512 in

169 2552 252 2613 tium
276 2550 454 2630 subjective
483 2549 515 2612 in
541 2548 716 2626 voluntate,
743 2550 920 2630 procedunt
974 2572 1175 2638 quacumque
1202 2550 1424 2617 celebrationis
1445 2558 1545 2632 parte,
1562 2568 1627 2612 uon
1649 2565 1748 2612 mox·

168 2648 355 2711 immediate
369 2666 408 2710 ex
421 2648 558 2729 quadarn
573 2646 769 2728 cognitione,
784 2666 849 2710 non
864 2646 920 2709 eli·
974 2654 1147 2716 incurritur
1173 2660 1339 2733 peccatum
1368 2650 1522 2727 mortale;
1553 2648 1608 2711 sed
1641 2648 1722 2710 cele-

116 2829 119 2833 ,
170 2746 269 2809 citive
297 2745 381 2807 sicut
406 2764 447 2807 ex
474 2744 611 2826 propriis
638 2742 707 2807 suis
735 2743 919 2821 virtutibus,
975 2753 1070 2815 brans
1084 2750 1176 2815 valde
1191 2750 1286 2812 debet
1299 2749 1461 2811 attendere
1475 2766 1516 2810 ne
1531 2766 1569 2809 ox
1583 2746 1722 2809 incasto

168 2862 229 2907 neo
258 2842 364 2905 taliter
390 2841 577 2924 imperative
601 2841 684 2904 sicut
710 2862 748 2905 0¹
776 2841 918 2918 carilefe,
975 2851 1028 2913 dia
1050 2850 1138 2912 visus
1163 2856 1217 2909 aut
1242 2845 1483 2909 irrefrenatione
1508 2845 1647 2922 auditus,
1668 2852 1723 2907 aut

171 2945 228 3007 sed
252 2941 407 3006 directive
426 2949 521 3023 atque
541 2941 680 3021 vialiter,
697 2941 741 3003 ita
763 2942 846 3023 quod
869 2960 921 3005 oo-
975 2947 1038 3010 alio
1057 2946 1162 3023 modo,
1180 2962 1275 3006 causa
1296 2942 1346 3006 vel
1369 2942 1537 3006 occasione
1556 2940 1720 3023 culpabili,

169 3040 275 3123 gnitio
289 3040 379 3122 quasi
395 3059 452 3123 per
465 3040 595 3103 modum
610 3039 669 3102 viae
686 3040 774 3102 ducit
788 3039 920 3101 virtutes
935 3039 958 3103 C
976 3044 1214 3107 distractionem
1236 3040 1517 3121 evagationemque
1537 3039 1653 3103 mentis
1675 3039 1724 3101 in-

170 3140 244 3202 illas
260 3140 299 3201 ad
314 3147 404 3201 actus
420 3138 572 3219 ipsarum,
589 3146 621 3200 et
642 3138 729 3219 ipsos
749 3145 839 3200 actus
859 3138 920 3199 boo
976 3150 1092 3220 currat,
1109 3140 1230 3203 etitem
1246 3158 1286 3201 ne
1301 3138 1398 3219 (quod
1414 3137 1509 3216 absit)
1524 3136 1722 3199 distractioni

169 3239 270 3301 modo
291 3236 450 3319 producit.
976 3239 1162 3304 irrefrenate
1196 3246 1250 3301 aut
1284 3236 1468 3300 notabiliter
1496 3235 1682 3299 immoretur
1714 3257 1720 3297 :

210 3336 432 3399 Saouenda-
444 3334 533 3397 Clara
547 3342 580 3397 et
592 3332 779 3396 doctrinalis
794 3352 923 3415 respon·
976 3338 1095 3421 alioqui
1112 3346 1174 3399 tam
1189 3335 1379 3399 incustodita
1395 3342 1426 3397 et
1440 3334 1588 3397 distracte
1604 3352 1637 3396 se
1652 3352 1724 3416 pos-

169 3434 231 3513 sio,
255 3451 296 3495 en
318 3451 382 3513 qua
406 3431 559 3495 elucescit
581 3432 718 3513 qualiter
741 3432 867 3495 devotio
890 3439 922 3494 et
977 3446 1024 3501 set
1046 3436 1164 3498 babere
1188 3434 1222 3496 in
1246 3431 1448 3511 celebrando,
1469 3432 1553 3512 quod
1578 3437 1724 3513 peccaret

170 3532 305 3595 dilectio
332 3530 546 3595 diversimode
574 3530 723 3594 dicantur
749 3531 921 3613 procedere
977 3534 1162 3611 mortaliter,
1180 3540 1211 3595 et
1224 3531 1385 3594 caritatem
1406 3549 1500 3611 quam
1521 3538 1594 3591 ante
1616 3529 1667 3591 vel
1689 3528 1722 3591 in

169 3650 208 3693 ex
231 3630 327 3693 latria
340 3637 372 3693 et
386 3629 517 3692 caritate
539 3638 634 3710 atque
654 3628 846 3710 cognitione.
864 3629 923 3691 Vc·
978 3651 1108 3696 accessu
1129 3630 1294 3707 babuerat,
1316 3628 1473 3710 perderet.
1491 3627 1627 3689 Tenetur
1647 3646 1723 3707 ergo

171 3748 244 3791 rum
259 3748 299 3792 ex
313 3728 364 3789 his
378 3727 539 3790 declarare
553 3727 695 3809 digneris
711 3726 919 3809 propositum,
977 3731 1126 3793 sacerdos
1142 3728 1175 3789 in
1191 3724 1403 3790 celebratione
1425 3724 1541 3787 bonam
1557 3733 1588 3787 et
1603 3725 1724 3806 specia-

170 3836 287 3909 utputa
300 3845 371 3907 quta
386 3826 514 3889 devotio
528 3827 567 3889 ad
582 3826 808 3888 celebrandum
824 3826 925 3907 requi·
978 3830 1041 3892 lem
1076 3828 1317 3905 timoratamque
1346 3822 1543 3904 diligentiam
1572 3822 1723 3886 adbibere

172 3927 236 3988 sita
250 3924 483 4005 sufficiensque
498 3924 661 3987 consistat.
977 3936 1012 3990 ut
1026 3934 1155 4003 attente,
1171 3924 1285 3986 devote
1299 3940 1336 3984 ac
1352 3928 1533 3983 reverenter
1548 3939 1581 3983 se
1596 3920 1722 3997 babeat,

212 4026 363 4087 Vestras.
378 4058 420 4069 -
433 4022 590 4104 Quidquid
610 4042 648 4085 ex
669 4024 800 4086 caritate
814 4042 924 4105 proce
977 4033 1056 4089 etse
1071 4043 1090 4085 a
1105 4020 1311 4085 distractione
1329 4026 1521 4101 compescat.

171 4123 231 4200 dit,
256 4120 456 4185 meritorium
481 4120 666 4202 perhibetur
689 4121 762 4183 vitre
785 4130 920 4199 eternae,
1017 4124 1186 4185 Sacranos.
1204 4154 1244 4165 —
1262 4118 1331 4181 Nou
1351 4116 1397 4179 sio
1421 4125 1498 4198 puto
1522 4116 1723 4180 devotionem

170 4222 304 4301 Deoqne
328 4226 505 4301 acceptum.
526 4218 573 4281 ld
596 4220 823 4281 celebrandum
847 4238 923 4301 ergo
938 4220 963 4282 l)
978 4222 1017 4284 ad
1042 4216 1289 4282 celebrationem
1315 4215 1443 4298 requiri,
1469 4215 1553 4297 quod
1581 4234 1644 4278 non
1668 4214 1726 4277 fiat

172 4320 351 4396 meritorie,
364 4318 489 4380 sufficit
503 4325 535 4379 et
549 4316 625 4379 item
646 4318 818 4399 requiritur
838 4320 923 4399 quod
978 4338 1052 4381 vera
1073 4314 1245 4380 celebratio
1260 4324 1292 4377 et
1307 4314 1504 4377 consecratio
1524 4312 1550 4375 si
1570 4313 1652 4375 desit
1672 4314 1725 4375 de·

172 4418 342 4481 celebrans
357 4416 488 4479 exsistat
501 4415 534 4477 in
549 4416 730 4493 caritate,et
740 4436 778 4478 ex
793 4416 923 4479 caritate
977 4416 1075 4480 vetio.

170 4518 212 4579 ad
237 4516 465 4579 celebrandurn
489 4522 653 4578 moveatur
676 4527 713 4575 ao
737 4516 887 4595 procedat
914 4538 921 4575 :
1018 4516 1165 4577 Vnarras.
1181 4548 1221 4557 —
1240 4512 1335 4573 Recte
1357 4509 1528 4571 existimas.
1545 4506 1609 4571 Nec
1631 4508 1724 4571 etiam

170 4632 245 4695 quae
261 4612 392 4675 interior
413 4611 512 4674 motio
527 4611 567 4673 sit
581 4612 798 4693 promptitudo
819 4611 924 4692 aliqua
979 4614 1050 4676 ideo
1064 4612 1183 4674 dicitur
1198 4608 1316 4690 requiri
1332 4608 1458 4670 devotio
1473 4626 1510 4669 ac
1531 4625 1600 4667 esse
1620 4606 1654 4667 in
1675 4626 1727 4669 ca-

170 4710 348 4775 voluntatis
363 4711 402 4773 ad
417 4726 497 4791 opus
517 4708 596 4771 illud
618 4709 722 4771 cultus
743 4710 853 4771 divini.
870 4710 925 4772 Cc-
980 4710 1070 4772 ritate
1085 4708 1236 4791 quoniam
1258 4706 1351 4768 aliter
1370 4724 1433 4769 non
1453 4712 1537 4767 esset
1556 4703 1726 4768 celebratio

172 4811 312 4875 lebratio
332 4827 471 4889 namque
485 4816 534 4870 est
548 4816 638 4870 actus
660 4815 723 4869 tam
745 4808 925 4890 privilegia·
980 4810 1049 4889 ipsa
1064 4806 1236 4882 meritoria,
1244 4805 1299 4866 sed
1314 4802 1463 4885 quoniam
1479 4801 1643 4865 celebrans
1659 4802 1726 4884 ipse

172 4918 239 4985 tus,
268 4907 396 4970 divinus
424 4924 462 4967 ac
491 4905 648 4993 eminens,
674 4906 758 4986 quod
786 4907 825 4967 ad
854 4926 924 4969 eam
980 4914 1091 4990 peceat
1127 4902 1311 4979 mortaliter,
1348 4901 1409 4963 nisi
1445 4902 1478 4963 in
1512 4900 1726 4963 celebratione

173 5006 318 5089 exigitur
345 5003 479 5069 actualis
503 5005 642 5082 devotio,
667 5023 739 5085 quae
761 5005 925 5067 caritatem
980 5004 1147 5067 actualiter
1166 5002 1208 5063 sit
1226 5001 1358 5063 devotus
1383 5006 1415 5061 ct
1438 4999 1471 5060 in
1495 4998 1624 5061 caritate
1646 4997 1727 5060 exsi-

173 5108 314 5191 ejusque
332 5113 450 5181 actum,
466 5112 499 5166 et
518 5103 688 5184 quamdam
708 5103 764 5165 liei
786 5112 927 5166 contem·
981 5110 1078 5179 stens,
1096 5119 1133 5163 co
1149 5100 1219 5182 ipso
1239 5116 1301 5179 quo
1323 5096 1391 5159 sine
1411 5096 1579 5160 devotione
1598 5104 1629 5158 et
1648 5095 1727 5158 cari-

176 5204 357 5288 plationem
371 5210 427 5265 aut
441 5201 554 5263 saltem
569 5201 858 5264 considerationem
880 5201 928 5262 in·
982 5208 1045 5262 tate
1066 5207 1115 5261 est
1136 5197 1312 5260 celebrans.

177 5302 296 5369 cludit.
313 5301 452 5366 Christus
475 5299 594 5382 quippe
618 5300 807 5363 sacramenti
830 5300 928 5383 hujus
1023 5300 1191 5362 Samaeos.
1208 5330 1248 5341 -
1263 5295 1335 5371 Que
1350 5300 1399 5355 est
1419 5291 1544 5357 devotio
1563 5309 1729 5375 superero-
