4309 6259
299 489 339 536 nr
360 490 506 537 moninus
527 489 736 536 sanerissnin
756 489 793 535 nr
815 489 981 537 inowroun
1001 490 1185 547 susurrans,
1207 490 1264 535 rrn
1284 490 1391 539 ιιοιιιιιι
1411 490 1558 539 nonanurr
1641 472 1698 538 fol

198 680 230 736 n.
247 660 347 736 Quum
365 662 519 727 defecerit
532 662 633 728 virtus
654 682 736 741 mea,
752 682 793 727 ne
814 662 942 725 dere-A
1214 666 1441 727 Psalmus85.

161 758 281 841 linquas
295 778 358 823 me.
995 762 1063 825 Non
1083 771 1131 825 est
1154 761 1270 823 similis
1293 762 1339 824 tui
1364 762 1397 823 in
1420 761 1494 842 diis,
1510 760 1654 841 Domine,
1670 766 1702 822 et
1721 779 1847 832 raum,

199 869 231 921 r.
246 857 341 937 Deus,
357 858 390 921 in
405 860 610 941 adjutorium,
627 870 686 921 etc.
956 876 1019 923 uon
1034 866 1083 921 est
1097 860 1272 923 secundrun
1286 876 1383 941 opera
1397 867 1461 923 tua.
1717 844 1775 885 Μ’·

199 975 230 1030 ιι.
246 956 388 1036 Domine,
405 958 444 1021 ad
460 958 685 1039 adiuvandum,
702 967 760 1019 cto.
995 955 1111 1019 Omnes
1134 966 1246 1039 gentes
1270 975 1487 1039 quascumque
1514 956 1621 1019 fecisti
1649 974 1704 1018 ve-

198 1065 229 1115 r.
245 1053 350 1118 Gloria
364 1055 457 1119 Patri.
474 1055 619 1119 Alleluia.
956 1054 1056 1135 nient,
1073 1062 1105 1117 et
1128 1056 1305 1119 adorabunt
1329 1074 1435 1119 coram
1454 1062 1496 1134 te,
1512 1054 1656 1134 Domine,
1672 1062 1704 1117 et

445 1158 606 1233 Hymnus.
955 1152 1182 1236 glorificabunt
1197 1172 1314 1217 nomen
1330 1161 1430 1217 tuum.

296 1251 494 1335 Principatus
510 1272 583 1315 cum
598 1253 739 1334 Angelis,
995 1250 1150 1326 Quoniam
1164 1270 1298 1333 magnus
1313 1270 1347 1315 es
1361 1259 1407 1332 tu,
1423 1258 1455 1315 et
1468 1250 1591 1314 faciens
1610 1249 1704 1313 mira-

274 1348 412 1413 Virtutos
426 1369 500 1413 curn
514 1350 721 1433 Archangelis
956 1348 1033 1411 bilia
1045 1370 1053 1425 3
1069 1356 1105 1412 tu
1119 1368 1153 1411 es
1168 1348 1250 1412 Deus
1264 1349 1361 1413 aolus.

275 1448 414 1511 iubilant
429 1448 499 1527 tibi,
516 1450 663 1527 Trinitas,
996 1447 1103 1510 Deduc
1119 1466 1181 1526 me,
1198 1446 1341 1524 Domine,
1358 1446 1392 1510 in
1407 1446 1460 1510 via
1473 1454 1537 1524 tua,
1554 1454 1587 1511 et
1600 1446 1705 1528 ingre·

273 1547 337 1609 llus
351 1567 415 1610 una
430 1567 504 1611 vera
518 1549 634 1611 Deitas.
956 1545 1026 1609 diar
1041 1546 1073 1608 in
1089 1545 1222 1609 veritato
1243 1554 1317 1623 tua3
1334 1545 1457 1610 laetetur
1471 1563 1527 1609 cor
1541 1564 1649 1608 matun
1671 1552 1705 1607 ut

293 1645 531 1709 Dominationes
546 1646 617 1711 coeli
956 1642 1066 1706 timeat
1081 1661 1198 1706 nomen
1213 1650 1314 1706 tuum.

273 1742 349 1805 Cum
366 1744 464 1807 sacris
478 1744 688 1809 Potestatibus
995 1741 1179 1806 confitebor
1203 1740 1273 1821 tibi,
1289 1740 1421 1805 Domine
1445 1741 1528 1803 Deus
1552 1759 1654 1820 maus,
1671 1741 1704 1803 in

273 1840 316 1903 'fe
330 1842 474 1921 adorant,
491 1842 610 1906 fontem
627 1844 706 1921 reri,
916 1839 939 1901 D
956 1847 1022 1903 toto
1036 1840 1132 1904 corda
1146 1847 1268 1917 memet
1279 1837 1468 1921 glorificabo
1483 1856 1600 1903 nomen
1614 1848 1705 1903 tuum

273 1939 351 2001 Cum
367 1940 513 2021 supernis
528 1940 705 2021 spiritibus.
957 1938 990 2001 in
1012 1947 1178 2003 aternum.

292 2036 492 2101 Dadoranda
506 2038 654 2119 Trinitas,
997 2036 1075 2111 Quia
1095 2036 1314 2101 misericordia
1334 2044 1389 2099 tua
1408 2054 1524 2118 magna
1542 2043 1592 2099 ost
1610 2053 1706 2118 super

273 2135 520 2200 Dinscrutanda
534 2138 661 2217 Deitas3
803 2158 806 2163 ·
957 2154 1019 2213 me,
1036 2142 1069 2197 et
1086 2135 1197 2199 eruisti
1222 2135 1362 2198 animam
1386 2154 1491 2199 meam
1515 2153 1553 2197 ex
1579 2133 1705 2197 inferno

272 2235 357 2297 Deus
371 2234 471 2315 Pater,
487 2234 569 2297 Deus
583 2235 655 2315 Fili,
958 2233 1114 2298 inferiori.

272 2333 357 2395 Deus
372 2332 455 2395 alme
469 2332 628 2396 Paraclete
646 2357 652 2395 :
997 2331 1104 2397 Gloria
1118 2331 1211 2395 Patri.

291 2430 408 2513 Culpas
424 2430 492 2493 lava
506 2431 623 2511 quibus
639 2450 738 2514 prava
996 2430 1242 2511 Ant.llegnavit
1255 2430 1407 2494 Dominus
1421 2431 1503 2493 Deus
1518 2439 1626 2495 noster
1638 2449 1706 2495 om·
1733 2450 1851 2506 amns.

271 2530 385 2591 Sordet
400 2528 606 2608 conscientia,
958 2528 1107 2610 nipotens
1134 2551 1141 2589 ε
1168 2530 1361 2611 gaudeamus
1385 2536 1417 2591 et
1443 2529 1647 2606 exsultemus,
1674 2515 1771 2591 et⁶·⁷·

271 2626 309 2690 Ut
324 2626 461 2706 sincere,
478 2633 583 2690 mento
598 2646 684 2707 vera,
957 2627 1069 2689 demus
1084 2626 1219 2709 gloriam
1234 2626 1275 2689 ei.

271 2725 428 2787 Fruamur
441 2731 497 2786 tua
510 2723 622 2807 gloria.
996 2728 1075 2787 Ant.
1095 2724 1265 2787 Benedicta
1280 2724 1331 2787 sil.

292 2823 410 2901 Honor,
427 2822 539 2901 virtus,
557 2821 678 2901 laetitia,
1218 2827 1372 2886 Psalmus
1386 2827 1445 2886 85.

272 2920 536 3003 sempiternaque
552 2920 644 2983 latria
998 2922 1036 2985 Et
1049 2931 1095 3000 tu,
1112 2922 1244 2985 Domine
1264 2922 1357 2997 Deus,
1376 2922 1542 2983 miserator
1560 2929 1592 2982 et
1610 2920 1705 2983 mise·
1729 2939 1852 2993 eamn,

271 3020 337 3083 Deo
351 3020 434 3083 Patri
449 3028 480 3083 et
494 3018 586 3099 Filio,
919 3019 941 3083 G
958 3021 1069 3097 ricors,
1087 3021 1222 3102 patiens,
1239 3028 1271 3083 et
1291 3019 1398 3083 multae
1419 3018 1657 3099 misericordie,
1673 3026 1706 3082 et
1720 3005 1791 3047 Μ·

271 3118 390 3182 Sancto
405 3137 468 3181 una
482 3117 653 3181 Paracleto.
671 3118 783 3183 Amen.
957 3140 1063 3199 verax,

194 3219 269 3279 Ant.
292 3216 507 3298 Respondens.
998 3218 1131 3298 Respice
1147 3218 1179 3279 in
1195 3236 1256 3295 me,
1273 3226 1303 3279 et
1319 3217 1469 3280 miserere
1484 3217 1547 3279 mei
1562 3239 1570 3292 ς
1586 3217 1627 3279 da
1647 3217 1705 3279 im-

414 3318 641 3378 l’safmcs85.
959 3316 1082 3398 perium
1107 3324 1196 3378 tuum
1225 3334 1324 3398 puero
1349 3325 1414 3393 tuo,
1441 3323 1473 3377 et
1501 3316 1624 3377 salvum
1653 3314 1704 3377 fac

45 3424 143 3499 nunt,
192 3413 328 3491 lnelina,
359 3412 501 3491 Domine,
528 3432 638 3475 aurem
668 3421 765 3491 tuam,
793 3422 824 3475 et
851 3434 903 3475 ex·
957 3414 1063 3477 filium
1078 3413 1203 3476 ancillae
1219 3421 1290 3475 tuae.

39 3488 69 3527 Μ’
156 3512 225 3576 audi
247 3531 304 3574 me
322 3536 328 3573 :
345 3510 495 3593 quoniam
519 3510 612 3594 inops
637 3520 669 3575 ct
689 3530 809 3594 pauper
831 3531 901 3574 sum
997 3512 1058 3573 Fac
1083 3530 1209 3573 mecum
1234 3510 1360 3591 signum
1386 3511 1419 3571 in
1443 3510 1573 3589 bonurn,
1600 3519 1635 3573 ut
1657 3510 1704 3572 vi-

157 3629 222 3692 ego.
957 3610 1052 3671 deant
1073 3608 1127 3689 qui
1149 3608 1283 3671 oderunt
1308 3626 1369 3684 me,
1386 3616 1418 3670 et
1442 3608 1700 3670 confundantur:

194 3708 322 3773 Custodi
347 3706 486 3770 animam
512 3726 626 3785 meam,
651 3706 802 3789 quoniam
831 3727 902 3771 san·
957 3706 1108 3787 quoniam
1125 3713 1169 3785 tu,
1184 3706 1329 3782 Domine,
1340 3705 1491 3787 adjuvisti
1507 3725 1569 3785 me,
1582 3714 1614 3767 et
1629 3724 1703 3768 con-

158 3814 223 3869 clus
237 3826 309 3870 sum
325 3828 333 3881 3
349 3803 473 3868 salvum
488 3804 539 3868 fac
555 3824 682 3868 servum
703 3813 803 3884 tuum,
819 3807 901 3868 Deus
957 3804 1075 3869 solatus
1096 3824 1130 3867 es
1152 3823 1213 3867 me.

158 3924 255 3983 meus,
272 3910 454 3987 sperantem
469 3902 502 3965 in
518 3910 558 3966 te.
996 3902 1103 3967 Gloria
1116 3901 1209 3964 Patri.

195 4002 342 4065 lliserere
365 3999 441 4080 mei,
465 4000 608 4077 Domine,
632 4001 782 4082 quoniam
807 4002 846 4063 ad
872 4010 901 4064 le
995 4006 1074 4065 Ant.
1091 4000 1261 4064 Benedicta
1275 4001 1316 4063 sit
1330 4021 1457 4083 semper
1477 4008 1585 4063 sancta
1600 4002 1702 4063 Trini-

159 4100 289 4163 clamavi
316 4106 383 4163 tola
405 4096 478 4176 die3
503 4097 631 4161 letifica
654 4097 791 4162 animam
818 4100 900 4161 servi
956 4110 1003 4163 tas
1019 4109 1113 4182 atque
1129 4099 1265 4163 indivisa
1280 4100 1403 4176 Unilas3
1420 4097 1645 4163 confitebimur
1658 4101 1700 4178 ei,
1719 4124 1813 4177 rainu,
1826 4128 1847 4169 a.

157 4198 200 4259 tui
230 4220 236 4258 :
267 4196 421 4279 quoniam
449 4197 487 4259 nd
517 4204 558 4274 te,
588 4196 731 4275 Domine,
762 4198 900 4261 animam
916 4194 941 4257 D
956 4198 1031 4280 quia
1047 4198 1123 4261 fecit
1138 4198 1303 4261 nobiscum
1324 4197 1576 4261 miscricordiam
1598 4217 1700 4260 suam.

159 4314 256 4359 meam
280 4294 397 4360 levavi.
1245 4301 1408 4375 Hymnus.

195 4394 351 4470 Quoniam
364 4402 411 4473 tu,
427 4391 570 4473 Domine,
588 4393 694 4456 suavis
709 4402 742 4456 et
755 4394 853 4475 mitis,
870 4404 902 4457 et
1077 4396 1207 4458 Decreto
1221 4402 1286 4472 tuo,
1304 4394 1451 4473 Trinitas,

159 4493 261 4557 multae
290 4491 517 4555 misericordiae
551 4492 699 4555 omnibus
727 4492 903 4557 invocanti·
1057 4492 1123 4557 Nox
1138 4501 1169 4555 et
1183 4492 1252 4554 dies
1267 4502 1481 4574 perseverant.

159 4590 215 4653 bus
237 4600 278 4653 te.
1057 4591 1198 4672 ludulge‚
1216 4590 1269 4672 pia
1283 4590 1399 4667 Deitas

195 4687 302 4752 Gloria
317 4686 411 4750 Patri.
1056 4690 1130 4764 Qun
1144 4690 1205 4753 boc
1219 4690 1271 4753 dic
1287 4689 1370 4752 mala
1384 4696 1484 4751 erant.

42 4792 105 4846 lun·
117 4800 145 4842 ιι
195 4790 275 4850 Ant.
294 4786 501 4869 Respondeas
515 4785 659 4868 angelus,
674 4786 777 4849 llario
798 4786 876 4850 dixit
894 4812 900 4849 :
1077 4788 1163 4851 Dona
1177 4789 1306 4867 omissa,
1324 4787 1407 4851 facta
1421 4788 1516 4865 mala,

159 4882 293 4966 Spiritus
307 4885 441 4947 Sanctus
456 4884 659 4964 superveniet
678 4884 710 4945 in
731 4893 774 4965 te,
791 4894 822 4948 et
842 4886 903 4947 vir·
1057 4888 1124 4949 l'ua
1137 4888 1208 4949 dele
1223 4888 1361 4969 pietate;

158 4989 207 5045 tus
221 4982 376 5046 Altissimi
398 4981 602 5046 obumbrabit
621 4982 678 5045 tibi
694 5006 702 5061 ;
719 4982 852 5064 ideoque
873 4992 903 5045 et
1058 4985 1096 5046 Et
1110 5003 1168 5048 nos
1183 4994 1275 5048 nocte
1291 4984 1350 5045 hac
1365 5002 1530 5061 conserva,

158 5084 239 5162 quod
264 5088 413 5145 nascetur
436 5100 475 5143 ex
498 5087 528 5141 to
553 5080 714 5161 Sanctum,
741 5081 906 5145 vocabitur
1057 5082 1103 5145 Ne
1119 5083 1321 5164 inquinemur
1336 5081 1501 5145 foeditate:

160 5178 257 5243 Filius
278 5180 345 5242 Dei·
1080 5181 1116 5243 Ut
1131 5199 1186 5243 cor
1201 5188 1343 5244 nostrum
1359 5180 1392 5241 in
1407 5179 1438 5240 id
1455 5179 1560 5260 ipsum
1717 5194 1757 5237 ro.
1770 5207 1798 5245 ιι,
1809 5196 1830 5237 a.

195 5282 275 5342 Ant.
293 5276 447 5361 llegnavit
460 5274 623 5341 Dominus.
1061 5278 1151 5342 Dulci
1167 5297 1279 5343 somno
1294 5277 1508 5360 conquiescat,
