4309 6259
436 519 476 567 ns
497 518 587 567 nouis
608 520 742 567 seranus
763 518 882 579 ssucrr,
903 519 1078 568 immarus
1100 522 1121 567 ι.
1143 540 1184 553 -
1204 522 1275 568 aar.
1297 524 1350 580 xv,
1371 522 1424 569 xvr
1647 498 1703 569 lll

171 688 383 772 capacitatem.
413 690 471 765 Qui
504 690 603 773 igitur
635 690 729 755 babet
760 690 904 767 virtmes,
921 690 947 753 Α
962 690 1056 771 dona,
1086 690 1293 774 intelligenda
1319 710 1384 757 non
1411 700 1460 755 est
1486 698 1640 774 quantum
1668 692 1706 754 ad

170 788 254 851 donis
280 806 344 852 non
369 796 464 853 caret.
485 788 629 871 Insuper,
649 790 733 853 dona
756 797 830 853 sunt
853 808 908 851 ne-
962 788 1090 852 habitus
1105 790 1203 871 ipsos,
1218 790 1309 873 quasi
1331 790 1432 872 gratia
1454 796 1562 854 causet
1576 788 1709 851 virtutes

170 885 301 949 cessaria
328 887 367 949 ad
397 888 549 965 salntem,
579 886 682 951 omnis
716 894 821 951 autem
852 886 906 969 qui
963 906 999 949 ac
1014 887 1098 950 dona
1111 896 1264 968 quantum
1279 889 1318 950 ad
1333 906 1443 952 eorum
1460 885 1642 965 essentiam,
1655 888 1709 949 sed

169 984 296 1065 gratiam
317 993 442 1066 gratum
463 985 634 1049 facientem
656 984 761 1064 babet,
778 985 810 1047 in
825 992 908 1047 statu
963 991 1117 1064 quantum
1132 984 1171 1046 ad
1185 985 1415 1066 operationem,
1431 986 1607 1048 secundum
1626 985 1709 1067 quod

169 1082 274 1145 salutis
298 1082 419 1145 exsistit
445 1106 452 1147 :
478 1102 554 1165 ergo
581 1092 613 1147 et
640 1084 732 1147 donis
766 1092 906 1148 ornatur.
963 1083 1063 1163 gratia
1092 1083 1229 1146 naturali
1257 1084 1369 1148 ordine
1399 1084 1550 1167 precedit
1579 1084 1712 1146 virtutes

168 1181 225 1243 Sed
248 1180 360 1243 modus
383 1180 605 1262 hujuscemodi
634 1182 852 1259 connexionis,
878 1190 909 1244 et
963 1180 1120 1263 donaque,
1143 1181 1190 1243 sic
1210 1183 1294 1263 qnod
1319 1181 1544 1244 intellectualis
1569 1189 1713 1244 creatura

169 1278 321 1359 quomodo
346 1278 429 1342 dona
452 1278 587 1341 diversis
609 1281 783 1343 secundum
806 1280 908 1343 varios
965 1278 1128 1342 inactum
1157 1280 1311 1341 virtutum
1338 1288 1432 1361 atque
1461 1281 1616 1344 donorum
1642 1298 1714 1361 pro·

168 1376 279 1457 gradus
294 1375 502 1455 conveniunt,
519 1376 676 1459 posterius
690 1378 877 1441 innotescet.
965 1378 1050 1439 cedit
1071 1376 1173 1459 gratia
1196 1377 1368 1456 mediante,
1391 1397 1461 1459 quae
1485 1386 1533 1440 est
1557 1378 1714 1459 operatio-

964 1494 1041 1535 num
1077 1474 1230 1537 bonarnm
1263 1494 1359 1539 causa
1392 1474 1548 1553 formalis,
1578 1494 1713 1557 quarum

683 1631 694 1658 γ
965 1572 1047 1635 Deus
1073 1579 1121 1635 est
1144 1592 1239 1635 causa
1263 1572 1412 1637 efficiens
1437 1574 1540 1656 prima
1564 1592 1601 1637 ac
1625 1574 1712 1655 prin-

365 1629 609 1695 ARTICULUS
631 1631 707 1695 xl·
965 1670 1099 1751 cipalis,
1124 1679 1268 1733 creatura
1297 1689 1373 1733 vero
1402 1680 1450 1734 est
1479 1690 1574 1734 causa
1602 1690 1711 1733 earum

191 1782 352 1847 Quomodo
376 1780 592 1856 intelligendo
614 1788 660 1839 est
685 1781 883 1857 romifiootio
966 1766 1127 1848 Olllclells,
1144 1769 1198 1829 sed
1217 1768 1309 1848 qutlSl
1329 1768 1590 1831 instrumentalis.
1607 1768 1645 1829 El
1664 1786 1713 1830 Se·

290 1869 412 1945 oratic
427 1870 462 1927 in
480 1869 670 1929 cirtutcaac
684 1872 779 1930 dona.
928 1866 1106 1931 Bcundum
1130 1866 1214 1947 quod
1238 1886 1302 1928 nna
1330 1866 1432 1928 virtus
1460 1867 1547 1949 prior
1575 1872 1623 1928 est
1650 1865 1713 1928 alia

967 1963 1142 2025 secundum
1156 1964 1301 2025 ordinem
1315 1963 1633 2047 operandi,quamvis
1647 1983 1714 2026 om·

222 2062 310 2125 Cllllf
333 2082 459 2144 qnoque
484 2082 613 2127 necesse
638 2072 696 2145 est,
719 2066 804 2145 quod
829 2065 911 2127 sicut
968 2080 1023 2123 nes
1039 2061 1134 2123 simul
1149 2080 1219 2124 esse
1234 2062 1381 2124 dicantur
1395 2070 1548 2143 quantum
1563 2063 1602 2125 ad
1621 2063 1714 2125 dura-

238 2180 296 2242 pcr
321 2162 460 2223 animam
486 2162 616 2226 sortitur
639 2162 735 2226 bomo
758 2182 827 2225 esse
856 2182 911 2226 na·
968 2159 1087 2223 tionem
1102 2167 1133 2221 et
1154 2158 1309 2236 habitum,
1326 2161 1501 2222 secundum
1523 2160 1583 2223 boc
1598 2159 1715 2222 dicitur

167 2260 261 2322 turale
287 2268 382 2341 atque
407 2259 607 2342 specificam,
629 2261 673 2323 ita
697 2280 753 2343 per
776 2260 909 2341 gratiam
967 2258 1068 2339 gratia
1093 2258 1182 2340 prius
1211 2257 1384 2320 ramificari
1410 2260 1442 2320 in
1471 2260 1623 2339 quasdam
1654 2259 1716 2320 rir-

167 2357 277 2439 recipit
298 2376 369 2419 esse
394 2358 557 2439 spirituale
584 2366 677 2439 atque
698 2360 851 2421 ditinum.
874 2358 910 2421 Et
968 2364 1061 2419 tutes.
1079 2356 1184 2419 Primo
1204 2356 1291 2418 enim
1314 2355 1513 2419 ramificatur
1533 2357 1566 2419 in
1583 2357 1715 2419 virtutes

166 2456 245 2517 sicut
278 2456 322 2518 ab
357 2475 419 2518 una
455 2455 591 2539 simplici
627 2456 764 2520 essentia
799 2458 910 2519 animai
969 2454 1175 2535 theologicas,
1197 2454 1313 2517 deinde
1338 2454 1371 2516 in
1396 2454 1636 2533 intellectuales,
1660 2474 1716 2538 po-

167 2552 269 2616 lluunt
295 2572 360 2617 non
385 2553 488 2617 solum
512 2554 646 2619 diversas
671 2554 830 2637 potentias,
856 2556 910 2617 sed
969 2560 1086 2615 stremo
1102 2552 1135 2613 in
1150 2552 1295 2614 morales.
1312 2553 1350 2614 Et
1370 2553 1520 2634 quoniam
1535 2555 1618 2616 dona
1637 2572 1715 2635 praa

165 2652 258 2714 etiarn
283 2653 476 2715 coordinata
501 2651 533 2714 in
559 2652 712 2733 dignitate
734 2661 766 2716 et
787 2672 912 2735 proces·
969 2658 1153 2732 supponunt
1173 2650 1317 2729 virtutes,
1334 2652 1409 2731 quia
1429 2652 1601 2732 expediunt
1621 2660 1715 2733 atque

166 2748 252 2813 sione
282 2749 415 2829 (dicitur
443 2750 528 2813 enim
558 2749 665 2813 anima
695 2770 789 2813 causa
818 2750 913 2812 unius
969 2747 1143 2831 perficiunt
1155 2768 1219 2825 eas,
1238 2749 1357 2811 idcirco
1372 2749 1472 2829 gratia
1487 2750 1575 2831 prins
1596 2749 1716 2811 ramili-

165 2848 378 2930 potcntiarum
401 2868 458 2930 per
479 2848 608 2925 aliam),
625 2848 670 2911 sic
693 2848 733 2911 ab
755 2868 817 2911 una
841 2848 914 2911 sim·
969 2853 1057 2908 catur
1077 2845 1110 2907 in
1133 2846 1277 2922 virtutes,
1293 2846 1445 2928 deinceps
1468 2847 1501 2908 in
1520 2847 1716 2929 dona,post-

166 2945 238 3026 plici
267 2945 372 3028 gratia
401 2953 532 3009 manant
556 2946 690 3009 diversae
715 2946 848 3009 virtutes
876 2965 913 3008 ac
969 2945 1098 3007 modum
1120 2944 1153 3006 in
1176 2945 1400 3022 beatitudines,
1420 2964 1490 3025 quae
1512 2952 1586 3007 sunt
1606 2964 1717 3027 opera-

164 3044 245 3107 dona
262 3068 269 3107 ε
288 3044 399 3126 sicque
417 3044 518 3125 gratia
540 3044 712 3107 ramificari
730 3044 914 3127 perhibetur
931 3044 953 3107 C
969 3042 1071 3105 tiones
1087 3043 1239 3105 virtutum
1255 3044 1348 3107 donis
1363 3042 1591 3125 perfectarum
1604 3044 1716 3107 ultimo

166 3142 197 3203 in
218 3142 349 3205 habitus
371 3142 523 3205 virtutum
546 3150 639 3224 atque
658 3144 824 3206 donorum.
842 3144 914 3205 dm·
968 3147 1074 3202 autem
1100 3140 1133 3202 in
1159 3140 1294 3218 fructus,
1317 3141 1371 3221 qui
1396 3150 1469 3203 sunt
1489 3141 1716 3205 delectationes

165 3240 259 3322 plina,
276 3240 363 3303 sicut
377 3258 426 3302 res
441 3239 544 3322 primo
560 3239 682 3321 indiget
697 3240 813 3303 habere
827 3250 914 3303 actu·
968 3245 1074 3299 actum
1111 3237 1344 3301 beatitudinum
1386 3246 1643 3301 consummantes
1679 3259 1715 3302 ac

164 3338 244 3399 alem
266 3337 484 3401 exsistentiam
506 3358 563 3400 seu
585 3356 654 3401 esse
679 3346 797 3401 naturae
818 3358 912 3420 quam
969 3344 1211 3417 consequentes.
1233 3336 1436 3399 llamificatio
1459 3356 1534 3417 ergo
1555 3346 1714 3420 praetacta,

164 3437 267 3499 valeat
303 3455 409 3517 agere,
440 3436 484 3498 sic
514 3436 736 3499 intellectualis
770 3446 913 3500 creatura
971 3435 1178 3516 intelligenda
1199 3444 1247 3498 est
1272 3436 1447 3497 secundum
1471 3436 1715 3518 dependentium

163 3535 266 3615 primo
282 3534 406 3615 indiget
422 3534 497 3615 poni
513 3534 544 3595 in
561 3553 630 3598 esse
647 3535 816 3617 spirituali,
829 3535 913 3616 quod
970 3533 1163 3615 operationis
1178 3533 1331 3595 virtutum
1348 3534 1386 3595 ad
1402 3534 1547 3614 gratiam,
1560 3534 1714 3597 donorum

163 3632 199 3693 fit
215 3631 423 3715 pergratiam
445 3632 515 3712 ejus
537 3632 708 3695 essentiam
732 3632 914 3696 immediate
969 3650 1095 3712 quoque
1107 3632 1146 3693 ad
1158 3632 1292 3713 gratiam
1303 3638 1335 3692 et
1346 3630 1589 3712 virtutem,qnia
1600 3639 1717 3695 utrum·

164 3730 401 3813 perficientem,
427 3749 521 3811 quam
546 3730 646 3811 possit
672 3730 792 3811 aliquid
821 3732 916 3794 meri·
970 3746 1031 3809 que
1046 3728 1350 3811 donaprtcexigunt.

163 3830 240 3891 torie
263 3828 402 3911 operari,
419 3829 502 3909 quod
524 3828 563 3891 fit
583 3848 640 3911 per
654 3828 829 3909 caritatem,
846 3850 914 3911 quas

164 3926 295 4009 perlicit
310 3926 558 4004 voluntatem,in
574 3946 635 4008 qua
650 3934 698 3989 est
712 3926 815 4009 prima
826 3928 915 4010 origo
1163 3982 1410 4048 ARTICULUS
1433 3983 1514 4047 XVI

163 4045 219 4087 seu
244 4023 337 4087 radix
358 4024 463 4086 meriti
488 4032 582 4105 atque
605 4024 762 4087 demeriti.
789 4026 916 4089 Constat
1517 4030 1525 4047 ⁰

162 4132 270 4186 autem
292 4142 405 4187 omnes
427 4121 554 4185 babitus
576 4122 700 4187 inlusos
725 4123 820 4186 simul
846 4144 917 4207 pro·
1125 4138 1203 4202 Qaoe
1228 4135 1270 4193 stt
1298 4134 1447 4211 definitio
1473 4135 1562 4195 dont.

162 4222 248 4299 duci,
272 4222 387 4284 saltem
410 4230 564 4301 quantum
589 4222 627 4283 ad
649 4222 785 4304 primam
805 4228 955 4291 eoruml)

164 4318 195 4381 in
210 4338 416 4401 quocumque
437 4318 581 4400 subjecto
596 4320 849 4401 productionem,
865 4323 915 4385 vel
1037 4320 1279 4402 Xpraeinductis
1294 4320 1371 4382 satis
1386 4320 1491 4383 lucere
1502 4320 1628 4403 opinor,
1635 4324 1718 4405 quod

162 4426 321 4499 quantum
350 4418 387 4480 ad
417 4437 488 4480 esse
516 4417 717 4499 simpliciter,
748 4426 803 4480 aut
830 4428 915 4482 certe
1050 4419 1169 4481 donum
1195 4418 1333 4500 Spiritus
1359 4418 1465 4481 Sancti
1494 4427 1589 4500 prout
1617 4422 1656 4483 de
1680 4440 1718 4484 eo

161 4525 322 4597 quantum
350 4516 389 4579 ad
418 4535 487 4579 esse
516 4534 624 4579 eorum
655 4515 854 4580 meritorium
884 4526 915 4579 et
970 4536 1056 4579 nunc
1071 4516 1242 4597 loquimur,
1259 4515 1345 4577 aliud
1360 4534 1488 4598 prorsus
1510 4536 1573 4579 non
1593 4517 1633 4578 sit
1655 4518 1718 4579 nisi

161 4614 351 4693 formatum,
373 4633 470 4695 quum
494 4613 557 4676 sint
577 4634 595 4676 a
617 4614 680 4677 Deo
702 4614 811 4678 creati.
829 4616 915 4679 Dona
970 4615 1141 4678 habitualis
1152 4634 1189 4677 ac
1202 4612 1451 4695 supernaturalis
1463 4614 1618 4695 perfectio
1628 4636 1718 4678 men-

161 4730 236 4775 uero
264 4720 342 4774 sunt
363 4711 490 4774 babitus
515 4711 625 4789 infusi,
647 4713 913 4794 quemadmodum
970 4713 1010 4775 tis
1038 4722 1161 4789 creatas,
1187 4732 1205 4774 a
1232 4712 1342 4774 divina
1369 4711 1510 4773 bonitate
1534 4712 1716 4777 immediate

160 4810 298 4872 uirtutes
337 4808 532 4890 theologicae.
563 4808 631 4872 Nou
660 4810 746 4873 enim
776 4811 914 4873 humana
970 4830 1027 4894 per
1041 4810 1233 4873 creationem
1251 4808 1408 4886 infusa,in
1419 4809 1611 4890 adjutorium
1627 4832 1717 4894 expe-

160 4916 321 4989 potestate
336 4913 391 4969 aut
412 4908 547 4970 naturali
571 4908 727 4971 industria
743 4910 849 4971 valent
863 4928 914 4971 ac·
969 4910 1186 4989 ditionemque
1201 4908 1353 4969 virtutum
1369 4926 1531 4985 concessa,
1549 4928 1715 4991 perquam

159 5005 259 5085 quiri,
287 5024 387 5085 quum
412 5004 476 5067 sint
503 5006 630 5069 habitus
659 5007 913 5089 supernaturales
969 5009 1111 5071 redditur
1132 5026 1222 5069 mens
1243 5013 1348 5068 creata
1370 5026 1390 5067 a
1413 5007 1644 5087 supernaturali
1667 5028 1715 5073 re·

159 5106 199 5168 ad
229 5104 507 5185 supernaturalem
538 5104 639 5167 finem
668 5105 788 5168 directe
817 5113 849 5167 et
876 5125 914 5168 ex
969 5114 1055 5169 ctore
1077 5124 1134 5167 seu
1148 5103 1268 5186 Spiritu
1284 5105 1399 5166 Sancto
1414 5103 1552 5166 faciliter
1573 5106 1710 5169 mobilis.

159 5202 294 5286 propria
312 5200 432 5264 ratione
446 5201 640 5265 ordinantes.
968 5204 1054 5266 Dona
1069 5202 1189 5285 quippe
1204 5209 1277 5263 sunt
1297 5200 1437 5278 babitus,
1453 5201 1536 5263 sicut
1550 5210 1711 5265 ostensum
1726 5224 1861 5282 atoma.

198 5298 407 5365 flamificatio
429 5299 525 5383 igitur
544 5300 653 5384 gratiae
677 5301 709 5363 in
731 5301 862 5365 virtutes
882 5310 913 5365 et
968 5310 1016 5364 est
1028 5324 1035 5363 ε
1047 5300 1118 5363 ideo
1133 5300 1282 5363 dicuntur
1296 5299 1472 5362 habituales
1488 5300 1709 5381 perfectiones.
1817 5344 1821 5349 -
