4309 6259
501 495 541 541 nn
561 494 651 543 roms
672 494 807 542 suranus
828 492 947 551 sunau,
969 493 1145 541 resonares
1167 494 1197 541 ιι.
1221 512 1261 523 -
1281 494 1350 541 aar.
1375 494 1426 551 xx,
1450 494 1503 540 ιιιιι
1695 476 1753 541 tta

51 672 145 723 nme,
156 676 184 717 ⁸·
200 666 328 749 optavit
341 666 398 747 qui
413 665 458 729 ait
473 688 481 725 ι
497 664 586 729 Sicut
600 664 694 746 adipe
707 672 739 727 et
758 663 953 747 pinguedine
968 664 993 726 Α
1008 672 1039 727 οι
1054 664 1134 728 ratio
1148 666 1186 727 ad
1200 664 1296 726 lleum
1312 682 1349 727 ac
1364 663 1662 745 proximum.0uum
1677 680 1752 744 ergo

201 765 367 846 repleatur
387 764 591 841 animamaa,
606 772 639 825 et
659 764 753 826 labiis
773 763 954 825 exsultatio
1008 761 1080 824 talis
1109 780 1282 825 consensus
1311 780 1347 825 ac
1376 761 1453 824 unio
1476 780 1514 823 aa
1542 760 1672 823 caritate
1700 780 1755 823 na·

201 862 258 925 nis
278 861 421 924 laudabit
441 880 477 925 os
498 880 617 924 meum.
1007 868 1146 935 scantur,
1171 860 1275 941 palam
1298 860 1381 941 quod
1404 879 1464 941 pax
1487 859 1527 921 sit
1548 858 1688 921 caritatis
1710 858 1755 921 el-

246 960 409 1037 Ριιοιοιοιι,
434 959 474 1021 de
499 959 558 1021 bac
587 958 750 1040 sapientiae
778 978 889 1021 mensa
916 977 953 1021 ac
1007 956 1122 1020 lactus.
1140 956 1202 1019 Nec
1218 966 1265 1019 est
1285 957 1385 1019 virtus
1401 956 1561 1039 specialis,
1579 956 1754 1019 secundum

202 1076 297 1120 sacro
316 1057 424 1120 edulio
444 1057 476 1118 in
499 1056 677 1120 Proverbiis
700 1056 854 1138 scriptum
878 1065 951 1118 est:
1008 1056 1172 1133 l'bomam,
1189 1057 1272 1119 sicut
1287 1076 1345 1119 nec
1360 1055 1511 1137 gaudium
1527 1078 1533 1116 :
1547 1054 1622 1136 quia
1636 1064 1756 1117 utrum·
1769 1084 1851 1127 sm,
1869 1082 1901 1127 aa.

108 1175 157 1212 ³¹·
178 1155 369 1236 ·Sapientia
391 1153 564 1216 aedificavit
588 1154 648 1217 sibi
672 1154 816 1231 domum,
837 1152 955 1215 excidit
1008 1172 1069 1234 que
1085 1162 1190 1216 actum
1213 1154 1364 1231 caritatis,
1381 1153 1434 1233 qul
1455 1160 1503 1215 ast
1524 1152 1664 1231 dilectio,
1682 1148 1793 1251 con-j·
1814 1148 1857 1251 ²¹⁸·
1875 1158 1902 1253 ᾗ

203 1253 372 1315 columnas
387 1250 657 1333 septem,miscuit
672 1250 835 1329 vinum,et
849 1250 955 1332 posuit
1008 1252 1187 1314 comitatur.
1214 1252 1356 1333 lusuper,
1382 1250 1575 1313 declaratum
1601 1258 1649 1313 est
1671 1250 1755 1331 quod
1769 1222 1904 1327 qfll'ert'at'.

203 1369 361 1413 mensam.
374 1350 515 1412 lncraata
529 1348 649 1431 quippe
663 1348 825 1430 Sapientia
840 1348 872 1410 in
887 1348 955 1410 ani·
1008 1350 1165 1431 sapientia
1186 1350 1349 1411 raritatem
1371 1348 1535 1411 concernit
1556 1368 1592 1411 ac
1616 1348 1755 1431 perficit,
1770 1336 1856 1377 Μ·

203 1468 261 1512 ma
275 1448 418 1511 rationali
436 1449 565 1512 domum
581 1447 641 1510 sibi
657 1446 955 1525 aedificat,lulciens
1008 1448 1157 1530 quodque
1178 1446 1342 1529 sapientia
1362 1457 1451 1511 actus
1472 1446 1513 1509 sit
1530 1447 1688 1509 ordinare.
1710 1447 1758 1510 ld·
1771 1468 1812 1508 m.
1826 1477 1855 1508 ιι.

204 1566 278 1610 eam
306 1554 428 1629 septem
456 1545 627 1621 columnis,
653 1545 805 1626 quoniam
833 1554 954 1626 septem
1009 1546 1095 1610 circo
1111 1564 1172 1627 pax
1187 1545 1266 1608 nulli
1282 1546 1365 1609 douo
1381 1544 1485 1627 aptius
1502 1554 1604 1626 potest
1619 1545 1756 1608 adscribi

203 1644 300 1708 donis
323 1644 459 1725 Spiritus
483 1643 590 1705 Sancti
615 1644 710 1706 corda
738 1642 896 1720 fidelium,
922 1642 954 1704 in
1009 1664 1105 1725 quam
1121 1644 1304 1726 sapientiae:
1322 1644 1473 1725 quoniam
1490 1644 1616 1721 caritaS,
1634 1644 1758 1725 sapien-

204 1742 325 1825 quibns
346 1760 403 1823 par
423 1741 523 1804 fidem
545 1740 677 1819 habitat,
694 1740 826 1822 implet;
841 1740 955 1803 miscet
1010 1742 1055 1805 tia
1078 1750 1269 1824 cooperante
1294 1761 1331 1805 aa
1355 1742 1524 1823 dirigente,
1550 1760 1661 1823 pacem
1687 1761 1758 1823 pro-

204 1841 330 1918 vinum,
357 1839 389 1901 id
413 1847 473 1919 est,
498 1839 680 1901 divinarum
709 1839 953 1921 inspirationum
973 1840 1109 1903 ltducit.
1132 1840 1272 1922 Septima
1291 1849 1397 1903 autam
1416 1840 1578 1903 beatitudo
1599 1840 1683 1903 circa
1703 1860 1759 1923 pa-

204 1938 312 2001 varias
334 1956 372 1999 ac
396 1937 538 1999 sinceras
561 1936 788 1999 delectationes
814 1936 954 2015 exhibet,
1011 1958 1081 2002 cem
1097 1938 1328 2001 versatur:imo
1343 1958 1403 2019 pax
1419 1937 1760 2019 ipsaexsistit.llicitur

204 2035 259 2099 vel
282 2035 478 2116 multiplices
503 2034 672 2117 Scriptura
697 2034 814 2097 divina
838 2034 956 2097 intelli·
1011 2037 1098 2099 enim
1119 2036 1151 2098 ιιι
1172 2056 1208 2099 aa
1230 2036 1340 2099 :Raeti
1362 2034 1503 2118 pacifici,
1526 2036 1558 2098 id
1580 2044 1628 2098 est
1647 2054 1757 2117 pacem
1773 2055 1906 2107 narrans.

203 2134 331 2216 gentius
345 2132 557 2210 administrat,
572 2151 642 2214 quae
657 2132 855 2195 intellectum
869 2132 957 2195 oble·
1011 2143 1153 2216 agentes,
1171 2134 1286 2197 sivein
1303 2154 1348 2211 se,
1365 2134 1432 2195 siva
1454 2134 1486 2195 in
1506 2134 1589 2211 aliis,
1607 2134 1758 2216 quoniam

205 2238 306 2309 ctant,
323 2231 387 2294 imo
402 2229 572 2293 inebriant.
589 2230 663 2305 Quae
682 2250 758 2294 vero
777 2239 827 2293 est
846 2250 956 2293 mansa
1012 2231 1073 2295 lilii
1098 2233 1152 2294 Dei
1180 2232 1387 2296 vocabuntur.
1414 2231 1449 2293 ln
1478 2230 1537 2293 baa
1563 2231 1759 2294 beatitudine

204 2328 305 2409 hujus
325 2328 478 2404 convivii,
495 2327 558 2389 nisi
574 2327 639 2389 lixa
657 2347 694 2391 ac
714 2327 845 2390 humilis
860 2328 954 2407 fidas,
1012 2331 1076 2393 duo
1098 2339 1280 2413 tanguntur,
1302 2330 1451 2392 videlicet
1473 2352 1479 2390 :
1502 2330 1660 2407 meritum,
1683 2330 1758 2391 dum

207 2425 241 2488 in
261 2445 324 2508 qua
342 2425 451 2488 omnia
468 2424 578 2488 divina
601 2425 776 2490 tundantur
799 2444 958 2489 commen·
1013 2428 1141 2507 dicitur,
1157 2428 1242 2491 Reati
1266 2426 1415 2510 pacilici;
1432 2435 1463 2489 et
1485 2427 1661 2508 praemium,
1683 2428 1759 2489 dum

206 2527 262 2587 tat
277 2524 407 2602 Rursus,
428 2524 468 2586 de
491 2524 552 2587 boc
572 2524 736 2604 sapientia)
754 2524 903 2588 convivio
923 2524 956 2585 in
1012 2526 1167 2609 Jungitur,
1184 2526 1338 2600 Quoniam
1355 2524 1416 2587 lilii
1437 2524 1492 2587 Dei
1509 2524 1605 2604 (haud
1625 2524 1759 2587 dubium

42 2640 114 2685 cua.
125 2652 153 2690 v,
169 2643 191 2682 ι.
206 2620 347 2685 Canticis
360 2622 478 2684 dicitur
493 2645 501 2683 ε
518 2620 691 2702 Gomadite,
706 2622 814 2701 amici,
830 2631 863 2685 et
875 2621 958 2685 bibi·
1013 2625 1090 2707 quin
1115 2624 1270 2707 adoptivi)
1289 2624 1496 2687 vocabuntur.
1514 2622 1630 2686 llorum
1653 2630 1758 2685 autem

207 2728 262 2799 te;
286 2729 318 2783 ct
343 2719 558 2797 inebriamini,
584 2721 754 2783 carissimi.
777 2720 812 2783 ln
836 2722 957 2803 Apoca-
1012 2731 1181 2805 utrumque
1205 2723 1243 2785 ad
1269 2723 1387 2785 donum
1416 2720 1580 2803 sapientia
1610 2720 1758 2802 partinet.

126 2869 134 2880 .
155 2848 192 2885 m,
206 2818 290 2901 lypsi
305 2835 432 2899 quoque
448 2841 456 2879 ι
473 2818 505 2881 Si
520 2818 593 2901 quis
606 2819 767 2900 aperuerit
785 2818 877 2896 mihi,
894 2836 957 2881 coe·
1011 2821 1102 2885 Nunc
1126 2821 1212 2884 enim
1237 2830 1400 2884 ostensum
1421 2828 1481 2897 ast,
1502 2820 1585 2900 quod
1607 2819 1760 2901 primum,

206 2916 294 2979 nabo
316 2935 390 2979 cum
414 2916 481 2980 illo.
506 2916 624 2979 Verum
647 2916 744 2997 hujus
767 2916 955 2979 suavitatem
1012 2920 1136 2983 scilicet
1156 2938 1267 3001 pacem
1289 2918 1405 2995 lacere,
1422 2917 1464 2978 sit
1483 2935 1564 2999 opus
1583 2916 1758 2999 sapientiae.

206 3014 350 3077 convivii
377 3021 505 3096 gustare
532 3033 592 3078 nec
621 3023 725 3096 potest
751 3033 810 3078 nec
839 3015 956 3097 dignus
971 3018 994 3081 c
1012 3017 1108 3081 Porro
1137 3037 1193 3099 per
1223 3016 1411 3099 sapientiam
1441 3014 1607 3098 unigenito
1635 3023 1761 3077 natura-

206 3121 268 3191 ast,
287 3112 339 3175 cui
368 3113 506 3176 mundus
535 3112 588 3175 bic
618 3113 732 3195 placat,
758 3114 811 3177 cui
840 3132 958 3177 ooncu·
1012 3115 1098 3197 lique
1113 3116 1193 3179 llilio
1207 3116 1262 3178 Del
1279 3114 1502 3191 assimilamur,
1520 3132 1617 3195 quum
1634 3113 1701 3195 ipse
1721 3113 1761 3176 sit

206 3211 366 3293 piscantia
383 3210 545 3293 prevalet,
561 3229 656 3294 quem
681 3212 787 3275 camis
810 3210 956 3292 voluptas
1011 3213 1118 3294 genita
1140 3214 1238 3277 Patris
1260 3212 1432 3295 Sapientia,
1454 3212 1546 3293 cujus
1569 3212 1687 3275 donum
1712 3231 1760 3275 sa-

204 3308 346 3373 oblactat
370 3332 378 3370 z
404 3308 476 3371 talis
504 3309 591 3372 anim
621 3309 728 3391 ignem
755 3310 896 3373 alianum
922 3310 956 3372 in
1012 3312 1141 3393 pientiae
1160 3312 1394 3393 pulcherrimus
1417 3310 1524 3373 radius
1547 3318 1605 3373 est.
1622 3310 1679 3373 Per
1698 3310 1759 3373 hoc

205 3406 312 3469 cordis
327 3406 378 3469 sui
393 3406 555 3470 tburibulo
569 3406 660 3489 ponit
673 3427 709 3471 aa
722 3407 830 3471 ollert.
1011 3429 1087 3474 vero
1102 3411 1185 3491 quod
1205 3410 1340 3473 naturali
1360 3409 1415 3471 Dei
1435 3408 1515 3472 llilio
1531 3408 1757 3487 assimilamur,

1011 3508 1073 3571 lilii
1098 3508 1238 3591 adoptivi
1260 3506 1452 3570 allicimur:
1474 3506 1570 3587 elegit
1589 3507 1675 3569 anim
1701 3524 1758 3571 nos
1772 3524 1905 3581 cereata

406 3614 652 3682 ARTIGULUS
674 3617 752 3681 xx,
1012 3606 1045 3667 in
1066 3605 1136 3688 ipso
1155 3614 1228 3668 ante
1248 3605 1358 3667 mundi
1378 3604 1647 3681 constitutionem,
1664 3623 1755 3685 quos,

313 3748 393 3815 ΟΜ
413 3748 579 3806 beatitudo
600 3749 848 3823 correspondeat
1011 3712 1090 3766 teste
1113 3703 1274 3785 Apostolo,
1296 3700 1456 3784 praescivit
1482 3700 1662 3763 conformas
1684 3701 1755 3765 lieri
1770 3720 1891 3774 amiur,

440 3838 524 3895 dono
539 3836 711 3911 ,apicum
1011 3800 1160 3882 imaginis
1174 3799 1246 3861 Filii
1262 3799 1323 3877 sui,
1336 3806 1370 3861 ut
1385 3798 1426 3859 sit
1441 3797 1509 3879 ipse
1526 3797 1756 3879 primogenitus
1770 3786 1805 3829 ²⁹·

712 3882 719 3896 ⁶
1010 3897 1044 3959 in
1058 3896 1167 3960 multis
1182 3898 1344 3959 iratribus.
1359 3896 1446 3959 Unde
1464 3904 1494 3959 et
1514 3895 1731 3977 scriptumest
1747 3918 1753 3957 :

276 3992 562 4056 P0lll'lll'damum
578 3994 871 4075 cognoscere,quod
886 3994 956 4059 bea·
1010 3996 1092 4059 Fons
1117 3996 1292 4078 sapientia,
1314 3994 1447 4057 verbum
1471 3993 1526 4057 [tei
1548 3992 1582 4055 in
1609 3994 1753 4057 excelsis.
1770 4016 1869 4069 aaran,
1882 4018 1902 4061 a.

291 4092 392 4154 titudo
416 4091 464 4153 illi
480 4091 564 4154 dono
580 4092 751 4172 respondet
764 4110 803 4154 ax
826 4112 889 4174 quo
907 4094 956 4155 di·
1050 4093 1199 4157 Vicissim
1230 4102 1335 4156 tamen
1369 4112 1430 4175 pax
1462 4100 1594 4156 vocatur
1621 4091 1757 4156 allectus

202 4189 324 4253 rectius
338 4195 432 4269 atque
447 4187 956 4269 frequentiuscausaturtbeatitu·
969 4194 996 4257 l)
1009 4192 1153 4275 justitiae,
1175 4192 1225 4255 val
1250 4191 1325 4273 quia
1347 4190 1470 4273 justitia
1493 4192 1533 4253 ad
1557 4210 1670 4274 pacem
1694 4191 1758 4254 dis-

201 4288 297 4350 dines
317 4305 455 4368 namque
477 4295 551 4348 sunt
569 4286 769 4367 operationes
788 4288 953 4370 virtutum,
1010 4290 1112 4373 ponit,
1133 4290 1183 4353 vel
1210 4289 1437 4371 impedimenta
1457 4289 1546 4372 pacis
1566 4289 1679 4353 aufert.
1697 4289 1759 4353 Un-

201 4404 277 4469 quta
292 4383 505 4466 perficiuntur
522 4404 581 4467 per
594 4385 688 4449 dona.
705 4385 767 4449 Pax
787 4395 892 4451 οιιιοιιι
907 4396 956 4451 ast
1009 4392 1049 4453 de
1073 4390 1107 4452 in
1130 4389 1211 4452 Isaia
1240 4388 1457 4471 conscriptum
1480 4396 1528 4451 est
1553 4412 1560 4449 :
1587 4388 1653 4451 Erit
1675 4406 1756 4471 opus
1770 4406 1904 4461 omrem.

202 4481 348 4547 caritatis
367 4481 503 4545 allectus
525 4505 532 4545 z
554 4482 701 4546 consistit
719 4484 806 4547 enim
826 4485 861 4547 in
878 4504 956 4567 quo-
1009 4488 1141 4571 justitiae
1161 4506 1232 4571 pax,
1254 4494 1285 4549 et
1306 4486 1409 4549 cultus
1429 4485 1559 4568 justitiae
1580 4486 1755 4567 silentium,

201 4583 280 4645 dam
295 4598 454 4643 consensu
473 4600 511 4644 ac
527 4580 646 4645 unione
659 4581 800 4645 bominis
821 4586 861 4647 ad
876 4604 909 4647 sa
924 4593 955 4648 et
1010 4596 1042 4651 et
1057 4588 1209 4650 securitas
1225 4604 1325 4669 usqua
1341 4584 1373 4646 in
1389 4584 1628 4665 sampitcmum.

200 4680 245 4743 ad
265 4678 375 4741 alium.
396 4677 475 4741 Nam
496 4698 556 4761 pax
574 4686 623 4741 est
641 4680 855 4764 tranquillitas
872 4682 957 4746 ordi-

202 4778 269 4857 nis,
286 4778 383 4839 idest
402 4778 548 4841 ordinata
566 4778 734 4860 quiesque
747 4798 838 4843 mens
851 4802 871 4844 a
886 4800 957 4864 pev-
1203 4793 1446 4861 ARTICULUS
1470 4792 1563 4857 XXI,

202 4874 386 4941 turbatione
411 4875 560 4957 quiescit,
586 4894 625 4939 eo
649 4878 734 4957 quod
758 4882 958 4962 unumquod-

203 4992 271 5056 que
295 4972 328 5033 in
353 4972 422 5055 ipsa
446 4972 614 5053 exsistens,
636 4973 718 5037 bene
741 4995 775 5039 se
798 4977 894 5040 habet
917 4981 957 5043 ad
1050 4930 1099 4990 De
1120 4927 1300 5004 multiplici
1320 4927 1502 5002 acceptione
1524 4926 1715 4987 intellectus.

204 5071 264 5135 illa
287 5071 327 5133 ad
352 5089 421 5151 quar
439 5071 586 5134 ordinem
609 5071 705 5136 habet
726 5096 733 5135 :
754 5077 959 5157 quemadmo-
1074 5074 1247 5139 OllPLETO
1262 5094 1407 5139 sermone
1428 5076 1467 5137 de
1489 5075 1573 5139 dono
1594 5073 1758 5157 sapientia

203 5171 284 5233 dum
312 5168 409 5233 bomo
431 5188 544 5251 pacem
571 5170 712 5253 sortitur,
739 5173 815 5236 dum
837 5175 959 5257 appeti·
1090 5182 1311 5257 pertractante,
1328 5173 1426 5255 exlgit
1446 5174 1523 5237 ordo
1545 5174 1584 5235 de
1606 5174 1689 5238 dono
1711 5172 1759 5234 in·

205 5276 260 5331 tus
290 5264 424 5330 inferior
443 5267 483 5329 ad
505 5267 661 5332 rationem
683 5271 764 5334 bena
790 5291 823 5334 sa
848 5271 955 5353 babet,
1016 5273 1161 5337 tellectus
1177 5272 1313 5334 tractari.
1331 5271 1459 5354 Oportet
1473 5279 1577 5333 autern
1600 5270 1759 5353 inprimis

335 5398 368 5452 Τ.
381 5400 421 5452 35.
1606 5406 1635 5457 13
