4309 6259
440 464 501 529 alo
728 486 769 531 nn
789 483 947 531 rnncnmn
968 484 1005 530 nr
1026 482 1190 531 nsoumlrr
1210 482 1327 542 annin,
1350 482 1437 531 amun
1457 485 1477 531 1.
1502 503 1542 517 -
1563 484 1634 532 cnr.
1654 485 1705 532 xm

441 650 607 733 credibile,
623 652 689 719 imo
707 653 817 735 utique
835 660 958 717 eertum
977 672 1107 737 prorsus
1131 651 1232 732 est,A

442 751 743 815 excellentissimam
758 754 848 816 illam
866 753 976 835 gratiae
996 754 1113 817 mentis
1128 772 1193 816 sue
1442 712 1686 779 ARTIGULUS
1709 714 1799 778 XLI·

442 849 674 931 plenitudinem
697 851 731 913 in
752 869 869 934 corpus
890 852 1097 930 redundasse,
1113 870 1192 933 prae-
1293 863 1339 921 Dc
1354 864 1429 921 toeta
1443 863 1504 921 itta
1519 863 1605 939 repis
1619 863 1746 923 Messio
1760 862 1939 941 Matrispee

443 946 616 1029 sertimque
639 949 672 1011 in
698 950 788 1012 vultu
815 949 1051 1032 resplenduisse
1075 972 1083 1011 :
1106 949 1192 1031 quod
1467 952 1625 1028 oirqineoe
1645 970 1765 1012 mensa.

443 1044 491 1125 (ni
511 1045 617 1127 fallor)
636 1066 675 1111 ex
699 1047 820 1129 duplici
844 1047 936 1129 signo
960 1047 1140 1111 innotescit.
1158 1046 1191 1109 Si
1698 1068 1701 1075 ·

443 1140 530 1205 enim
567 1145 758 1226 perturbatae
791 1143 1042 1226 passionataeque
1077 1144 1191 1207 animae
1305 1145 1527 1207 APIE'NTIA
1552 1145 1730 1222 aedificavit
1758 1145 1822 1205 sibi
1848 1147 2077 1220 domanam,

442 1248 584 1303 tortuosa
608 1241 694 1304 intus
718 1242 820 1305 latens
845 1242 1023 1325 dispositio,
1049 1242 1083 1304 in
1107 1241 1190 1305 faeie
1319 1242 1451 1301 miscuit
1485 1243 1611 1312 vinum,
1639 1250 1671 1302 et
1694 1243 1806 1317 posuit
1838 1236 2006 1305 vitreorum.2

441 1338 578 1402 ubertim
597 1340 812 1421 cognoscitur,
829 1348 861 1402 et
883 1339 1118 1404 deformitatem
1144 1340 1192 1403 vi-
1243 1338 1329 1401 Beati
1344 1338 1399 1419 qui
1415 1338 1646 1401 commensales
1660 1338 1750 1402 fuere
1764 1338 1823 1418 tui,
1836 1356 1856 1402 o
1869 1338 1980 1403 Christe

441 1436 547 1501 cissim
563 1438 689 1520 corpori
705 1438 828 1501 inducit
845 1462 852 1501 ε
869 1458 928 1501 cur
941 1458 1006 1502 non
1026 1439 1190 1502 serenissi-
1244 1437 1407 1500 altissime.
1425 1437 1470 1499 Tu
1486 1444 1603 1517 autem,
1619 1454 1639 1500 o
1658 1435 1869 1519 glorificanda
1888 1438 1981 1501 totali·

440 1545 553 1599 maaet
575 1537 607 1598 in
633 1537 753 1618 Spiritu
779 1537 894 1600 Sancto
919 1537 1090 1602 laetissimae
1115 1556 1190 1601 con·
1243 1544 1353 1617 terque
1368 1534 1474 1599 suavis
1489 1555 1527 1599 ac
1538 1534 1737 1598 delectabilis
1751 1534 1856 1616 llaria,
1865 1536 1981 1598 nniver-

441 1634 584 1698 scientias
615 1634 799 1718 limpiditas,
825 1636 865 1698 ad
900 1636 1008 1699 vultus
1041 1636 1189 1700 decorem
1244 1634 1288 1697 sis
1311 1635 1431 1698 beatior
1455 1653 1489 1698 es
1512 1641 1607 1715 atquc
1631 1633 1839 1715 praeelectior.
1860 1634 1979 1717 Nempe,

441 1732 600 1814 totiusque
632 1733 775 1816 corporis
809 1741 1009 1797 venustatem
1038 1734 1190 1797 exuberet
1243 1734 1321 1797 dum
1345 1732 1400 1796 ille
1425 1741 1497 1796 tuus
1522 1731 1758 1795 amantissimus
1782 1732 1871 1795 lesus
1894 1734 1982 1797 ubera

441 1841 537 1914 atque
552 1834 728 1897 redundetl
744 1834 865 1897 llursus
878 1852 1017 1915 quoque,
1033 1834 1072 1896 de
1092 1830 1228 1916 pluri-B
1244 1841 1298 1895 tua
1330 1840 1473 1895 materna
1505 1850 1617 1913 sugere
1651 1839 1818 1909 cessasset,
1848 1839 1981 1913 essetque

442 1934 501 1996 bus
516 1931 640 1995 Sanctis
656 1932 741 1994 istud
756 1933 884 2015 legitur,
900 1934 984 2015 qnod
999 1932 1033 1994 in
1046 1932 1189 2015 ipsorum
1245 1930 1409 2014 amplioris
1424 1930 1536 2010 etatis,
1544 1930 1611 2011 jam
1626 1949 1745 1993 mensae
1758 1938 1831 2008 tue,
1841 1938 1871 1993 te
1885 1930 1982 1993 locau-

441 2031 538 2093 etiam
565 2030 632 2111 jam
661 2030 814 2094 senilibus
843 2031 983 2094 vultibus
1007 2032 1188 2113 angelicum
1245 2038 1286 2110 te,
1313 2028 1441 2109 assedit,
1474 2036 1568 2111 atque
1593 2030 1678 2110 quod
1707 2029 1768 2111 ipsi
1798 2028 1980 2112 preparasti,

441 2130 594 2210 quiddam
608 2129 736 2210 enituit,
748 2130 833 2211 quod
853 2129 970 2193 divine
989 2130 1190 2193 excellentis·
1245 2130 1384 2211 itemque
1399 2135 1559 2191 antaeum
1580 2127 1723 2210 posuisti,
1741 2127 1940 2191 manducavit
1956 2136 1984 2190 et

442 2246 504 2309 que
528 2228 638 2310 gratiae
656 2228 811 2291 indicium
832 2228 954 2292 tuit.1n
974 2229 1069 2292 ldatre
1092 2228 1191 2311 igitur
1245 2227 1334 2290 bibit.
1353 2226 1376 2289 0
1400 2225 1495 2288 llario
1518 2226 1667 2308 benigna,
1684 2244 1781 2307 quam
1807 2226 1982 2309 praeclarum

443 2326 632 2404 sanctitatis,
648 2326 820 2407 Sanctique
833 2328 1021 2389 Sanctorum
1042 2326 1191 2390 felicissi·
1246 2334 1339 2407 atque
1351 2324 1530 2407 jucundum
1549 2332 1617 2388 crat
1639 2323 1695 2387 tibi
1717 2324 1777 2387 hoo
1800 2324 1903 2407 ipsum
1923 2342 1984 2405 spe

443 2444 495 2487 ma
510 2423 681 2503 Genitrice,
698 2424 731 2487 id
745 2424 857 2507 utique
872 2425 1042 2488 sublimius
1057 2426 1188 2506 exstitit,
1246 2424 1425 2487 otaculuml
1442 2423 1524 2486 Laeta
1545 2422 1592 2501 (ni
1617 2421 1723 2501 fallor)
1744 2422 1908 2503 dulcisque
1926 2429 1985 2484 erat

443 2530 479 2585 ut
506 2522 655 2586 videlicet
683 2522 821 2605 gratiosa
848 2523 992 2604 quaedam
1020 2521 1189 2605 divinaque
1245 2522 1303 2586 tibi
1318 2524 1351 2603 (o
1366 2523 1461 2585 llater
1477 2523 1599 2602 sancta)
1615 2541 1736 2599 mensa,
1754 2540 1827 2584 curn
1847 2520 1902 2583 Dei
1920 2520 1984 2583 l'ni-

443 2621 595 2684 serenitas
614 2640 684 2684 cam
701 2629 798 2684 totam
816 2622 1054 2704 praesertimque
1069 2622 1102 2684 in
1122 2622 1191 2684 vul·
1245 2621 1364 2702 genito,
1379 2619 1435 2700 qui
1450 2620 1580 2701 angelos
1596 2618 1702 2683 reficit
1715 2638 1753 2683 ac
1768 2620 1870 2697 satiat,
1886 2620 1983 2682 cibum

443 2728 477 2782 tu
492 2719 679 2802 perfuderit.
696 2720 784 2782 Unde
798 2728 892 2783 tante
908 2720 1047 2783 ereditur
1066 2720 1191 2783 castita-
1246 2727 1418 2801 potumque
1434 2717 1607 2801 suscipere,
1624 2737 1697 2781 eum
1717 2726 1903 2801 presentem
1926 2736 1984 2779 cer·

442 2817 482 2879 tis
508 2817 618 2897 fuisse,
640 2826 675 2880 nt
698 2838 717 2881 a
741 2817 829 2881 nullo
857 2836 999 2899 unquam
1024 2818 1190 2882 libidinose
1246 2824 1372 2897 nere,et
1386 2817 1434 2896 (ut
1448 2816 1575 2898 opinor)
1589 2814 1647 2878 tibi
1660 2816 1797 2879 ubertim
1812 2816 1983 2878 ministran-

443 2917 628 2998 concupisci
644 2916 779 2980 valuerit
795 2940 802 2978 ι
820 2917 970 2999 quoniam
984 2917 1115 2980 interior
1134 2935 1191 2998 pn·
1246 2925 1321 2996 tem,
1338 2916 1444 2978 cibum
1468 2922 1642 2997 potumque
1664 2922 1889 2998 apponentem,
1904 2933 1983 2976 men·

443 3015 519 3077 ritas
533 3014 566 3076 in
582 3015 671 3078 vultu
686 3034 845 3097 expressa,
862 3035 919 3077 sua
934 3015 1080 3079 exstinxit
1094 3015 1191 3077 virtu-
1208 3014 1230 3076 C
1246 3032 1312 3076 sam
1331 3012 1566 3095 disponentem,
1582 3032 1619 3076 ac
1644 3012 1822 3077 conformia
1846 3021 1981 3095 agentern

443 3120 476 3175 te
491 3113 694 3195 adspicientis
710 3114 870 3176 carnalem
891 3113 1078 3197 appetitum.
1095 3114 1190 3176 Porro
1245 3111 1362 3175 videre.
1379 3111 1452 3173 Erat
1467 3110 1552 3174 enim
1567 3111 1711 3175 subditus
1725 3112 1781 3174 tibi
1795 3133 1803 3188 3
1818 3130 1880 3175 nec
1894 3110 2080 3177 ambi-nean

443 3210 527 3273 banc
548 3210 682 3292 virginei
704 3212 846 3293 corporis
866 3212 1011 3294 gratiam,
1028 3219 1101 3294 post
1121 3211 1190 3273 Filii
1245 3228 1342 3292 guum
1358 3227 1429 3272 reor
1442 3209 1520 3290 quin
1536 3228 1610 3271 eum
1628 3208 1721 3272 filiali
1742 3228 1871 3292 semper
1889 3208 1984 3271 bumi-

443 3310 493 3372 sui
508 3308 772 3390 glorificationem
787 3310 1189 3391 auctamvehemonterque
1245 3308 1331 3389 lique
1360 3308 1548 3388 reverentia,
1575 3307 1631 3371 tibi
1655 3307 1688 3369 in
1711 3308 1872 3387 omnibus,
1897 3307 1983 3370 etiam

443 3408 661 3471 continuatam
684 3426 747 3471 non
771 3408 893 3489 dubito,
914 3416 1071 3489 quatenus
1097 3408 1190 3490 glori·
1245 3425 1309 3469 non
1333 3406 1452 3487 jussus,
1479 3406 1579 3469 instar
1603 3406 1677 3469 boni
1701 3405 1760 3469 filii
1784 3406 1982 3489 obsequiosus

443 3506 540 3569 ficato
555 3505 633 3568 lilio
652 3506 684 3568 in
704 3506 805 3586 coelis,
822 3506 917 3569 blaten
935 3525 1060 3588 quoque
1081 3505 1190 3569 divina
1245 3504 1408 3568 exstiterit.
1435 3505 1459 3567 0
1483 3506 1617 3569 Domina
1639 3524 1765 3587 magna,
1792 3504 1982 3585 caelestisque

441 3604 596 3686 paulatim
610 3604 876 3687 glorificationem
889 3604 1120 3686 adipisceretur
1134 3623 1190 3686 per
1244 3603 1374 3685 Regina,
1391 3602 1443 3665 cui
1456 3604 1597 3667 vescenti
1616 3604 1680 3666 lter
1704 3622 1814 3685 regum
1834 3612 1868 3667 et
1888 3601 2041 3671 Domi-apa,
2053 3625 2079 3656 a

442 3701 679 3766 inchoationem
694 3703 727 3766 in
743 3704 846 3766 terris.
863 3702 944 3765 llinc
958 3721 1074 3784 nempe
1089 3702 1190 3765 nulla·
1245 3722 1305 3765 nus
1318 3701 1551 3767 dominantium
1567 3702 1770 3766 convescitur
1786 3710 1881 3783 atque
1899 3700 1983 3763 mini-
1993 3682 2018 3721 ¹⁸·

442 3808 535 3863 tenus
559 3800 691 3864 dubium
714 3809 772 3879 est,
796 3800 864 3864 solo
888 3800 991 3863 llarite
1017 3808 1191 3883 conspectu
1246 3807 1333 3880 strat,
1350 3818 1391 3862 ne
1413 3800 1488 3880 quid
1513 3820 1631 3863 mense
1653 3800 1699 3862 illi
1723 3800 1849 3863 deesset
1872 3799 1906 3862 in
1927 3817 1983 3880 qua

443 3898 598 3980 plurimos
619 3898 797 3962 iudeorum
817 3908 911 3981 atque
929 3898 1095 3980 gentilium
1121 3917 1190 3961 esse
1246 3918 1318 3961 cum
1340 3916 1457 3981 sponso
1482 3905 1600 3962 aetemo
1625 3906 1854 3981 presenserat
1877 3914 1984 3981 sponsa

444 4015 615 4061 conversos
637 3997 880 4080 cordialiterqne
902 4004 1119 4078 compunctos.
1246 3996 1428 4060 carissima!
