4309 6259
564 482 721 532 exrosmo
742 482 840 531 aram
864 484 871 529 :
894 482 1021 531 maner
1041 483 1112 531 orna
1131 482 1229 531 raros
1249 482 1301 529 nar
1667 465 1707 529 lt

195 655 365 715 Moriatur
379 656 448 715 vita
463 656 622 725 omnium,
638 654 743 731 idest,
761 652 904 717 Christus
919 656 944 716 Α
960 664 1100 732 surgant
1115 656 1251 724 mortui,
1268 652 1443 735 prasertim
1463 652 1497 716 in
1516 652 1568 715 die
1583 652 1710 715 univer-

157 750 410 830 causaliter,non
426 751 719 829 formaliter,uvita
734 752 904 817 omnium»
961 751 1037 815 salis
1060 752 1174 834 judicii
1202 775 1209 813 ε
1236 753 1320 833 quod
1345 751 1629 834 supernaturaliter
1652 750 1711 812 fiet

156 846 334 925 hominum,
358 850 412 931 qui
435 858 467 913 et
488 850 662 913 secundum
685 858 830 913 naturam
856 869 905 912 as·
960 856 993 911 et
1006 850 1120 912 mento
1135 850 1246 912 mortis
1261 849 1387 912 Christi.
1405 850 1492 911 'func
1514 866 1711 929 consequen-

157 954 315 1028 sumptam
335 955 383 1009 est
404 947 566 1011 meritoria
587 968 682 1011 causa
702 949 774 1011 vitae
793 948 902 1030 gratim
962 955 1012 1009 tur
1027 948 1151 1011 beatam
1168 948 1438 1012 immortalitatem
1459 948 1564 1011 electi.
1581 948 1711 1029 Propter

159 1047 191 1107 in
217 1046 340 1108 cunctis
366 1046 528 1125 fidelibus,
550 1047 731 1111 immoletur
755 1048 788 1109 in
811 1064 905 1111 cruce
961 1047 1044 1127 quod
1063 1046 1142 1108 dixit
1157 1046 1325 1129 Apostolus
1343 1069 1350 1107 :
1368 1046 1457 1109 Sicut
1476 1046 1509 1107 in
1524 1046 1624 1107 Adam
1644 1063 1711 1107 om·
1738 1062 1806 1106 lca.
1819 1075 1855 1114 n,

158 1162 216 1225 pro
230 1143 389 1223 omnihus,
403 1144 570 1208 referendo
584 1145 645 1209 hoc
660 1146 699 1207 ad
715 1146 825 1208 horam
842 1164 906 1207 sua
962 1162 1018 1205 nes
1034 1144 1222 1221 moriuntur,
1241 1144 1284 1206 ita
1306 1145 1339 1205 in
1354 1145 1477 1207 Christo
1500 1162 1611 1207 omnes
1630 1143 1712 1205 vivi·
1724 1127 1758 1168 ²²·

158 1240 388 1321 crucifixionis,
401 1243 444 1304 ita
459 1244 542 1323 quod
558 1243 619 1306 hoc
634 1242 752 1305 dicitur
767 1262 824 1325 per
840 1260 906 1305 mo-
963 1240 1161 1315 ficabuntur3
1171 1250 1202 1303 et
1218 1243 1331 1304 iterum
1344 1266 1350 1305 :
1361 1242 1419 1304 Per
1433 1261 1532 1304 unum
1547 1242 1710 1304 hominem
1726 1258 1857 1309 amara.

157 1341 233 1402 dum
249 1339 488 1421 complacentia
503 1349 533 1403 et
554 1341 776 1422 gratulationis
790 1340 906 1424 gratia·
962 1348 1129 1421 peccatum
1158 1340 1191 1401 in
1221 1340 1306 1403 hunc
1331 1342 1486 1403 mundum
1513 1340 1654 1418 intravit,
1681 1347 1712 1402 et

159 1456 291 1520 rumque
308 1438 454 1517 actionis,
470 1439 545 1520 quia
564 1439 604 1501 de
623 1438 737 1502 Christi
758 1439 905 1521 passione
963 1456 1018 1518 per
1035 1447 1207 1519 peccatum
1229 1456 1325 1502 mors.
1349 1438 1404 1501 Est
1424 1447 1530 1502 autem
1555 1438 1711 1520 originale

158 1537 296 1616 gaudent
316 1545 348 1599 et
368 1536 485 1619 gratias
505 1544 603 1619 agunt
624 1536 729 1613 electi,
751 1538 783 1599 in
806 1555 907 1618 quan·
962 1543 1128 1616 peccatum
1143 1536 1287 1600 defectus
1306 1556 1363 1600 seu
1382 1537 1523 1601 carentia
1542 1536 1709 1619 originalis

160 1644 226 1697 tum
261 1653 318 1716 per
351 1634 438 1697 illam
472 1642 546 1697 suut
581 1636 747 1719 redempti.
778 1636 907 1717 Pmpter
960 1632 1092 1713 justitiae
1116 1634 1231 1697 debitae
1257 1636 1373 1713 inesse,
1400 1636 1575 1698 secundum
1600 1635 1711 1697 husel-

160 1734 244 1813 quod
260 1732 401 1795 affirmat
421 1734 589 1815 Apostolus
607 1758 613 1795 :
631 1732 693 1797 Nos
715 1742 820 1796 autem
841 1734 908 1815 glo
962 1750 1061 1794 mum.
1079 1731 1183 1795 Potest
1198 1733 1274 1795 item
1294 1732 1409 1814 exponi
1425 1733 1465 1795 de
1479 1741 1580 1796 morte
1595 1732 1709 1814 culpe,

162 1829 235 1893 riari
250 1838 374 1913 oportet
396 1831 428 1893 in
451 1850 545 1895 eruce
566 1831 690 1895 Domini
713 1832 811 1896 nostri
833 1833 905 1894 lesu
921 1833 944 1895 B
962 1830 1001 1891 de
1016 1848 1079 1909 qua
1094 1830 1237 1892 Salvator
1253 1854 1261 1893 :
1278 1830 1406 1893 Dimitte
1422 1832 1553 1911 (inquit)
1569 1840 1710 1893 mortuos
1724 1849 1858 1902 narrum,

160 1928 287 2005 Christi,
305 1929 336 1991 in
358 1948 422 2010 quo
442 1939 491 1992 est
510 1930 595 1992 salus
615 1931 729 1993 atrita
751 1939 782 1993 et
804 1950 907 1993 resur·
963 1928 1098 2009 sepelire
1120 1938 1261 1992 mortuos
1283 1949 1379 2007 suos;
1401 1938 1432 1992 et
1453 1929 1591 1992 Paulus:
1610 1916 1857 2029 Vidmibm.

161 2027 260 2090 rectio
274 2036 393 2106 nostra,
410 2048 468 2111 per
485 2047 581 2109 quem
601 2029 713 2091 salvati
734 2036 765 2091 et
781 2028 905 2092 liberati
962 2044 1032 2107 que
1054 2027 1087 2088 in
1109 2026 1234 2090 deliciis
1256 2025 1347 2107 vivit,
1370 2028 1482 2090 vivens
1503 2037 1628 2091 mortua
1649 2036 1707 2091 est.

23 2146 104 2189 aaut.
115 2160 145 2198 e,
160 2144 280 2188 sumus.
299 2126 336 2187 Et
350 2145 458 2188 rursus
477 2126 569 2189 :llihi
585 2126 668 2189 absit
683 2126 826 2207 gloriari,
843 2127 905 2189 nisi
961 2124 1033 2187 Hac
1048 2143 1134 2187 mors
1149 2124 1263 2188 transit
1282 2144 1339 2206 per
1357 2143 1479 2207 omnes,
1495 2126 1621 2189 dicente
1636 2146 1711 2207 apo-

22 2213 43 2253 ⁴·
160 2223 192 2285 in
218 2242 311 2287 cruce
331 2223 457 2286 Domini
480 2224 579 2287 nostri
604 2224 676 2287 lesu
701 2223 828 2302 Christi,
849 2243 907 2307 per
962 2222 1043 2286 stolo
1065 2224 1181 2286 Jaoobo
1205 2246 1212 2284 :
1235 2223 1269 2285 ln
1291 2223 1402 2287 multis
1425 2224 1622 2288 offendimus
1643 2244 1856 2306 ommam,

158 2341 253 2403 quem
269 2320 346 2383 mihi
369 2322 506 2384 mundus
526 2321 699 2385 crucifixus
720 2330 779 2399 est,
796 2330 827 2384 et
846 2342 905 2404 ego
962 2341 1029 2383 nes.
1047 2321 1085 2383 Et
1105 2322 1144 2383 de
1167 2328 1299 2402 utraque
1321 2331 1422 2385 morte
1443 2324 1612 2405 exponitur
1632 2324 1709 2387 illud

158 2422 287 2484 mundo.
305 2420 385 2483 llinc
406 2420 537 2501 quidam
558 2420 638 2483 dixit
657 2422 790 2484 devotus
808 2446 815 2483 :
833 2421 906 2485 Soio
963 2420 1131 2501 Sapientia
1155 2444 1162 2481 :
1186 2419 1309 2483 lnvidia
1329 2421 1449 2484 diaboli
1472 2440 1558 2485 mors
1579 2422 1711 2485 intravit
1724 2446 1845 2503 sapiae

157 2520 232 2601 quia
247 2518 339 2581 dulce
355 2518 445 2581 vohis
460 2526 508 2580 est
520 2518 656 2581 Verbum
670 2520 702 2580 in
719 2518 791 2581 sinu
806 2518 906 2582 Patris
962 2516 994 2579 in
1017 2517 1128 2580 orbem
1150 2525 1315 2581 terrarum.
1339 2521 1535 2596 Consumpta
1556 2541 1655 2592 mors,
1678 2521 1710 2583 id

157 2618 336 2697 quiescens,
357 2616 483 2679 dulcius
510 2616 646 2680 Verbum
674 2636 747 2681 caro
771 2616 903 2694 factum,
962 2623 1010 2678 est
1025 2638 1041 2675 o
1058 2635 1144 2679 mors
1160 2638 1176 2675 »
1192 2617 1366 2697 corporalis
1381 2618 1552 2697 destructa,
1560 2620 1628 2679 ictu
1638 2640 1709 2689 suo,

156 2714 377 2777 dulcissimum
389 2714 526 2777 Verbum
542 2714 575 2776 in
591 2733 686 2777 cruce
702 2734 903 2797 suspensum.
962 2713 994 2776 id
1009 2722 1057 2777 est
1072 2714 1277 2796 percussione
1292 2722 1324 2777 et
1338 2714 1467 2779 laesione
1482 2734 1577 2797 quam
1594 2716 1710 2779 forma-

156 2812 734 2895 Praeterea,avitaomnium»,utpote
751 2812 904 2891 Christus,
961 2811 1034 2875 liter
1062 2812 1170 2874 intulit
1194 2812 1319 2894 corpori
1349 2813 1476 2891 Christi,
1504 2814 1596 2897 cujus
1625 2815 1710 2877 occi-

158 2930 223 2975 uon
239 2918 286 2975 est
302 2919 425 2974 mortua
440 2930 543 2992 neque
559 2929 650 2992 passa
665 2912 839 2974 secundum
856 2930 907 2975 na·
961 2910 1051 2972 sione
1068 2909 1101 2972 in
1117 2910 1227 2973 electis
1242 2911 1349 2975 occisa
1362 2920 1410 2974 est
1424 2920 1577 2993 quantum
1593 2914 1709 2977 adhoc

159 3018 261 3072 turam
280 3009 435 3086 divinam,
451 3026 514 3090 qua
533 3008 746 3072 essentialiter
762 3009 827 3071 vita
845 3018 904 3087 est,
922 3008 943 3071 C
962 3010 1046 3089 quod
1072 3009 1186 3072 merito
1212 3009 1324 3072 mortis
1352 3009 1466 3072 Christi
1491 3010 1710 3075 immortalita-

159 3109 214 3171 sed
244 3108 419 3170 secuudum
443 3115 588 3170 naturam
612 3115 819 3188 assumptam,
845 3127 907 3189 qua
963 3114 1025 3169 tem
1049 3114 1123 3169 sunt
1138 3108 1291 3185 sortituri,
1303 3110 1429 3185 perisse
1443 3130 1475 3169 se
1488 3114 1589 3170 aotam
1600 3121 1710 3187 gemat

159 3207 258 3269 vitam
273 3205 476 3288 participavit
494 3213 526 3267 et
546 3205 642 3268 vitam
661 3207 857 3288 corporalem
873 3206 906 3268 in
963 3204 995 3267 in
1021 3206 1142 3285 electis,
1164 3214 1195 3268 et
1219 3207 1280 3269 hoo
1302 3205 1369 3288 jam
1396 3206 1576 3270 radicaliter
1596 3217 1628 3271 et
1647 3210 1710 3271 vir-

159 3304 264 3369 triduo
287 3305 398 3367 mortis
417 3302 534 3367 amisit.
556 3304 628 3369 ldeo
651 3304 716 3367 vita
740 3304 807 3367 hac
828 3304 907 3368 dici·
963 3303 1091 3366 tualiter
1119 3304 1152 3365 in
1181 3304 1296 3367 merito
1323 3304 1449 3369 Christi.
1476 3305 1628 3387 loquitur
1656 3308 1710 3370 de-

159 3412 211 3467 tur
230 3411 364 3479 mortua,
382 3410 511 3484 propter
529 3403 683 3466 unitatem
706 3402 905 3485 personalem
963 3421 1050 3463 mum
1075 3410 1186 3465 auctor
1208 3401 1318 3485 hymni
1343 3404 1383 3465 de
1405 3412 1507 3467 morte
1531 3405 1590 3468 hae
1611 3412 1709 3467 meta-

159 3502 324 3581 utriusque
334 3501 366 3562 in
378 3499 501 3564 Christo
517 3507 645 3563 natura.
658 3505 821 3578 Resurget
837 3504 905 3561 uita
962 3499 1105 3581 phorice,
1134 3500 1225 3581 quasi
1254 3501 1293 3563 de
1328 3520 1361 3563 re
1394 3502 1531 3582 positiva
1558 3510 1590 3565 et
1623 3503 1708 3582 viva,

159 3602 306 3661 omm'um
322 3599 432 3680 :quod
448 3598 567 3661 factum
593 3606 641 3662 est
660 3600 752 3661 tertia
767 3599 906 3681 die,qua
962 3615 1061 3679 quum
1086 3606 1193 3661 tamen
1218 3616 1303 3661 mors
1327 3598 1503 3663 formaliter
1523 3620 1560 3662 ac
1582 3601 1710 3682 proprie

69 3735 76 3753 ι
159 3697 331 3761 resurrexit
345 3716 363 3758 a
378 3704 478 3760 morte
493 3697 650 3778 corporali
665 3716 703 3760 ex
718 3698 863 3775 mortuis,
874 3698 905 3760 id
964 3713 1027 3758 nou
1044 3696 1086 3758 sit
1100 3694 1162 3758 nisi
1178 3696 1314 3777 privatio
1328 3697 1411 3759 vita.
1430 3698 1546 3760 Vemm
1562 3700 1709 3763 eomodo

159 3804 259 3859 estex
274 3814 408 3858 numam
427 3803 458 3857 et
478 3796 517 3858 de
538 3814 671 3859 numero
692 3804 904 3872 mortuorum
963 3811 1026 3875 quo
1050 3794 1169 3857 dieitur
1191 3813 1272 3871 esse,
1298 3794 1418 3875 vigere,
1444 3796 1570 3874 durare,
1593 3796 1711 3859 dicitur

159 3894 356 3976 quodetiam
372 3914 430 3975 per
443 3895 571 3958 modum
587 3895 731 3958 maxima
747 3894 908 3976 gratulati·
963 3900 995 3955 et
1017 3894 1131 3974 perire,
1148 3892 1264 3974 expelli
1287 3900 1318 3955 et
1339 3911 1477 3974 gemere,
1495 3894 1578 3957 sieut
1599 3902 1630 3956 et
1652 3914 1710 3957 ote-

160 3992 231 4056 0uis
242 3994 450 4074 depmmitur,
458 3993 533 4073 quia
547 3994 586 4055 de
594 3992 708 4055 Christi
725 3994 908 4057 resurrecti·
964 3990 1042 4052 citas
1052 3991 1171 4053 dicitur
1185 4009 1255 4053 esse
1270 3991 1303 4052 iu
1318 3991 1411 4055 oculo
1426 4000 1458 4053 et
1471 3992 1587 4073 expelli
1603 3991 1643 4054 ab
1658 4011 1707 4056 eo.

161 4110 221 4155 oue
247 4110 359 4155 omnes
382 4092 475 4154 electi
497 4092 598 4173 gavisi
615 4100 734 4154 suntet
750 4092 904 4155 laetantur.

66 4210 88 4266 3
202 4195 308 4260 Quum
324 4208 483 4267 morspcr
497 4210 605 4250 omnes
620 4199 778 4261 transeat,
795 4189 826 4252 id
846 4190 945 4269 est,l)
1003 4188 1174 4267 Postremo,
1191 4196 1226 4251 ut
1246 4189 1331 4251 bunc
1353 4188 1507 4271 hymnum
1521 4189 1627 4252 debita
1646 4191 1711 4253 ala-

162 4307 314 4352 «morso
337 4296 456 4351 natura
478 4310 494 4347 (ι
515 4305 625 4350 omnes
646 4308 663 4346 »
685 4288 834 4352 mortales
855 4307 908 4352 oo·
963 4287 1073 4351 oritate
1096 4296 1270 4364 cantemus,
1287 4307 1306 4349 a
1326 4296 1428 4350 morte
1449 4288 1563 4351 anime
1584 4288 1709 4370 penitus
1807 4328 1813 4339 ·

162 4387 247 4450 cidat
268 4386 302 4448 in
324 4404 468 4467 corpore,
490 4385 578 4467 juxta
600 4386 678 4448 illud
701 4386 734 4448 in
756 4387 904 4450 Psalmo:
964 4404 1177 4467 resurgamus,
1200 4393 1232 4449 et
1256 4404 1329 4449 oum
1354 4386 1477 4448 Christo
1501 4386 1709 4467 spiritualiter

44 4527 93 4569 p„
161 4485 236 4560 Quis
260 4492 308 4547 est
331 4484 427 4547 homo
450 4484 506 4564 qui
530 4484 616 4545 vivet
644 4493 676 4546 et
699 4502 763 4547 non
788 4485 908 4548 videbit
963 4484 1136 4561 elevemur,
1153 4503 1223 4565 quaa
1245 4503 1370 4547 sursum
1393 4493 1466 4546 sunt
1487 4486 1657 4565 quaerendo
1678 4493 1709 4549 et
1737 4513 1854 4569 comm,

23 4591 145 4639 fflnmo.
162 4586 316 4648 mortemf
333 4584 376 4645 De
390 4583 451 4645 hoo
466 4582 505 4645 ad
520 4582 678 4645 Romanos
696 4582 815 4647 diffuse
831 4584 909 4647 scri·
963 4582 1127 4662 sapiendo,
1151 4582 1290 4644 oamalia
1311 4582 1548 4662 vilipendendo,
1576 4583 1653 4646 vilia
1677 4593 1709 4647 et
1724 4581 1771 4629 ¹¹³·

33 4682 209 4761 R„,„,bit
230 4681 410 4764 apostolae,
436 4680 574 4761 qualiter
602 4699 687 4744 mors
715 4700 773 4763 per
796 4699 907 4745 omnes
963 4689 1092 4743 externa
1121 4681 1250 4743 vitando
1283 4681 1406 4759 solatia,
1437 4681 1644 4761 loquacitates
1677 4690 1709 4745 et

162 4778 355 4863 pertransiit.
377 4778 448 4841 llaec
473 4797 558 4842 mors
583 4788 632 4841 est
654 4778 789 4842 effectus
813 4780 909 4862 origi·
964 4780 1120 4857 levitates,
1138 4778 1347 4841 incustodiam
1370 4780 1486 4857 cordis,
1503 4788 1535 4841 et
1552 4781 1707 4861 quidquid

162 4880 244 4943 nalis
264 4878 386 4961 peccati
405 4902 411 4939 :
430 4896 611 4959 quanquam
632 4878 674 4940 sit
697 4880 793 4941 etiam
818 4887 909 4942 natu·
963 4878 1158 4941 offensivum
1180 4884 1228 4939 est
1242 4878 1297 4939 bei
1315 4900 1322 4938 :
1339 4878 1431 4959 cujus
1453 4887 1605 4956 sanctam,
1624 4899 1709 4942 sum-

163 4978 249 5055 ralis,
280 4997 319 5040 ox
351 4976 577 5040 commixtione
612 4977 841 5041 elementorum
877 4988 908 5041 et
963 4996 1048 5039 mam
1073 4995 1110 5039 ac
1139 4976 1340 5038 metuendam
1365 4976 1564 5059 presentiam
1589 4978 1708 5058 ubique

162 5076 298 5140 naturali
327 5076 546 5158 complexione
576 5076 804 5155 concomitans,
832 5094 909 5158 quo-
963 5083 995 5139 et
1014 5092 1141 5155 semper
1161 5091 1331 5154 pensemus
1350 5074 1488 5155 totisque
1510 5075 1631 5138 viribus
1655 5094 1710 5138 re-

161 5174 250 5239 niam
280 5192 374 5237 omne
403 5174 690 5257 complexionatum
714 5181 746 5235 et
775 5176 908 5238 mixtum
963 5190 1123 5249 ueremur,
1144 5170 1366 5233 erubescentes
1392 5171 1425 5232 in
1445 5171 1515 5252 ejus
1536 5180 1709 5253 conspectu

162 5294 201 5339 ox
221 5292 278 5337 sua
297 5272 503 5355 corruptibile
523 5280 571 5337 est
590 5280 711 5336 natura.
730 5277 845 5336 Omnes
861 5294 910 5335 re-
964 5270 1165 5352 insipienter,
1182 5268 1292 5350 inique
1306 5288 1343 5332 ac
1358 5269 1465 5332 viliter
1479 5288 1538 5333 nos
1553 5268 1682 5337 hahere.
