4309 6259
462 472 521 538 394
631 492 671 539 nn
692 491 893 540 sxcxxxaxro
913 492 1042 539 xxrxurs
1060 493 1097 538 nr
1117 494 1214 539 ursae
1235 489 1461 537 cnmaaxrroxa
1483 491 1640 539 orxxoeus.
1663 510 1702 521 -
1723 492 1793 539 aar.
1817 490 1847 535 rx

461 668 555 723 tenus
569 659 653 725 ferre
667 670 781 743 potest.
798 661 877 724 Etsi
892 662 976 724 ultra
989 662 1074 724 vires
1088 661 1210 724 homini
1225 662 1251 723 Α
1266 662 1449 725 hominibus
1473 660 1584 725 officia
1607 662 1748 724 exercuit
1771 669 1803 723 et
1817 662 1986 743 assumpsit,

461 761 669 824 ostendantur
683 761 802 839 divina,
814 760 955 823 deficere
974 761 1099 842 cogitur
1113 768 1144 822 et
1157 762 1212 822 dc-

462 857 564 921 fluere
587 879 606 920 a
630 877 663 921 se
687 859 768 940 ipso,
795 869 830 921 ut
854 868 940 940 patet
969 859 1002 920 in
1032 858 1210 922 visionibus

462 956 688 1037 Prophetarum
703 966 735 1019 ct
749 958 892 1039 raptibus
913 957 1207 1039 contemplantium.

462 1053 572 1117 Omnis
599 1062 705 1118 autem
734 1056 814 1119 visio
837 1056 1022 1138 prophetica
1051 1076 1108 1118 seu
1136 1074 1210 1118 con-

463 1153 626 1233 templatio
650 1153 722 1216 vitae
747 1154 922 1235 praesentis,
945 1164 1209 1236 quantecumque

461 1251 589 1313 videtur
607 1252 781 1314 consistere
802 1252 965 1332 claritatis,
981 1253 1053 1336 plus
1075 1254 1171 1316 distat
1191 1274 1210 1316 a

461 1347 586 1430 fulgore
601 1350 817 1431 cognitionum
834 1351 1021 1414 Sanctorum
1040 1352 1074 1413 in
1094 1352 1206 1434 patria,

461 1466 556 1528 quam
583 1448 839 1511 tenebrosissima
863 1467 924 1512 nox
953 1470 971 1511 a
999 1450 1209 1513 serenissimae

460 1544 524 1607 diei
541 1545 720 1627 splendore.
737 1547 772 1608 ln
788 1548 894 1629 specie
910 1568 986 1630 ergo
1000 1549 1093 1630 panis
1113 1559 1210 1613 mate-

461 1642 548 1705 rialis
563 1645 752 1726 proponitur
766 1645 820 1708 ille
834 1647 927 1728 panis
942 1648 1209 1728 supersubstanti-

462 1741 531 1820 alis,
543 1743 693 1823 quoniam
708 1745 799 1825 panis
814 1746 1004 1827 praecipuuS,
1018 1747 1209 1809 communis·

1265 768 1373 841 utpote
1389 760 1571 841 sacerdotis,
1588 760 1732 823 advocati
1753 779 1789 823 ac
1811 760 1928 822 medici.
1943 760 1989 822 lli-

1266 878 1324 922 nor
1339 878 1475 939 namque
1497 878 1534 922 eo
1557 858 1729 921 inferiorve
1744 859 1893 935 sacerdos,
1909 857 1989 919 suih-

1266 978 1337 1020 cere
1366 976 1430 1021 non
1459 957 1584 1019 valebat
1613 956 1870 1019 sacramentando
1895 964 1925 1017 et
1950 974 1989 1017 sa·
2099 1010 2100 1041 ,

1266 1056 1383 1119 orando
1413 1055 1520 1137 generi
1549 1054 1688 1117 humano
1721 1073 1758 1116 ac
1791 1054 1880 1116 curiae
1906 1054 1988 1117 totius

1264 1155 1414 1218 Ecclesiae
1433 1153 1609 1215 militantis.
1627 1152 1684 1214 Per
1704 1152 1857 1215 minorem
1879 1170 1988 1232 quoque

1265 1253 1452 1316 advocatum
1478 1270 1573 1314 causa
1600 1250 1696 1313 totius
1724 1250 1849 1331 generis
1874 1250 1986 1311 humani

1265 1352 1315 1433 agi
1340 1369 1404 1413 uon
1429 1357 1561 1431 poterat.
1585 1350 1704 1411 Rursus
1728 1346 1917 1430 impossibile
1939 1347 1988 1409 luit

1265 1470 1322 1532 per
1336 1450 1492 1511 minorem
1508 1448 1668 1510 medicum
1689 1447 1785 1510 totius
1807 1446 1923 1527 generis
1941 1446 1988 1506 hu-

1265 1548 1351 1610 mani
1384 1547 1539 1623 laesiones,
1572 1546 1703 1608 vulnera
1734 1564 1771 1607 ac
1800 1544 1918 1607 morbos
1945 1562 1989 1605 cu-

1265 1646 1338 1709 rari.
1365 1646 1466 1721 Quum
1497 1645 1602 1725 itaque
1628 1644 1659 1705 in
1691 1642 1802 1706 officio
1827 1642 1919 1705 llissae
1940 1641 1988 1703 tria

1265 1745 1325 1807 ista
1358 1752 1502 1825 agantur,
1534 1752 1566 1805 ct
1599 1741 1785 1805 exercitium
1818 1741 1911 1803 blissa.
1939 1740 1988 1801 tria

462 1839 562 1902 simus
596 1860 633 1902 ac
667 1842 988 1905 convenientissimus
1024 1844 1116 1907 cibus
1147 1853 1205 1923 est,
1227 1842 1325 1905 Rista
1350 1842 1491 1904 includat
1513 1839 1636 1918 officia,
1661 1858 1792 1902 necesse
1819 1847 1861 1901 est
1888 1838 1989 1919 ipsum·

462 1938 704 2022 expressiusque
728 1941 899 2023 designans
923 1943 1022 2005 divini
1048 1943 1112 2005 cibi
1138 1964 1209 2026 pro-

462 2035 623 2116 prietates,

502 2133 671 2198 Sacranos.
689 2137 903 2211 —Quantum
927 2138 1129 2202 imbecillitas
1153 2159 1210 2203 no-

462 2238 534 2293 strae
563 2233 648 2295 valet
677 2252 791 2315 capere
824 2236 951 2314 mentis,
982 2237 1141 2299 subtiliter
1163 2258 1207 2301 ac

462 2330 576 2393 devote
595 2332 742 2410 docuisti,
759 2352 778 2396 o
793 2333 914 2396 Veritas
934 2354 1068 2415 summa,
1085 2338 1208 2399 animas

462 2438 586 2491 nostras
605 2430 696 2492 refici
720 2432 896 2513 temetipsa.
915 2434 1137 2497 Verumtamen
1153 2437 1209 2498 ob

460 2526 518 2607 jici
534 2536 648 2609 potest,
656 2528 739 2609 quod
755 2530 855 2592 sancti
872 2540 902 2591 et
917 2532 1008 2594 electi
1024 2532 1137 2595 fideles
1152 2535 1206 2614 qui

461 2624 603 2687 amundi
618 2626 778 2707 principio
794 2629 946 2708 usquead
962 2629 1131 2710 primitivae
1150 2632 1208 2693 Eo-

461 2722 565 2785 clesiae
594 2722 724 2787 fuerunt
751 2728 924 2804 exordium,
955 2728 1051 2790 etiam
1084 2728 1118 2790 in
1148 2730 1206 2791 hac

462 2820 526 2883 vita
541 2820 612 2884 cibo
629 2821 683 2885 illo
698 2841 756 2903 per
770 2823 872 2885 fidem
893 2827 1208 2907 contemplationem-

461 2937 523 2998 que
547 2917 625 2981 fidei
648 2928 681 2982 et
699 2940 840 2983 amorem
864 2932 938 2985 sunt
962 2924 1028 2985 aliti
1048 2948 1054 2985 :
1072 2924 1155 2987 siout
1178 2934 1209 2987 et

1264 1948 1330 2002 met
1352 1939 1552 2021 Unigenitum
1571 1938 1626 2000 Dei
1647 1938 1678 1998 in
1702 1936 1815 2000 officio
1829 1936 1922 1997 llissae
1942 1935 1989 1997 tria

1265 2040 1324 2102 ista
1355 2038 1575 2120 principaliter
1602 2055 1707 2118 agere,
1739 2035 1863 2116 exsequi
1893 2044 1923 2097 ct
1943 2034 1989 2095 iru-

1263 2137 1363 2219 plcre.

1303 2234 1454 2299 Officium
1478 2253 1616 2315 namque
1639 2233 1747 2309 blissae,
1770 2226 1988 2295 sacramentalia

1264 2343 1295 2397 et
1314 2333 1525 2396 sanctificatio
1546 2340 1646 2394 exstat
1668 2332 1764 2393 totius
1788 2329 1894 2412 populi
1916 2327 1986 2389 liei:

1263 2434 1347 2514 quod
1363 2432 1518 2495 aminore
1538 2430 1699 2493 sacerdote
1719 2427 1932 2511 principaliter
1947 2424 1987 2505 agi

1264 2551 1328 2595 non
1353 2539 1465 2612 potest,
1483 2530 1538 2592 sed
1563 2528 1731 2605 Christum,
1749 2528 1804 2607 qui
1827 2545 1898 2589 rere
1919 2542 1989 2586 sum-

1265 2650 1335 2693 mus
1351 2628 1497 2691 sacerdos
1512 2636 1570 2703 est,
1583 2646 1641 2709 per
1654 2625 1896 2688 insinuationem
1911 2623 1990 2685 adro-

1265 2748 1336 2792 care
1361 2746 1492 2789 necesse
1515 2734 1573 2789 est.
1600 2724 1720 2788 Idcirco
1746 2724 1851 2805 ipsum
1877 2740 1940 2785 esso
1964 2720 1989 2779 iu

1264 2833 1461 2889 sacramento
1479 2844 1542 2906 quo
1562 2823 1696 2906 populus
1719 2822 1940 2896 sanctificatur,
1954 2826 1990 2879 at-

1264 2946 1325 3007 que
1340 2926 1381 2987 ab
1399 2943 1437 2987 eo
1457 2922 1774 2985 sacramentationcm
1794 2918 1941 3000 precipue
1961 2915 1990 2977 fi-

462 3016 555 3078 multi
572 3018 673 3080 sancti
689 3020 886 3082 anachoretae
908 3021 940 3082 in
964 3032 1116 3103 perpetua
1136 3022 1244 3086 soli-C
1264 3025 1320 3103 eri,
1343 3030 1476 3086 constat.
1501 3022 1614 3102 Sicque
1639 3039 1769 3082 necesse
1793 3026 1841 3081 θεῖ
1864 3036 1930 3079 eum
1946 3015 1990 3076 ad-

463 3115 572 3177 tudine
589 3125 832 3179 commorantes.
850 3116 918 3182 Non
935 3138 1010 3199 ergo
1031 3123 1208 3184 necessaria

464 3214 589 3275 videtur
609 3215 703 3276 realis
724 3216 890 3297 praesentia
909 3228 1079 3298 assumptae
1099 3220 1209 3282 huma-

462 3311 571 3374 nitatis
596 3332 652 3375 seu
681 3314 822 3394 corporis
851 3323 883 3376 ct
910 3316 1073 3396 sanguinis
1101 3318 1146 3380 tui
1175 3320 1207 3380 in

463 3411 679 3491 Sacramenta,
709 3412 764 3474 sed
793 3412 938 3494 figuralis
968 3414 1091 3477 videtur
1119 3417 1209 3479 suffi-

462 3528 534 3571 cere
551 3532 558 3569 :
576 3512 751 3589 praesertim
772 3530 870 3591 quum
885 3512 1010 3574 bonitas
1024 3520 1078 3575 tua
1092 3524 1209 3578 aeterna

462 3614 494 3668 θῖ
518 3606 634 3668 veritas
659 3607 800 3671 increata
828 3627 892 3671 non
922 3610 1090 3672 rideantur
1117 3612 1208 3674 cibus

462 3713 517 3766 aut
537 3704 669 3767 refectio
694 3707 849 3768 mentium
870 3716 1046 3770 creatarum
1067 3708 1129 3771 nisi
1152 3730 1210 3791 per

462 3803 592 3865 modum
616 3804 733 3885 objecti
758 3814 788 3866 et
813 3824 916 3869 causae
940 3806 1126 3885 efficientis,
1144 3827 1207 3870 non

461 3919 519 3981 per
533 3902 663 3964 modum
685 3922 788 3966 causae
807 3904 949 3966 formalis
970 3905 1141 3969 intrinsece
1162 3906 1209 3967 in-

462 4000 621 4062 haerentis.
635 4000 686 4063 Sic
703 4003 819 4063 etenim
836 4003 921 4064 cibat
935 4013 966 4065 et
981 4003 1087 4067 reficit
1103 4005 1210 4085 cogni-

462 4098 506 4161 tio
521 4106 553 4160 et
571 4098 700 4161 dilectio
719 4119 850 4161 summm
865 4101 1006 4162 veritatis
1027 4122 1064 4164 ac
1087 4103 1209 4165 bonita-

1264 3120 1373 3183 venira
1401 3119 1433 3179 in
1462 3136 1499 3181 eo
1528 3116 1611 3198 quod
1642 3115 1788 3178 sacerdos
1817 3121 1874 3193 est,
1896 3118 1991 3191 utputa

1265 3219 1440 3282 secuudum
1457 3217 1540 3297 quod
1556 3217 1661 3295 homo,
1678 3223 1709 3276 et
1727 3215 1759 3275 in
1779 3213 1880 3277 forma
1898 3212 1990 3273 huma·

1265 3337 1316 3379 na.
1342 3318 1505 3393 Praeterea,
1528 3314 1721 3378 sacerdotale
1745 3313 1899 3391 officium,
1919 3308 1989 3391 quod

1265 3425 1313 3478 est
1341 3414 1552 3477 sanctificatio
1575 3412 1695 3495 populi,
1722 3430 1786 3475 non
1811 3410 1945 3493 expletur
1964 3407 1989 3467 in

1264 3513 1355 3575 hlissa
1379 3512 1440 3573 nisi
1466 3531 1523 3592 per
1546 3511 1681 3574 hostiam
1710 3528 1774 3591 qua
1802 3504 1991 3571 sanctificatio

1264 3619 1295 3672 et
1318 3610 1420 3691 gratia
1437 3608 1554 3691 populo
1580 3608 1776 3689 impetratur.
1799 3608 1858 3669 Sed
1876 3604 1989 3687 gratiam

1264 3710 1346 3771 hauc
1367 3707 1452 3789 plebi
1474 3706 1528 3769 toti
1549 3706 1637 3768 nulla
1657 3706 1772 3787 poterit
1791 3704 1892 3767 hostia
1908 3703 1992 3781 impe

1264 3815 1358 3885 trare,
1376 3806 1439 3868 nisi
1466 3825 1561 3887 quaxn
1585 3805 1721 3886 ipsemet
1741 3804 1882 3867 Christus
1899 3802 1929 3864 in
1949 3818 1992 3861 ara

1264 3906 1369 3967 crucis
1383 3903 1497 3968 obtulit
1514 3928 1520 3965 ε
1535 3912 1567 3967 θῖ
1581 3904 1646 3967 haec
1662 3904 1764 3966 hostia
1778 3903 1909 3984 ipsemet
1920 3898 1992 3961 Chri-

1264 4012 1330 4065 stus
1351 4011 1408 4065 est.
1425 4003 1496 4085 lpse
1515 4002 1612 4083 igitur
1636 4001 1846 4084 personaliter
1867 4001 1946 4062 adest
1967 4004 1992 4057 ct

1263 4102 1343 4164 Patri
1360 4101 1538 4165 offerturin
1552 4101 1655 4163 lilissa.
1672 4136 1713 4145 -
1726 4100 1992 4183 Insuper,adroca-

462 4196 514 4258 tis.
531 4196 595 4258 Ηοθ
617 4216 704 4277 ergo,
721 4197 747 4259 si
767 4197 882 4279 placet,
900 4198 1015 4261 clarius
1040 4202 1205 4282 persuade,
1223 4196 1247 4257 D
1263 4210 1312 4262 tus
1327 4199 1432 4262 fidelis
1449 4218 1550 4261 causae
1566 4218 1661 4280 quam
1683 4199 1824 4280 suscepit
1843 4196 1991 4279 expedien-

462 4295 547 4375 quod
566 4294 600 4355 in
621 4303 782 4377 assumpta
806 4314 931 4377 quoque
958 4298 1153 4360 humanitate
1175 4298 1207 4359 in

462 4394 665 4455 Sacramenta
686 4393 842 4456 veraciter
863 4396 958 4457 adsis.

503 4491 648 4555 Vaarras.
664 4493 783 4555 -Hoc
798 4492 892 4556 modo
907 4494 1083 4556 ostendam.

666 4702 911 4766 ARTICULUS
935 4704 995 4765 IX.

461 4840 553 4905 Quod
567 4839 604 4895 ia
619 4858 728 4897 prensa
748 4841 868 4899 altaria
882 4841 1032 4901 Christus
1047 4861 1121 4899 vere
1137 4862 1207 4900 rea-

500 4928 579 4986 liter
597 4928 684 4986 adsft
703 4937 734 4986 et
752 4931 961 4990 contineatur
975 4931 1010 4988 in
1030 4932 1141 5006 forma
1160 4950 1209 4989 αε-

502 5025 638 5092 sumptae
654 5017 882 5079 humanitatis.

502 5176 649 5239 Vnarras.
665 5212 706 5221 -
726 5177 912 5259 Unigenitus
931 5178 984 5241 liei
1006 5190 1135 5261 propter
1153 5180 1208 5243 ho-

464 5273 565 5336 mines
580 5274 676 5337 homo
690 5274 805 5354 factus,
822 5275 881 5338 tria
897 5275 929 5338 in
944 5277 1059 5340 saeculo
1074 5277 1135 5341 isto
1150 5296 1207 5359 pro

1263 4300 1346 4376 dam,
1364 4296 1571 4378 personaliter
1590 4296 1688 4374 adest,
1706 4296 1731 4358 si
1753 4304 1868 4377 potest,
1884 4292 1990 4375 quoties

1263 4415 1356 4457 causa
1382 4395 1450 4475 ipsa
1475 4394 1617 4475 requirit.
1635 4394 1736 4468 Ouum
1761 4412 1837 4475 ergo
1862 4394 1893 4454 in
1916 4391 1991 4453 llissa

1264 4512 1358 4556 causa
1376 4500 1486 4573 agatur
1506 4492 1599 4555 totius
1618 4491 1765 4554 Ecclesia
1786 4511 1843 4572 per
1866 4488 1992 4554 sacerdo

1263 4601 1337 4669 tem,
1366 4600 1515 4672 tanquam
1545 4609 1601 4671 per
1629 4598 1877 4672 procuratorem,
1902 4604 1990 4651 coram

1264 4690 1351 4752 Patre
1376 4696 1505 4767 aetern0,
1526 4696 1558 4751 et
1581 4688 1720 4751 Christus
1745 4688 1787 4750 sit
1811 4688 1992 4769 omnipotens

1264 4797 1296 4849 et
1320 4787 1529 4850 fidelissimus
1553 4788 1736 4864 advocatus,
1757 4796 1870 4868 potens
1893 4786 1992 4864 ubique

1263 4886 1411 4948 exhibere
1426 4905 1515 4947 suam
1531 4884 1744 4966 presentiam,
1761 4887 1846 4966 quod
1867 4894 1897 4947 et
1915 4900 1993 4964 expe

1263 4983 1374 5046 ditioni
1392 4982 1576 5063 huiusmodi
1596 5001 1699 5045 causae
1719 4982 1811 5045 valdo
1832 4990 1878 5046 est
1895 4998 1993 5063 oppor-

1262 5090 1385 5158 tunum,
1404 5080 1468 5144 imo
1484 5089 1515 5144 θῖ
1529 5080 1681 5144 sacerdoti
1703 5081 1916 5162 procuratori3
1932 5096 1993 5140 con-

1263 5187 1323 5241 stat
1352 5180 1435 5260 quod
1466 5179 1593 5241 realiter
1617 5178 1708 5241 adsit.
1735 5178 1993 5243 -Consimiliter

1262 5296 1393 5340 necesse
1414 5286 1462 5340 est
1480 5276 1609 5340 fidelem
1629 5276 1830 5359 peritumque
1850 5276 1992 5341 medicum
