4309 6259
401 428 459 494 {98
696 447 736 493 DE
756 447 845 494 DONlS
866 446 1000 493 stlattas
1022 444 1140 502 sancti,
1162 445 1336 493 annotatus
1358 446 1389 491 11.
1412 466 1453 476 -
1473 447 1542 493 Ant.
1566 448 1652 494 xxvlt

400 616 636 699 intelligendas.
662 617 749 681 Unde
777 625 808 681 et
835 617 999 699 sapientiae
1027 617 1146 679 donum
1161 616 1187 678 A
1203 635 1365 698 pressam
1381 636 1418 679 ac
1433 618 1496 681 alia
1509 618 1563 680 Dei
1583 636 1725 695 munera,
1742 626 1807 681 tam
1829 622 1955 679 naturae

400 735 501 777 unum
516 715 650 795 exsistit,
661 715 808 795 quamvis
822 734 887 778 nou
903 716 1006 778 solum
1021 722 1148 795 praestet
1202 734 1298 796 quam
1313 716 1432 797 gratiae,
1450 717 1610 799 intelligit,
1627 726 1659 780 et
1673 716 1781 780 omnia
1796 715 1860 779 Deo
1875 734 1954 777 cum

401 822 487 876 recte
511 822 543 875 et
570 813 680 894 sapide
703 813 847 894 judicare
870 815 910 876 de
934 813 1064 890 divinis,
1092 812 1147 873 sed
1203 813 1296 877 laude
1311 814 1497 897 etgralibus
1513 816 1666 878 adscribit
1680 834 1717 877 ac
1731 814 1856 877 tribuit.

401 911 496 974 etiam
520 913 559 974 de
584 912 699 974 creatis
722 912 908 992 actibusque
928 911 1077 973 humanis
1101 930 1149 971 sc·
1242 912 1320 976 Hinc
1337 913 1423 976 enirn
1437 914 1613 992 Richardus
1629 922 1772 992 testatur,
1788 913 1873 995 quod
1888 913 1952 975 hoc

401 1011 542 1073 cundum
557 1010 695 1073 rationes
709 1010 846 1072 divinas.
863 1009 1147 1092 Contemplandum
1202 1012 1353 1076 exercitio
1378 1012 1559 1075 intellectus
1583 1013 1695 1075 oculus
1724 1012 1829 1075 cordis
1858 1030 1953 1073 muu-

401 1116 450 1171 est
471 1109 600 1191 quippe,
622 1109 705 1189 quod
728 1108 835 1170 lumen
856 1108 932 1171 doni
955 1106 1145 1185 intellectus,
1202 1110 1304 1187 datur,
1328 1111 1555 1192 ingeniumque
1577 1112 1711 1189 acuitur,
1738 1108 1952 1190 intelligentia

402 1226 459 1269 seu
488 1207 555 1287 ipse
591 1206 772 1269 intellectus
803 1207 858 1287 qui
891 1215 939 1269 est
970 1207 1079 1268 lumen
1110 1225 1147 1268 ac
1202 1208 1361 1271 dilatatur.
1377 1209 1502 1290 lgnorat
1522 1209 1617 1271 bomo
1639 1215 1793 1289 quantum
1815 1207 1874 1269 sub
1897 1226 1954 1287 pe

401 1304 532 1385 donum,
556 1304 598 1367 sit
617 1307 761 1386 quadarn
788 1305 990 1385 participatio
1016 1303 1147 1365 luminis
1202 1305 1295 1369 dibus
1316 1306 1386 1387 ejus
1408 1307 1512 1369 omnis
1533 1308 1695 1368 mundana
1713 1305 1815 1387 gloria
1833 1305 1950 1386 jaceat,

401 1402 582 1465 intellectus
601 1402 714 1465 divini.
730 1404 814 1480 ldco,
831 1403 913 1465 sicut
933 1402 1041 1464 lumen
1056 1401 1148 1463 iutel—
1202 1404 1256 1485 qui
1279 1404 1469 1467 conditionis
1491 1424 1555 1467 suae
1579 1404 1767 1485 dignitatem
1788 1422 1852 1466 uon
1874 1422 1953 1483 pen-

401 1503 503 1564 lectus
529 1502 630 1564 divini
659 1502 809 1584 simplum
838 1520 1001 1581 unumque
1026 1520 1149 1581 perma-
1203 1510 1259 1564 sat.
1276 1502 1384 1565 Nescit
1397 1503 1493 1566 homo
1507 1502 1583 1583 quid
1598 1503 1638 1565 de
1658 1502 1772 1582 spiritu
1790 1501 1950 1582 angelico,

400 1619 493 1678 nens,
514 1618 641 1662 omnem
664 1601 827 1663 veritatem
848 1599 1003 1681 perspicit
1023 1607 1055 1660 et
1075 1598 1148 1660 inti·
1202 1600 1277 1681 quid
1303 1601 1342 1662 de
1366 1601 1486 1681 Spiritu
1514 1601 1623 1664 divino
1648 1600 1765 1663 sentire
1794 1608 1949 1680 oporteat,

399 1718 451 1761 me
466 1706 630 1780 penetrat3
647 1698 691 1760 ita
705 1705 736 1760 et
751 1698 860 1760 lumen
874 1698 950 1760 doni
966 1697 1147 1758 intellectus
1202 1698 1257 1780 qui
1280 1699 1425 1780 spiritum
1451 1718 1543 1761 suurn
1568 1699 1657 1781 prius
1679 1717 1743 1761 nou
1766 1698 1894 1779 cogitat.
1918 1698 1950 1759 Si
2130 1740 2131 1769 2

400 1815 458 1860 suo
491 1797 596 1877 modo,
627 1796 660 1857 iu
689 1796 806 1858 virtute
835 1795 967 1857 luminis
1000 1794 1145 1871 increati,
1166 1797 1345 1860 Buoudum
1365 1798 1498 1859 idoneus
1519 1817 1552 1859 es
1574 1796 1697 1878 ingredi
1719 1797 1758 1858 ad
1779 1804 1811 1859 te
1832 1797 1950 1877 ipsum,
2130 1780 2131 1853 i

400 1904 539 1957 mentem
562 1903 626 1956 tarn
648 1895 854 1957 vehementer
875 1894 1022 1970 illustrat,
1038 1901 1073 1955 ut
1092 1912 1148 1973 per
1202 1896 1360 1976 quomodo
1375 1895 1430 1957 illa
1451 1914 1588 1976 superna
1610 1914 1679 1976 quae
1701 1914 1797 1977 supra
1811 1904 1841 1958 te
1863 1904 1950 1973 sunt,

400 1992 516 2075 ipsum,
552 1993 697 2075 quamvis
733 1992 868 2072 simplex
899 1999 1080 2073 perseveret
1111 2010 1147 2052 ac
1202 1993 1387 2074 conspicere
1402 1994 1451 2056 vel
1469 1993 1599 2057 introire
1615 1993 1759 2056 valebist
2130 1992 2131 2075 l

400 2110 512 2170 uuum,
529 2090 639 2154 omnia
653 2091 803 2171 praedicta
818 2089 985 2171 intelligat,
1003 2097 1149 2152 cunctos·
1242 2092 1280 2152 At
1295 2110 1381 2171 vero,
1395 2100 1429 2153 ut
1443 2091 1474 2152 S.
1487 2091 1621 2155 Thomas
1636 2089 1788 2169 affirmat,
1807 2091 1950 2172 cognitio
1976 2120 2064 2160 501...
2074 2118 2102 2159 a
2130 2080 2131 2163 ἶ

400 2206 463 2269 que
478 2188 614 2251 allectus
631 2196 796 2270 praetactos
812 2188 965 2251 obtineat.
1203 2190 1355 2252 sensitiva
1380 2198 1411 2253 et
1435 2190 1629 2252 intellectiva
1653 2188 1809 2252 dilleruut
1835 2213 1843 2251 ι
1870 2207 1950 2270 quo
1967 2184 2102 2285 ἴτω

1202 2288 1288 2350 uiam
1304 2288 1456 2350 sensitiva
1476 2288 1616 2369 cognitio
1637 2288 1721 2350 circa
1739 2287 1950 2350 accidentalia
1983 2276 1990 2285 ¹
2023 2274 2031 2287 ’

564 2388 810 2453 ARTICULUS
838 2388 980 2451 XXVII.
1203 2393 1235 2448 et
1257 2386 1412 2448 exteriora
1436 2405 1541 2447 rerum
1566 2393 1729 2462 versatur3
1754 2385 1952 2448 intellectiva

492 2522 541 2580 De
560 2521 747 2578 necessitate
761 2520 842 2579 doni
858 2521 1052 2579 intellectus.
1202 2502 1278 2546 vero
1293 2484 1432 2564 cognitio
1446 2484 1596 2546 interiora
1611 2482 1797 2564 ingreditur,
1804 2491 1836 2546 et
1849 2503 1952 2565 usque

1203 2582 1242 2643 ad
1257 2581 1443 2644 intuendam
1463 2602 1568 2645 rerum
1587 2580 1757 2645 essentiam
1777 2590 1809 2644 et
1827 2582 1954 2664 propri·

461 2675 545 2738 IDES
574 2675 711 2757 denique
739 2678 824 2739 nuda
852 2677 890 2739 ad
920 2677 1054 2739 salutern
1084 2696 1149 2739 non
1203 2687 1300 2742 etates
1328 2680 1469 2743 occultas
1497 2680 1663 2762 pervenire
1688 2680 1828 2743 molitur.
1856 2680 1952 2741 lutel-

476 2773 600 2836 suflicit
621 2798 627 2835 :
649 2774 719 2856 ejus
744 2774 830 2836 enim
855 2793 918 2837 non
944 2782 993 2837 est
1016 2775 1078 2837 nisi
1101 2794 1150 2836 as·
1203 2776 1304 2838 lectus
1324 2795 1398 2857 ergo
1420 2777 1565 2857 designat
1584 2776 1729 2838 intimam
1749 2796 1786 2838 ac
1806 2784 1954 2858 penetra-

401 2893 529 2935 seusum
552 2872 692 2954 praehere
713 2874 902 2952 credendis3
923 2874 978 2936 sed
1001 2874 1084 2935 ultra
1105 2882 1150 2936 ta-
1203 2875 1300 2936 tivam
1316 2875 1360 2936 rei
1376 2874 1617 2937 notitiamNam
1633 2874 1807 2955 intelligere
1821 2874 1951 2951 dicitur,

400 2972 464 3033 lem
493 2990 657 3033 assensum
686 2971 822 3051 exigitur
845 2991 864 3033 a
888 2972 980 3035 nobis
1005 2972 1148 3053 quadam
1164 2972 1186 3035 C
1204 2972 1294 3054 quasi
1310 2972 1396 3034 intus
1417 2972 1532 3053 legere,
1549 2989 1587 3033 eo
1608 2972 1691 3052 quod
1714 2971 1883 3033 essentiam
1906 2973 1951 3034 rei

401 3068 543 3149 ipsarum
559 3067 728 3129 veritatum
751 3068 979 3130 credendarum
994 3069 1147 3150 cognitio,
1205 3070 1264 3133 sub
1292 3070 1499 3133 exterioribus
1527 3089 1563 3133 ac
1599 3068 1805 3132 sensibilibus
1840 3069 1953 3132 lormis

401 3184 473 3246 qua
487 3184 545 3245 per
559 3164 678 3227 donum
693 3165 875 3228 intellectus
886 3167 1149 3229 coulertur.Unde
1204 3169 1353 3231 latentem
1376 3168 1515 3250 inquirat
1534 3175 1566 3229 et
1586 3175 1706 3231 noscat.
1729 3167 1824 3229 llulta
1844 3176 1953 3231 autem

402 3272 434 3327 et
452 3264 593 3326 Christus
614 3264 709 3325 rudes
731 3265 834 3326 adbuc
853 3264 1027 3344 discipulos
1048 3265 1150 3328 incre·
1205 3266 1338 3328 interius
1368 3266 1477 3345 latent,
1506 3265 1545 3327 ad
1573 3284 1642 3346 quae
1671 3265 1869 3328 intellectum
1898 3286 1953 3348 pe

261 3392 389 3444 mum„
403 3381 482 3444 paus
496 3362 624 3425 :Adhuc
638 3361 769 3442 (inquit)
785 3370 816 3423 et
830 3380 886 3424 vos
902 3362 970 3425 siue
986 3361 1149 3425 intellectu
1205 3371 1328 3426 netrare
1356 3372 1479 3444 oportet
1509 3387 1516 3426 :
1543 3363 1618 3444 quia
1646 3364 1704 3425 sub
1732 3363 1953 3426 accidentibus

256 3460 290 3501 ¹⁰·
402 3461 500 3522 estisl
515 3459 669 3534 Quoniam
688 3468 793 3521 autem
813 3458 895 3521 lides
915 3468 963 3521 est
982 3462 1021 3522 de
1041 3480 1150 3541 super·
1205 3460 1304 3522 virtus
1329 3460 1463 3539 occulta,
1487 3460 1546 3523 sub
1571 3459 1684 3541 liguris
1708 3479 1744 3522 ac
1770 3459 1955 3523 similitudi-

402 3557 599 3620 naturalibus
615 3576 651 3619 ec
671 3556 1059 3638 incomprehensibilibus,
1077 3559 1149 3621 ideo
1204 3557 1298 3620 nibus
1327 3558 1443 3621 veritas
1471 3558 1608 3639 ligurata
1635 3565 1729 3638 atquc
1758 3558 1817 3620 sub
1844 3557 1953 3621 verbis

401 3657 441 3719 ad
466 3656 541 3719 talia
564 3654 771 3736 intelligenda
796 3655 939 3717 naturale
964 3656 1072 3717 lumen
1102 3676 1150 3718 ra·
1205 3656 1397 3737 significata,
1422 3654 1480 3717 suh
1501 3655 1670 3718 effectibus
1691 3674 1817 3737 quoque
1842 3675 1950 3737 causa,

401 3754 497 3817 tionis
513 3773 576 3817 non
597 3752 731 3834 suflicit,
748 3754 804 3815 sed
825 3753 1040 3816 necessarium
1056 3754 1148 3817 nobis
1205 3762 1236 3815 et
1259 3754 1329 3815 vice
1354 3772 1456 3815 versa.
1483 3754 1599 3816 Horum
1622 3762 1727 3815 autern
1753 3756 1953 3836 penetrativa

402 3859 450 3914 est
464 3852 704 3933 supernaturale
726 3851 834 3914 lumen
857 3852 931 3914 doni
954 3852 1147 3931 intellectus,
1204 3859 1236 3914 et
1260 3852 1345 3913 clara
1369 3851 1520 3931 cognitio,
1544 3853 1750 3933 perscrutatio
1776 3872 1831 3915 seu
1857 3872 1953 3934 expo

401 3950 485 4030 quod
501 3949 637 4030 Spiritus
652 3949 786 4011 Sanctus
801 3948 943 4011 infundit
959 3974 966 4010 ε
984 3968 1041 4031 per
1055 3950 1149 4030 cujus
1205 3950 1288 4027 sitio,
1316 3949 1491 4011 naturalem
1517 3949 1671 4011 rationem
1696 3950 1819 4013 excedit
1844 3974 1852 4013 :
1879 3970 1969 4033 pro--

401 4047 477 4109 doni
494 4046 694 4127 splendorem
716 4055 809 4128 atque
828 4047 989 4127 virtutem,
1006 4048 1149 4110 naturale
1204 4057 1312 4129 pterea
1341 4047 1462 4128 indiget
1489 4047 1584 4110 homo
1610 4048 1841 4130 supernaturali
1866 4050 1951 4113 douo

402 4144 511 4206 lumen
535 4143 727 4207 fortificatur
755 4152 786 4207 et
813 4145 889 4207 item
914 4145 1082 4225 perlicitur
1109 4146 1148 4208 ad
1163 4152 1189 4213 Ι)
1205 4145 1395 4208 intellectus.
1421 4144 1496 4218 Quis
1520 4145 1606 4207 enim
1630 4146 1722 4208 aliter
1748 4146 1857 4209 divina
1883 4168 1952 4230 my-

402 4239 625 4323 praediotarum
650 4241 817 4303 veritatum
847 4242 1040 4304 sortiendam
1068 4244 1150 4306 noti·
1204 4243 1310 4321 steria,
1327 4242 1550 4324 Prophetarum
1565 4243 1704 4323 oracula,
1717 4244 1950 4327 Scripturarum

402 4339 491 4401 tiam.
508 4338 595 4401 Unde
617 4346 649 4401 et
663 4338 797 4420 Spiritus
819 4340 953 4401 Sanctus
973 4340 1043 4403 viro
1063 4341 1149 4421 justo
1204 4341 1334 4404 latibula
1349 4340 1526 4421 intelligere
1538 4342 1736 4422 enodareque
1751 4352 1867 4425 posset,
1876 4363 1951 4426 prae

269 4464 391 4513 ranae.
404 4436 560 4519 promittit
577 4460 584 4498 :
600 4435 799 4499 Intellectum
822 4437 998 4519 (iuquiens)
1018 4438 1075 4500 tibi
1096 4440 1150 4501 da·
1205 4440 1312 4503 sertim
1327 4457 1427 4519 quum
1443 4457 1530 4501 sacra
1542 4439 1703 4520 Scriptura
1717 4460 1735 4502 a
1749 4441 1878 4505 nemine
1893 4443 1951 4505 rite

403 4536 456 4615 bo,
476 4543 507 4597 et
533 4535 686 4597 instruam
710 4543 751 4597 te.
774 4535 817 4597 oe
841 4535 892 4596 his
917 4554 991 4598 vero
1012 4537 1066 4616 qui
1088 4537 1149 4599 hoo
1204 4546 1298 4619 atque
1326 4536 1468 4618 perfecte
1497 4535 1631 4618 intelligi
1661 4538 1775 4617 valeat,
1804 4540 1866 4602 uisi
1894 4543 1950 4622 qui

268 4652 309 4695 ι’..
320 4664 390 4703 mnu.
403 4635 487 4697 douo
502 4633 668 4716 privantur
683 4632 726 4695 ait
741 4633 903 4713 Scriptura
913 4656 919 4694 :
931 4634 1040 4712 Homo,
1050 4652 1149 4714 quum
1205 4635 1357 4718 Spiritum
1373 4634 1465 4696 illum
1481 4636 1644 4697 ductorem
1658 4636 1881 4720 doctoremque
1896 4639 1951 4701 ha-

257 4718 335 4767 ¹³'²¹·
403 4732 437 4794 in
465 4733 584 4795 honore
612 4739 706 4810 esset,
732 4750 797 4793 non
821 4731 997 4809 intellexit3
1024 4750 1151 4814 compa·
1204 4734 1268 4813 bet,
1298 4733 1390 4815 cujus
1420 4732 1628 4813 inspiratione
1662 4733 1758 4796 locuti
1794 4744 1867 4797 suut
1894 4737 1951 4800 Dei
1984 4764 2002 4806 ιι
2009 4764 2102 4807 ΜΗ

403 4838 489 4894 ratus
503 4838 551 4893 cst
563 4830 716 4910 jumentis
731 4829 966 4910 insipientibus.
982 4829 1072 4908 Nam,
1090 4832 1150 4894 sic·
1204 4833 1349 4895 homines
1364 4830 1505 4913 Apostoli
1521 4849 1557 4893 ac
1573 4829 1756 4911 Prophetael
1968 4830 2006 4870 ²¹·

281 4952 323 4993 aa
338 4963 388 4993 m.
402 4936 437 4991 ut
451 4936 614 4991 ostensum
629 4934 688 5004 est,
704 4946 762 5009 per
776 4927 836 4990 hoc
851 4927 970 4990 donum
985 4929 1150 5010 cognoscit
1243 4930 1307 4992 lloo
1329 4929 1435 5009 itaque
1456 4929 1574 4991 donum
1597 4927 1787 5009 intellectus,
1811 4940 1952 4996 mentem

401 5027 497 5090 bomo
522 5045 557 5088 se
582 5025 698 5106 ipsum,
725 5034 756 5088 et
780 5025 894 5088 intima
917 5046 974 5089 sua
999 5046 1150 5107 superna·
1204 5028 1242 5089 de
1257 5027 1389 5089 veritate
1404 5025 1481 5088 fidei
1496 5045 1625 5108 prorsus
1640 5026 1852 5105 certificat,et
1866 5032 1954 5110 quod

401 5124 545 5187 turaliter
573 5131 741 5201 scrutatur,
772 5133 804 5187 et
831 5125 1012 5204 speculatur
1038 5124 1149 5206 imagi·
1204 5134 1331 5207 propter
1354 5124 1514 5187 naturales
1535 5125 1824 5205 argumentationes
1848 5127 1955 5193 ulida

398 5242 475 5287 nem
490 5220 823 5307 supergloriosissimae
838 5222 999 5285 Trinitatis
1014 5223 1074 5286 sibi
1091 5223 1149 5285 im·
1205 5224 1416 5287 recedendum
1428 5241 1492 5285 non
1504 5222 1704 5287 sit.0steudit
1718 5242 1844 5306 quoque
1855 5244 1957 5308 quam
