4309 6259
429 419 488 485 296
718 440 759 486 DE
776 438 926 487 natarent
947 437 1054 484 bontrtt
1074 435 1260 483 SALVATORIS
1282 435 1439 482 blateolis.
1462 455 1502 466 ·-
1523 437 1591 483 altr.
1613 438 1678 483 xvn

429 609 538 693 glorie
563 608 805 693 praeclarissime
829 610 969 672 reluceat
988 604 1177 671 excellentia
1191 605 1217 668 Α
1230 604 1396 686 justitiam,
1414 605 1590 686 veritatem,
1606 607 1817 686 sanctitatem,
1833 626 1931 691 quam
1944 608 1973 671 in

428 707 571 771 Deitatis.
1231 711 1297 767 toto
1318 704 1445 768 residuo
1466 703 1627 771 universo.

469 806 640 870 slavicos.
656 842 697 854 -
714 807 749 869 ln
770 805 821 869 his
842 806 948 870 verbis
970 804 1176 868 simulacrum
1270 802 1305 864 ln
1330 802 1390 865 hoc
1414 822 1552 885 namque
1576 804 1844 869 excellentissime
1868 814 1901 869 et
1928 826 1976 869 su-

429 903 533 987 accipi
557 912 661 988 potest
685 923 743 987 pro
769 903 964 986 intelligibili
989 902 1096 985 specie
1121 921 1178 964 seu
1232 900 1525 981 pernaturalissime
1553 910 1809 984 representatur,
1835 904 1923 967 lucet
1948 911 1977 967 ct

430 1001 652 1081 similitudine,
672 1004 723 1066 vel
749 1021 806 1085 pro
830 1002 957 1084 objecto
979 1008 1035 1064 aut
1057 999 1178 1063 ellectu
1232 997 1410 1060 declaratur
1432 1000 1662 1080 omnipotentia
1687 1001 1754 1082 Dei,
1782 1002 1864 1083 quod
1890 1010 1977 1064 natu-

431 1097 464 1161 in
488 1107 642 1181 quantum
666 1109 715 1163 est
738 1099 913 1164 similitudo
936 1117 1108 1182 perquam
1131 1096 1179 1158 in-
1233 1114 1299 1158 ram
1324 1096 1496 1160 humanam
1521 1116 1559 1160 ex
1584 1118 1641 1161 sua
1663 1099 1771 1181 specie
1794 1106 1858 1162 tam
1883 1099 1977 1163 decli-

408 1198 586 1280 'telligitur
607 1198 705 1262 aliud.
729 1199 823 1262 Porro
847 1198 945 1263 Deum
970 1197 1004 1260 in
1028 1197 1088 1258 hac
1113 1194 1178 1258 vita
1231 1213 1316 1272 vem,
1342 1195 1451 1258 deitati
1481 1196 1648 1277 conjunxit
1676 1205 1708 1259 et
1732 1197 1834 1261 Verbo
1860 1206 1976 1261 aeterno

432 1296 669 1380 perseipsum,
685 1298 747 1361 hoc
761 1304 810 1359 est
823 1316 882 1379 per
902 1294 1072 1359 essentiam
1088 1312 1177 1356 suam
1234 1291 1416 1355 immediata
1431 1294 1670 1375 conjunctione,
1687 1295 1748 1359 hoc
1768 1304 1815 1358 est
1833 1297 1977 1378 hyposta-

433 1414 490 1457 seu
517 1394 602 1458 clare
629 1394 664 1457 in
692 1415 748 1458 sua
776 1394 926 1472 essentia,
951 1393 1064 1474 nequit
1086 1392 1179 1455 intel·
1233 1389 1296 1451 tica
1321 1390 1450 1469 unione,
1475 1410 1530 1454 sau
1555 1392 1588 1454 in
1613 1393 1735 1456 unitate
1760 1412 1915 1477 personae,
1939 1394 1978 1455 ita

434 1491 532 1574 ligere
559 1492 672 1571 viator,
702 1494 758 1555 sed
786 1512 842 1575 per
869 1510 943 1555 suos
972 1490 1120 1568 eftectus,
1146 1490 1178 1552 in
1233 1490 1317 1570 quod
1348 1508 1446 1551 unum
1474 1498 1506 1553 et
1533 1490 1617 1554 idem
1648 1499 1697 1554 est
1721 1511 1790 1555 esse
1814 1492 1978 1575 personale

386 1616 391 1622 ·
432 1599 586 1672 quantum
610 1591 643 1652 in
668 1590 747 1673 ipsis
770 1589 951 1673 resplendet
978 1590 1060 1652 sicut
1085 1608 1179 1651 causa
1234 1588 1327 1651 Verbi
1343 1589 1451 1651 aeterni
1467 1598 1500 1652 et
1520 1597 1640 1653 natura
1660 1600 1840 1673 assumpte,
1856 1610 1928 1671 qum
1948 1592 1977 1653 in

291 1706 418 1757 aeaeae.
432 1688 465 1752 in
491 1707 548 1752 suo
572 1688 702 1753 ellectu.
724 1689 798 1752 ldeo
822 1689 975 1770 scriptum
999 1696 1048 1751 est
1067 1711 1075 1749 :
1096 1686 1180 1749 11111-
1234 1686 1289 1749 illo
1312 1688 1508 1767 suppositata
1523 1697 1570 1751 est
1586 1697 1617 1751 et
1631 1689 1777 1751 subsistit
1793 1714 1800 1752 :
1818 1708 1881 1752 non
1897 1691 1978 1771 quod

432 1787 539 1851 sibilia
562 1788 629 1868 Dei,
649 1807 707 1871 per
730 1807 767 1851 ea
789 1806 859 1869 quaa
883 1787 967 1849 lacta
991 1794 1066 1849 sunt
1087 1785 1179 1847 intel-
1197 1782 1219 1844 B
1235 1784 1304 1865 ipsa
1326 1803 1383 1865 per
1404 1804 1437 1847 se
1459 1785 1589 1848 exsistat
1603 1787 1814 1868 suppositum,
1830 1787 1885 1849 sed
1906 1787 1979 1868 quia

431 1886 524 1966 lecta,
555 1885 806 1967 conspiciuntur,
832 1886 1025 1966 sempiterna
1052 1902 1178 1965 quoque
1235 1901 1333 1945 unum
1363 1882 1563 1965 suppositum
1592 1884 1757 1947 constituit
1781 1904 1854 1947 cum
1881 1885 1979 1948 Verbo

283 2000 416 2057 smnus.
431 1986 502 2066 aJus
523 1984 623 2047 virtus
645 1993 677 2047 et
697 1982 868 2062 divinitas,
886 1982 1025 2064 itemque
1043 2005 1049 2044 :
1066 1983 1092 2044 A
1114 2000 1179 2043 ma·
1233 1987 1361 2043 aeterne.

430 2082 598 2165 gnitudine
622 2080 740 2163 speciei
763 2089 794 2142 et
814 2088 965 2143 creature
985 2087 1090 2161 potest
1112 2100 1179 2143 cre·
1272 2078 1434 2157 Praeterea,
1456 2079 1704 2143 communicatio
1724 2080 1803 2159 haec,
1824 2100 1887 2163 qua
1907 2081 1980 2143 Ver·

430 2189 499 2243 ator
522 2180 635 2242 horum
661 2177 908 2260 intelligibiliter
931 2178 1072 2259 agnosci.
1098 2178 1178 2240 llinc
1233 2176 1306 2239 burn
1326 2184 1479 2239 aternum
1502 2197 1593 2240 suum
1616 2179 1784 2260 personale
1805 2198 1875 2243 esse
1898 2197 1981 2242 com-

293 2299 368 2349 taxa.
381 2302 414 2343 aa.
431 2298 489 2361 per
501 2277 614 2340 lsaiam
629 2277 771 2341 hortatus
786 2296 857 2339 sum
875 2301 882 2339 :
898 2276 1013 2339 Levate
1028 2276 1061 2337 in
1076 2278 1179 2340 excel·
1234 2274 1409 2337 municavit
1431 2284 1550 2339 natura
1570 2276 1728 2357 humanae,
1750 2276 1980 2360 incomparabi-

430 2396 500 2439 sum
515 2376 625 2440 oculos
646 2384 780 2454 vestros,
797 2382 829 2437 et
847 2373 952 2437 videte
973 2373 1045 2456 quis
1060 2376 1179 2437 creavit
1234 2373 1306 2435 liter
1321 2373 1439 2435 exstitit
1453 2393 1579 2455 magna,
1596 2393 1741 2439 amorosa
1762 2382 1793 2437 et
1808 2376 1981 2457 superlihe

430 2474 508 2536 hec.
1235 2470 1393 2533 ralissima
1406 2495 1413 2533 ε
1426 2471 1558 2551 idcirco,
1572 2472 1606 2534 in
1621 2473 1913 2536 communicatione
1929 2473 1981 2536 illa

468 2571 576 2651 ltaque
600 2570 807 2633 simulacrum
831 2578 952 2632 natura
975 2577 1106 2632 vocatur
1134 2567 1180 2630 la·
1233 2575 1264 2632 ct
1298 2568 1496 2649 hypostatica
1529 2570 1649 2634 unione
1682 2577 1802 2635 nature
1836 2572 1982 2634 humane

430 2669 507 2746 cies,
527 2668 615 2746 ordo,
632 2668 799 2750 dispositio
823 2669 873 2733 vel
889 2667 1098 2732 consistentia
1113 2686 1180 2729 cre·
1235 2686 1308 2729 cum
1333 2666 1435 2730 Verbo
1463 2674 1582 2731 aterno
1606 2669 1873 2733 excellentissime
1899 2689 1984 2733 com-

430 2775 527 2829 aturae
555 2785 611 2828 seu
639 2766 779 2829 universi
811 2766 844 2827 in
872 2765 1070 2828 naturalibus
1099 2764 1176 2842 suis,
1235 2765 1402 2827 mandatur
1416 2774 1448 2829 et
1466 2767 1647 2831 declaratur
1665 2768 1791 2849 caritas,
1808 2768 1983 2833 liberalitas

431 2872 525 2948 prout
548 2883 605 2945 per
628 2864 730 2945 ipsam
754 2872 856 2946 potest
880 2864 962 2926 Deus
991 2863 1141 2945 cognosci
1169 2887 1175 2924 :
1233 2871 1266 2926 et
1293 2863 1394 2945 pietas
1423 2864 1489 2941 Dei,
1516 2884 1582 2928 non
1612 2866 1715 2929 solum
1744 2867 1782 2929 ad
1808 2867 1912 2947 ipsam
1937 2886 1983 2929 as

431 2959 507 3042 quia
528 2960 562 3021 in
585 2968 800 3022 creaturarum
823 2959 1039 3037 multitudine,
1056 2958 1215 3041 magni-(l
1235 2970 1393 3043 sumptam
1409 2962 1649 3044 humanitatem,
1666 2964 1721 3026 sed
1736 2964 1775 3027 ad
1790 2973 1890 3028 totum
1908 2984 1984 3047 quo

431 3056 542 3120 tudine
556 3075 593 3118 ac
608 3056 722 3118 decore
736 3056 934 3138 conspicitur
947 3056 1179 3137 omnipotentia
1235 3078 1296 3139 que
1324 3078 1424 3140 genus
1452 3060 1638 3123 humanum.
1664 3061 1702 3123 Et
1726 3062 1877 3143 quoniam
1903 3064 1985 3126 Deus

432 3153 598 3230 creatoris,
624 3152 657 3213 in
686 3152 828 3234 ipsarum
858 3153 1096 3215 coordinatione
1124 3172 1179 3235 ap
1235 3165 1411 3219 creaturam
1434 3165 1521 3220 tanto
1540 3159 1612 3239 plus
1633 3159 1766 3241 diligere
1787 3160 1984 3242 perhibetur,

433 3259 523 3334 paret
543 3250 698 3332 sapientia
711 3250 777 3328 Dei,
794 3250 826 3311 iu
849 3258 958 3312 mutua
979 3270 1055 3314 vero
1069 3270 1178 3314 aarum
1236 3261 1353 3335 quanto
1368 3274 1438 3317 eam
1454 3256 1664 3338 propinquius
1679 3266 1711 3320 et
1730 3258 1903 3339 gratiosius
1924 3260 1984 3322 sibi

433 3349 570 3411 utilitate
592 3367 630 3410 ac
654 3347 886 3410 subservientia
909 3356 940 3410 et
961 3348 993 3409 in
1013 3368 1179 3412 conserva·
1235 3352 1414 3434 conjungit,
1441 3362 1535 3434 atque
1563 3373 1626 3436 quo
1656 3355 1782 3438 plenius
1811 3358 1986 3420 bonitatam

432 3448 519 3511 tione
543 3447 695 3529 ipsarum,
721 3446 945 3510 benevolentia
969 3467 1025 3510 seu
1054 3448 1179 3510 bonitas
1236 3469 1325 3512 suam
1355 3450 1403 3511 illi
1433 3452 1648 3515 communicat
1673 3461 1705 3516 et
1731 3454 1836 3535 majus
1864 3454 1985 3517 bonum

287 3565 335 3607 ω·
397 3576 420 3605 n·
434 3547 612 3610 Crantoris*
634 3553 833 3628 reputantur.
1236 3548 1266 3609 ai
1287 3547 1463 3628 impendit;
1485 3548 1616 3630 ipsaque
1641 3550 1717 3612 unio
1738 3551 1918 3633 personalis
1940 3553 1987 3613 in-

474 3645 613 3727 Denique
628 3643 835 3707 simulacrum
856 3644 964 3726 gratiae
978 3653 1181 3728 nuncupatur
1236 3645 1494 3726 comparabiliter
1523 3646 1564 3708 sit
1591 3647 1781 3729 propinqua,
1812 3658 1844 3711 et
1878 3648 1986 3732 ipsum

434 3744 503 3826 ipse
524 3743 774 3826 supernaturalis
795 3741 930 3805 effectus
951 3742 1018 3821 Dei,
1036 3762 1093 3805 seu
1114 3762 1181 3806 cre-
1236 3762 1306 3806 esse
1331 3742 1507 3805 increatum
1533 3744 1726 3825 suppositale
1750 3746 1845 3809 Verbi
1872 3748 1986 3811 aeterni

433 3850 523 3927 atura
546 3849 600 3904 aut
624 3860 674 3904 res
698 3840 733 3902 in
754 3859 818 3921 qua
837 3841 1088 3923 supernaturalis
1107 3859 1181 3923 ope
1237 3840 1506 3904 communicatum
1533 3849 1564 3904 et
1587 3842 1694 3905 datum
1721 3850 1840 3907 nature
1862 3865 1989 3909 assum-

433 3940 513 4003 ratio
526 3940 582 4003 Dei
605 3940 736 4002 relucet.
753 3939 833 4002 Hinc
855 3940 1105 4003 antonomastice
1123 3941 1181 4002 hu·
1236 3947 1298 4021 pta
1320 3939 1359 4001 ad
1381 3938 1618 4002 subsistendum
1638 3938 1672 4001 in
1693 3958 1742 4019 eo,
1759 3940 1800 4003 sit
1820 3942 1988 4024 dignitatis

435 4037 570 4100 manitas
585 4037 699 4100 Christi
722 4036 927 4100 simulacrum
946 4037 1055 4119 gratiae
1074 4039 1182 4121 appel·
1237 4037 1400 4099 immensa
1415 4044 1447 4099 et
1462 4037 1756 4119 incomparabiliter
1770 4039 1875 4120 majus
1897 4042 1987 4104 omni

434 4136 528 4214 latur,
544 4143 575 4197 et
592 4142 664 4216 post
683 4135 788 4217 ipsum
808 4134 1007 4198 sanctissima
1023 4136 1130 4218 Virgo.
1146 4137 1180 4198 ln
1197 4138 1221 4199 D
1236 4137 1319 4199 dono
1348 4144 1380 4198 et
1407 4134 1491 4198 bono
1520 4144 1626 4199 creato
1656 4159 1664 4197 :
1696 4136 1771 4199 hinc
1800 4138 1883 4203 Deus
1913 4160 1988 4203 vere

434 4233 558 4297 Christo
573 4232 692 4315 quippe
707 4232 882 4295 secundum
902 4240 1046 4295 naturam
1061 4253 1182 4296 assum·
1236 4233 1387 4297 asseritur
1416 4233 1487 4314 plus
1521 4232 1654 4315 diligere
1683 4234 1842 4299 Christum
1872 4257 1988 4301 secun-

435 4338 533 4413 ptam,
549 4330 752 4412 omnipotens
767 4330 849 4392 Deus
871 4349 927 4392 seu
949 4330 1182 4412 supergloriosa
1237 4334 1311 4395 dum
1328 4332 1411 4413 quod
1426 4332 1522 4395 bomo
1533 4339 1656 4408 est,seu
1671 4342 1865 4415 assumptam
1877 4336 1990 4399 buma-

435 4430 573 4493 Trinitas
586 4428 861 4511 omnipotentiam,
874 4428 1075 4510 sapientiam,
1089 4430 1183 4492 hene·
1238 4430 1380 4511 nitatem,
1397 4448 1493 4510 quam
1516 4437 1621 4492 cetera
1638 4438 1753 4493 cuncta
1768 4440 1873 4495 creata
1889 4434 1988 4496 etiam

435 4528 605 4592 volentiam
622 4547 711 4590 suam
733 4526 1014 4608 supernaturaliter
1027 4528 1183 4591 excelleu-
1238 4527 1333 4589 simul
1347 4536 1487 4609 accepta.
1504 4527 1659 4609 AmpliuS,
1676 4527 1709 4589 in
1730 4528 1790 4591 hoc
1810 4531 1989 4612 praeclaris-

436 4627 557 4690 tissime
578 4625 818 4703 demonstravit,
839 4633 870 4687 et
891 4626 1183 4706 supernaturalissi-
1238 4624 1317 4687 sime
1343 4625 1577 4687 demonstratur
1598 4625 1831 4705 benevolentia,
1859 4629 1989 4693 bonitas

436 4721 1026 4807 me,gratiosissimeacgloriosissime
1040 4723 1184 4786 exhibuit
1238 4730 1269 4785 et
1296 4720 1467 4784 clementia
1498 4721 1566 4799 Dei,
1594 4722 1680 4801 quod
1714 4722 1865 4787 unionem
1902 4726 1989 4789 banc

434 4832 469 4887 et
495 4822 654 4901 ostendit3
679 4821 1034 4903 incomparabiliterque
1061 4821 1184 4903 magni·
1237 4819 1443 4882 humanitatis
1467 4818 1580 4882 Christi
1602 4838 1676 4881 cum
1701 4820 1804 4885 Verbo
1825 4822 1992 4887 ordinavit

435 4921 588 4985 licentius
602 4919 739 4983 ostendit
759 4920 792 4980 in
811 4938 848 4981 ea
869 4927 901 4981 et
916 4938 973 5000 per
992 4938 1061 4981 earn
1083 4920 1184 4983 omni·
1237 4919 1276 4981 ad
1300 4918 1396 4981 totius
1419 4918 1545 4999 generis
1565 4917 1695 4980 humani
1719 4918 1988 5004 redemptionem,

437 5019 623 5103 potentiam,
648 5016 838 5100 sapientiam
860 5024 891 5079 et
914 5016 1181 5097 benevolentiam,
1237 5016 1371 5099 gratiam
1393 5023 1424 5078 et
1446 5015 1590 5077 salutem.

436 5118 610 5182 bonitatem
631 5116 700 5179 sive
720 5114 923 5179 clementiam
944 5134 1045 5195 suam,
1066 5116 1131 5179 imo
1152 5124 1184 5178 et
1276 5116 1311 5177 ln
1335 5114 1396 5177 hoc
1422 5113 1497 5175 item
1522 5112 1713 5175 mirabiliter
1740 5113 1916 5181 innotescit
1942 5140 1991 5183 sa-

436 5224 557 5279 ceteras
571 5234 644 5277 suas
658 5211 870 5295 perfectiones
884 5212 1182 5295 attributales,puta
1238 5214 1357 5295 pientia
1392 5210 1662 5295 superbenedicta
1696 5211 1870 5293 Trinitatis,
1899 5220 1991 5299 quod
