4309 6259
293 492 333 540 nn
353 492 556 540 semmuro
577 492 708 540 strenis
728 492 766 539 rr
785 493 884 541 nisse
904 490 1131 541 causamrrorva
1153 494 1311 543 ursaceus.
1334 516 1375 526 -
1396 497 1465 543 sur.
1489 499 1555 547 xxn
1639 484 1698 547 tle

35 688 60 725 ci.
74 697 94 734 ι,
106 685 137 725 is.
153 664 277 743 firmos,
292 665 359 727 imo
373 670 405 725 et
425 662 544 725 umbre
566 660 722 744 principis
736 662 900 744 Apostole
914 661 939 723 Α
955 660 1052 724 babet
1074 661 1256 726 efficaciam
1280 664 1529 746 reconciliandi3
1546 667 1578 729 in
1603 686 1702 749 quan-

150 782 222 824 rnm
242 763 303 826 boc
328 763 432 844 ipsum
458 760 654 823 contribuit:
671 761 748 842 quid
773 760 899 823 virtutis
954 764 1021 819 tum
1047 770 1291 841 sacramentum,
1308 762 1489 827 efficaciam
1514 766 1609 829 babet
1633 786 1704 829 san-

150 869 182 922 et
210 859 394 924 eminentie
421 858 557 921 contulit
581 858 707 941 corpori
736 876 805 937 suo,
835 876 899 922 non
955 855 1132 921 ctificandi.
1150 858 1328 923 Necessitas
1350 880 1425 944 ergo
1446 871 1478 925 et
1499 862 1703 928 fructuositas

150 959 254 1021 solum
269 956 491 1021 sacratissime
510 956 625 1019 anime
639 974 704 1018 sue
719 957 774 1019 sed
788 964 821 1018 ot
834 974 899 1018 sue
954 956 1130 1035 presentie
1145 960 1334 1022 sacramenti
1351 960 1454 1041 istius,
1470 968 1519 1023 est
1534 962 1703 1025 medicatio

150 1055 261 1118 deitati
281 1055 382 1134 unito,
399 1054 443 1116 ita
461 1055 545 1135 quod
565 1054 635 1135 ipse
654 1054 771 1116 virtute
789 1052 899 1116 divina
955 1069 1010 1113 seu
1026 1054 1148 1117 curatio
1163 1056 1353 1119 universalis
1368 1056 1528 1137 Ecclesie,
1548 1067 1580 1121 et
1595 1078 1705 1124 recon-

149 1154 275 1216 animas
303 1160 425 1215 vestras
448 1151 559 1229 nutrit,
585 1151 723 1231 roborat,
748 1149 898 1233 persicitf

149 1252 303 1333 Denique,
320 1252 346 1313 si
366 1250 454 1313 carni
479 1269 534 1312 seu
558 1248 745 1331 pinguedini
770 1268 899 1330 serpen-

147 1350 223 1411 tine
242 1350 283 1411 de
301 1368 363 1431 qua
386 1348 525 1411 theriaca
549 1347 731 1428 conficitur,
747 1347 897 1410 virtutem

146 1447 237 1509 dedit
250 1446 401 1529 ejiciendi
417 1454 448 1509 et
461 1445 627 1527 effugandi
639 1464 798 1508 venenum
813 1446 897 1528 quod

146 1546 249 1608 solem
276 1544 419 1626 corporis
442 1545 540 1607 vitam
563 1544 760 1625 exstinguit:
778 1553 896 1625 quanto

145 1645 250 1725 magis
265 1644 353 1706 carni
370 1662 434 1706 sue
448 1642 575 1705 dedisse
589 1643 767 1705 credendus
786 1650 845 1719 est,
862 1650 897 1705 ut

143 1761 309 1804 venenum
333 1741 468 1823 peccati,
483 1741 568 1822 quod
593 1740 772 1803 animarum
797 1741 896 1803 vitam

954 1148 1075 1213 ciliatio
1090 1151 1160 1231 ejus
1180 1154 1218 1215 ad
1239 1153 1373 1231 Patrem,
1391 1156 1604 1220 sanctificatio
1626 1176 1705 1239 quo-

954 1265 1016 1327 que
1039 1248 1191 1312 Ecclesiae
1213 1259 1243 1313 et
1265 1250 1439 1334 spiritualis
1462 1251 1592 1318 refectio
1620 1256 1701 1337 ejus.

953 1345 1034 1407 llinc
1045 1346 1138 1409 Missa
1148 1356 1195 1410 est
1207 1349 1445 1430 fragrantissimi
1459 1352 1610 1414 sacrificii
1621 1354 1704 1417 obla·

954 1441 1010 1521 tio,
1018 1443 1110 1525 cujus
1127 1446 1289 1509 suavitatis
1304 1448 1402 1511 odore
1417 1450 1640 1514 reconciliatus
1656 1460 1704 1515 est

953 1543 1103 1623 mundus,
1120 1552 1151 1606 et
1165 1543 1259 1607 foetor
1274 1546 1344 1627 ejus
1364 1547 1534 1611 abstersus.
1552 1548 1607 1611 Est
1624 1568 1704 1631 quo-

953 1657 1014 1719 que
1029 1640 1201 1705 celebratio
1217 1644 1483 1726 sacramentique
1505 1654 1589 1709 totus
1612 1667 1703 1710 mun·

953 1737 1011 1798 dus
1027 1746 1075 1800 est
1090 1739 1480 1823 sanctificatus,quantum
1496 1745 1536 1807 ad
1550 1745 1701 1809 virtutem

142 1840 331 1921 exstinguit,
347 1839 530 1902 omnimode
555 1842 667 1901 euretf
687 1839 850 1917 Preterea,
866 1839 894 1901 si
912 1839 934 1901 B
953 1844 984 1897 et
998 1836 1231 1901 sufficientiam
1247 1842 1447 1904 sacramenti.
1464 1842 1518 1905 Est
1538 1844 1633 1905 etism
1653 1845 1703 1906 in-

143 1938 270 2020 lepides
284 1937 415 2019 pretiosi
432 1945 463 1999 et
478 1936 611 2000 virtuosi
626 1936 761 1999 virtutes
776 1937 895 2000 babent

142 2036 330 2098 innumeras
345 2054 383 2097 ac
397 2035 559 2097 mirandas
573 2053 611 2097 ex
631 2035 757 2098 modico
776 2035 894 2116 quinte

141 2134 293 2197 essentie
320 2134 403 2214 qnod
430 2132 534 2195 ineis
559 2140 617 2210 est,
644 2139 678 2194 ut
702 2131 893 2213 quibusdem

141 2232 307 2294 videtur:
334 2238 453 2312 quanto
480 2231 582 2312 magis
610 2249 685 2293 caro
711 2230 827 2293 Christi
856 2250 894 2293 ex

141 2330 314 2413 presentia
341 2329 458 2392 divine
487 2328 755 2411 supereminentis
787 2348 893 2391 essen-

141 2430 203 2507 tie,
220 2428 500 2511 praestantissimas
515 2427 610 2490 babet
632 2426 764 2490 virtutes
785 2428 824 2490 ad
845 2447 895 2490 sa-

140 2526 356 2590 cramentales
371 2524 525 2589 effectusf
536 2525 625 2603 ltem,
643 2525 669 2587 si
684 2526 892 2606 quarumdam

140 2625 293 2707 sanguini
316 2625 488 2687 bestiarum
511 2632 612 2686 tentes
637 2624 773 2686 eontulit
794 2625 890 2702 vires,

138 2725 215 2805 quid
244 2722 373 2806 proprio
397 2722 565 2803 sanguinit
580 2722 712 2802 ltursus,
735 2722 762 2785 si
786 2722 892 2786 herbe

139 2821 275 2905 peonie
289 2840 325 2882 ac
340 2819 457 2903 jaspidi
479 2818 566 2883 dedit
588 2819 738 2882 virtutem
758 2819 890 2901 fugandi

138 2921 363 3002 phantasmata
383 2925 478 2999 atque
500 2918 668 2995 demonis,
684 2917 790 2981 verbis
814 2936 892 2999 quo-

952 1936 1103 1998 stauratio
1128 1937 1377 2019 opulentissimi,
1395 1940 1565 2003 lautissimi
1590 1942 1702 2005 delici-

951 2032 1156 2114 osissimique
1191 2036 1344 2115 convivii,
1374 2056 1437 2118 quo
1464 2040 1569 2120 angeli
1599 2041 1700 2103 sancti

951 2129 1210 2212 splendidissime
1226 2132 1416 2197 reficiuntur
1430 2155 1466 2199 ac
1482 2136 1701 2201 homines.Est

950 2227 1027 2289 item
1054 2228 1149 2291 ldisss
1179 2231 1344 2295 ventilatio
1373 2252 1474 2297 cause
1503 2242 1614 2298 vestre
1643 2255 1701 2318 per

949 2326 1205 2408 deprecationem
1240 2338 1271 2392 et
1298 2330 1492 2394 oblationem
1527 2342 1696 2415 protracta.

948 2424 1003 2485 Est
1017 2425 1155 2507 denique
1171 2428 1340 2491 medicatio
1362 2428 1457 2493 totius
1478 2432 1620 2512 corporis
1641 2432 1699 2496 lic-

949 2522 1065 2604 cfesie,
1096 2543 1132 2587 ac
1166 2545 1298 2589 summe
1330 2528 1484 2593 exhibitio
1516 2530 1695 2614 medicine,

948 2629 1043 2702 atque
1063 2623 1227 2703 negotium
1249 2633 1361 2689 vestre
1384 2627 1664 2692 reconciliationis

988 2719 1042 2781 llis
1064 2719 1162 2802 igitur
1181 2723 1284 2785 modis
1309 2732 1433 2806 oportet
1455 2726 1621 2789 Missurum
1648 2747 1697 2791 se

948 2817 1055 2881 lennia
1079 2820 1251 2902 celebrare,
1275 2822 1416 2905 ipsisque
1442 2824 1596 2889 interesse
1622 2846 1694 2890 oum

947 2918 1035 2979 omni
1051 2920 1228 2983 reverentia
1243 2928 1274 2983 et
1289 2920 1383 2984 filiali
1400 2922 1525 3002 timore,
1542 2933 1574 2987 et
1588 2944 1697 3007 prose-

138 3039 200 3099 que
236 3018 490 3081 exorcismorum
521 3018 731 3099 quorumdam
760 3018 892 3081 donavit
911 3012 1003 3096 Cqui
1019 3024 1141 3079 tantum
1158 3019 1341 3100 mysterium
1362 3027 1511 3101 tanquam
1533 3023 1695 3105 negotium

139 3118 294 3179 virtutem
309 3115 437 3179 arcendi
452 3116 624 3195 demones,
639 3123 671 3177 et
685 3135 743 3197 per
756 3135 794 3179 ea
807 3115 892 3179 fiunt

138 3216 201 3278 alie
220 3214 369 3296 quedam
389 3212 544 3293 miranda,
560 3231 630 3294 que
647 3213 681 3275 in
701 3214 791 3277 libris
814 3215 892 3276 artis

140 3314 277 3394 magice
305 3311 509 3374 continentur
535 3334 542 3372 :
568 3312 728 3393 quomodo
755 3311 891 3375 Verbum

35 3437 126 3483 mss.
140 3419 311 3487 eternum,
328 3428 385 3491 per
398 3409 482 3489 quod
496 3407 581 3471 facte
596 3417 670 3471 sunt
690 3410 808 3490 omnia,
825 3429 893 3473 our-

140 3529 214 3572 nem
233 3528 256 3571 a
277 3527 310 3571 se
329 3515 525 3590 assumptam
543 3526 608 3570 non
630 3508 802 3571 illustravit
815 3529 892 3572 cun-

139 3610 198 3671 ctis
209 3607 385 3671 virtutibus
398 3607 506 3688 glorie
521 3626 595 3687 sne,
601 3606 634 3667 in
649 3606 709 3669 bac
724 3616 813 3690 parte
824 3627 894 3670 con-

139 3705 330 3787 gruentibus
345 3713 376 3767 et
391 3712 504 3767 vestre
519 3703 614 3767 saluti
629 3704 891 3787 expedientibust

178 3804 271 3867 L'nde
299 3822 337 3865 ex
366 3802 417 3864 bis
444 3802 578 3883 aliisque
607 3801 796 3882 innumeris,
822 3821 892 3884 que

139 3902 260 3984 partim
281 3920 378 3963 causa
396 3899 517 3962 vitandi
541 3899 754 3981 prolixitatem
775 3902 891 3964 omitti-

138 4020 222 4078 mus,
239 4000 358 4081 portim
374 4018 433 4062 neo
449 4016 543 4060 nosse
557 4016 617 4060 nec
637 4017 804 4061 numerare
825 3998 892 4062 suf-

137 4099 281 4178 ficimus,
292 4106 379 4181 patet
393 4116 488 4179 quam
502 4096 701 4179 amplissime
716 4116 753 4160 ue
768 4098 890 4180 magni·

948 3121 1060 3177 vestre
1089 3116 1369 3199 reconciliationis,
1395 3126 1427 3181 et
1454 3119 1695 3184 ventilationem

948 3230 1051 3274 cause
1086 3214 1229 3275 omnium
1264 3225 1405 3279 vestrum
1441 3217 1697 3301 medicinamque

949 3310 1181 3389 universorum,
1213 3332 1253 3375 ne
1283 3322 1370 3376 tanta
1405 3334 1462 3395 pro
1497 3324 1527 3379 te
1561 3316 1698 3381 inaniter

948 3407 1041 3488 fiant,
1058 3416 1090 3471 et
1110 3429 1151 3473 ne
1171 3410 1211 3473 ob
1233 3410 1469 3475 indevotionem
1484 3422 1517 3476 et
1531 3414 1697 3497 ingratitu-

948 3506 1056 3569 dinem
1074 3514 1161 3569 tuam
1180 3510 1309 3589 gravius
1333 3510 1487 3591 iudiceris
1508 3532 1546 3575 ac
1572 3532 1694 3594 pereas.

947 3603 982 3666 ln
997 3604 1094 3685 hujus
1109 3604 1206 3685 igitur
1220 3608 1408 3670 sacrementi
1430 3608 1643 3673 celebratione
1665 3621 1696 3674 et

948 3702 1129 3784 sumptione
1144 3705 1307 3767 advertere
1321 3705 1418 3768 debes
1433 3707 1694 3789 omnipotentiam

948 3800 1018 3881 ejus
1033 3802 1066 3863 in
1081 3809 1128 3864 tot
1142 3809 1174 3865 et
1194 3802 1289 3865 tantis
1311 3804 1513 3869 mirabilibus
1528 3806 1605 3884 suis,
1624 3826 1696 3888 pro-

948 3898 1122 3962 videntiam
1138 3918 1263 3982 quoque
1278 3900 1379 3983 ipsius
1395 3902 1480 3965 circe
1495 3912 1632 3967 vestram
1647 3924 1696 3968 re-

948 3996 1119 4061 fectionem
1140 3998 1296 4061 internam
1318 4008 1349 4063 et
1365 4008 1476 4064 vestre
1497 4001 1608 4065 salutis
1623 4022 1695 4086 pro-

948 4096 1156 4175 curationem,
1170 4105 1202 4160 et
1215 4116 1280 4160 sue
1299 4098 1525 4163 abundantiam
1545 4101 1694 4165 bonitatis

137 4198 352 4261 fidentissime
364 4196 564 4258 sentiendum
579 4196 621 4257 sit
635 4195 674 4257 de
690 4196 889 4261 virtuositate
904 4201 929 4263 D
948 4195 982 4255 in
1001 4202 1064 4256 tam
1086 4194 1307 4258 liberalissima
1332 4198 1622 4263 communicatione
1644 4201 1693 4264 sui

138 4304 202 4358 tum
228 4294 489 4359 excellentissimi
514 4294 716 4372 sacrmenti,
733 4296 890 4377 corporis-

138 4412 200 4475 que
222 4392 390 4457 dominici.
407 4391 527 4473 Nempe
547 4391 580 4452 in
605 4391 666 4454 boc
691 4402 889 4457 sacramento

137 4490 244 4554 forma
258 4490 352 4573 panis
372 4498 404 4553 et
425 4488 490 4551 vini
512 4497 619 4571 aperte
641 4489 785 4570 designat
803 4492 888 4571 quod

138 4589 207 4671 ipse
222 4588 368 4653 Christus
384 4588 425 4649 sit
442 4585 769 4669 supersubstantialis,
785 4589 890 4669 quoti-

139 4687 247 4765 diana,
264 4686 365 4749 solida
386 4692 418 4749 et
439 4686 582 4766 jucunda
605 4682 887 4767 infastidibilisque

138 4784 274 4848 refectio
309 4784 486 4847 animarum
521 4791 719 4861 vestrarum3
750 4785 887 4848 ostendit

138 4900 268 4964 quoque
287 4882 388 4946 forma
407 4881 498 4963 panis
517 4900 553 4943 ac
573 4880 653 4957 vini,
670 4890 787 4944 sancte
809 4882 889 4945 dile-

137 4980 256 5043 ctionis
270 4980 529 5043 communionem
548 4987 579 5041 et
599 4978 884 5060 indistinctionem,

137 5079 323 5142 societatem
337 5096 463 5159 quoque
484 5077 671 5140 Sanctorum
694 5077 887 5159 inseparabi-

136 5177 212 5240 lem.
229 5176 352 5258 Duplex
365 5194 442 5258 ergo
456 5183 505 5238 est
525 5174 674 5239 efficacia
695 5178 886 5240 sacramenti

137 5274 231 5340 istius
255 5297 263 5336 :
288 5273 364 5356 quia
381 5275 415 5337 in
435 5281 589 5356 quantum
608 5281 657 5337 est
676 5274 884 5357 sacrificium,

948 4291 1048 4373 ipsius
1063 4312 1101 4356 ec
1116 4312 1284 4357 munerum
1305 4295 1533 4377 ejusdemque
1552 4317 1693 4362 amorem

945 4390 994 4453 sui
1010 4391 1049 4453 ad
1064 4410 1133 4469 vos,
1147 4400 1178 4455 et
1191 4392 1294 4455 zelum
1310 4412 1402 4455 suum
1418 4412 1476 4475 pro
1491 4404 1595 4459 vestre
1610 4397 1693 4459 salu-

943 4497 985 4567 te,
1005 4489 1252 4553 beneficentiam
1273 4509 1400 4573 quoque
1420 4492 1521 4575 ipsius
1540 4494 1573 4557 in
1588 4495 1688 4559 vobis

1120 4699 1366 4767 ARTICULUS
1395 4702 1508 4768 XXII.

941 4832 990 4891 De
1008 4832 1113 4889 modis
1128 4832 1254 4891 Cereri
1272 4832 1330 4891 sub
1346 4835 1558 4895 Sacrameeto
1578 4844 1608 4897 et
1622 4842 1693 4916 effe-

981 4921 1086 4979 ctibus
1101 4920 1183 4996 ejus,
1192 4929 1222 4980 et
1237 4924 1277 4980 de
1291 4924 1479 4983 reductione
1493 4945 1606 4987 eorum
1621 4947 1693 5006 quoe

982 5010 1094 5067 attide
1110 5011 1172 5068 ista
1186 5012 1325 5071 materia
1335 5014 1451 5073 dieunt
1466 5018 1689 5091 adproediota.

984 5178 1131 5241 Ventrss.
1157 5178 1264 5242 -Ex
1288 5180 1492 5262 preinductis
1515 5182 1688 5265 perpende,

943 5277 1027 5358 quod
1042 5277 1103 5340 sub
1116 5278 1399 5341 sacramentalibus
1422 5279 1589 5363 speciebus
1604 5281 1690 5346 Chri·
