4309 6259
599 496 757 543 arrosrrto
777 494 876 542 ntulit
900 498 907 541 :
932 492 1009 541 vnn!
1031 493 1145 541 antris
1166 494 1264 541 1³OEth
1285 494 1322 542 llS
1701 479 1742 545 89

105 678 119 735 l
259 675 355 735 ERE
371 674 485 751 gralia
506 674 607 748 plena
631 690 674 739 es,
701 667 732 731 id
758 674 817 747 est,
842 684 861 731 o
890 674 936 746 tu,
953 663 977 727 A
995 667 1155 749 myrrham
1173 686 1272 731 :auro
1286 667 1488 749 designantes
1502 686 1670 751 personam
1684 670 1743 734 lle·

275 769 488 833 sacratissima
513 768 619 850 Virgo,
646 790 662 828 a
687 767 783 849 plena
811 786 845 829 es
869 783 938 848 gra·
993 763 1052 845 gis,
1069 765 1162 827 thure
1181 765 1248 844 Dei,
1265 765 1394 848 myrrha
1412 765 1567 847 morituri,
1589 774 1683 849 prout
1700 768 1740 831 de

191 868 235 931 tia
252 892 280 949 a,
298 868 330 932 id
350 876 398 931 est
417 866 648 951 supernaturali
668 867 751 930 dono
771 882 808 928 ac
828 864 936 927 habitu
994 862 1054 925 islo
1069 862 1102 924 in
1117 864 1220 926 Aurea
1242 864 1376 945 legenda
1394 872 1426 927 et
1444 863 1519 926 alibi
1540 864 1667 947 copiosa
1686 867 1741 928 ha-

191 968 312 1049 gratiaa,
338 968 492 1031 sumendo
520 966 653 1047 gratiam
678 973 817 1041 extense,
845 971 938 1045 pmut
994 960 1097 1041 betur,
1115 981 1174 1025 nec
1189 962 1263 1025 hnic
1277 962 1438 1025 immorari
1453 970 1588 1045 oportet,

191 1065 325 1147 gloriam
340 1085 377 1129 ac
393 1066 500 1128 lumen
516 1064 625 1147 gloria
639 1064 774 1127 includit
793 1082 830 1125 ac
852 1081 937 1127 com·
1033 1063 1194 1139 Rogemus
1216 1081 1305 1137 erqo,
1326 1063 1455 1137 populi,
1479 1061 1510 1124 id
1539 1070 1599 1139 est,
1623 1081 1643 1125 o
1668 1080 1743 1127 con·
1807 1078 1826 1134 a

193 1161 372 1244 prehendit,
389 1162 562 1225 secundum
588 1161 671 1242 quod
696 1158 797 1241 gloria
820 1158 938 1221 dieitur
994 1157 1109 1221 iratres
1133 1166 1164 1221 et
1187 1158 1330 1241 preximi,
1348 1182 1365 1218 a
1382 1177 1531 1241 rogemus
1546 1182 1575 1239 a,
1590 1163 1654 1224 Dei
1673 1165 1743 1223 Ma-

191 1259 293 1341 gratia
307 1268 537 1336 consummata,
554 1266 586 1321 et
600 1256 769 1341 Apostolus
784 1263 938 1338 protesta-
994 1266 1076 1317 trem
1091 1279 1130 1317 ac
1154 1260 1331 1335 l'trainem,
1347 1268 1385 1319 at
1400 1261 1471 1335 ipsa
1486 1260 1577 1319 mobis
1592 1262 1743 1335 impetret

52 1375 120 1417 aaa.
145 1388 177 1423 a.
193 1366 244 1420 tur
255 1382 262 1419 ε
274 1356 378 1421 Gratia
393 1357 447 1420 nei
462 1356 526 1419 vita
541 1366 667 1419 aterna.
682 1355 725 1419 na
741 1354 937 1437 plenitudine
992 1374 1103 1432 pacem
1119 1355 1223 1419 cordis
1237 1364 1269 1418 et
1284 1356 1436 1437 temporis
1450 1364 1545 1437 atque
1559 1356 1743 1419 eternitatis

36 1440 70 1479 ²³·
191 1464 297 1519 autem
313 1464 344 1519 et
359 1456 545 1519 excellentia
560 1455 667 1537 gratia
682 1453 937 1535 incomparabilis
994 1462 1024 1512 et
1040 1455 1283 1529 indulgentiam
1302 1453 1429 1536 plenam
1447 1476 1454 1515 :
1471 1453 1627 1535 siquidem
1646 1454 1742 1517 Filius

71 1583 94 1624 p.
104 1572 132 1611 aa
142 1570 175 1613 r.
192 1554 328 1636 Virginis
344 1554 463 1617 dietum
478 1556 588 1617 est.lt't
599 1554 744 1629 gloriosa
754 1571 937 1629 permanea,
994 1550 1064 1632 ejus
1084 1550 1285 1632 omnipotens
1303 1572 1374 1615 eam
1393 1553 1563 1631 honorans,
1581 1551 1625 1615 nil
1645 1554 1743 1616 dene-

191 1654 222 1717 id
246 1661 306 1731 est,
333 1652 365 1715 in
390 1660 576 1735 perpetuum
601 1650 828 1713 invariabiliter
851 1648 935 1726 felix,
994 1656 1046 1730 gat
1061 1649 1090 1711 ei
1105 1650 1189 1731 qnod
1205 1649 1274 1731 ipsa
1293 1670 1331 1713 ex
1350 1650 1576 1714 deliberatione
1596 1650 1739 1715 absolute

191 1752 314 1815 lamosa
337 1752 549 1833 gaudiosaque
574 1768 757 1831 perseveras
775 1772 782 1811 z
800 1750 878 1828 qaia
897 1769 938 1807 ece
994 1748 1151 1811 desiderat
1165 1768 1203 1811 ac
1218 1759 1375 1831 precatur.
1392 1750 1545 1831 Denique,
1557 1758 1592 1813 ut
1606 1751 1744 1813 devotis·

191 1861 222 1911 te
236 1851 339 1917 nabis,
355 1848 387 1910 id
403 1857 450 1911 est
469 1849 507 1911 ad
528 1856 667 1911 nostram
688 1846 937 1928 redemptionem
958 1846 981 1909 B
996 1846 1094 1909 simus
1109 1847 1220 1910 doctor
1235 1848 1465 1929 religiosomm,
1482 1857 1610 1911 sanctus
1625 1848 1668 1911 ait
1687 1868 1742 1931 pa-

191 1956 286 2029 atque
305 1946 450 2023 salutem,
468 1957 567 2007 natus
585 1956 630 2007 est
650 1946 811 2015 Christus,
827 1964 939 2007 secun·
996 1951 1043 2006 ter
1070 1944 1260 2023 Bernardus,
1286 1965 1433 2009 secumm
1456 1946 1610 2009 habemus
1635 1966 1741 2010 acces-

191 2046 268 2109 dum
299 2052 493 2127 assumptam
524 2044 763 2119 humanitatem,
788 2042 938 2124 quoniam
995 2062 1065 2105 sum
1084 2067 1091 2104 ι
1108 2063 1181 2106 nam
1203 2044 1300 2107 blater
1318 2044 1456 2107 ostendit
1479 2044 1557 2107 nitio
1575 2053 1686 2126 peetus
1711 2054 1743 2107 et

192 2162 267 2206 earo
284 2144 354 2226 ejus
369 2162 407 2205 ex
423 2142 599 2224 purissimis
621 2141 825 2205 sanctissima
841 2140 940 2222 Virgi-
995 2140 1105 2219 ubera,
1125 2141 1221 2204 Filius
1242 2142 1381 2205 ostendit
1403 2141 1483 2205 Patri
1509 2142 1591 2205 latus
1614 2152 1647 2205 et
1673 2145 1743 2206 vul-

191 2241 242 2303 nis
271 2239 477 2322 sanguinibus
502 2248 551 2302 est
577 2239 723 2318 formata,
746 2258 808 2315 per
832 2259 939 2318 quem,
995 2256 1084 2317 nera,
1110 2259 1170 2302 nec
1194 2248 1389 2322 potestesse
1413 2242 1540 2322 repulsa
1561 2240 1617 2303 ubi
1641 2248 1687 2304 tot
1711 2250 1743 2305 el

192 2339 369 2401 secundum
395 2357 484 2401 suam
508 2338 647 2401 divinam
671 2346 828 2417 naturam,
856 2336 939 2399 iacta
995 2343 1082 2399 tunm
1103 2346 1296 2401 concurmnt
1317 2337 1454 2401 caritatis
1475 2338 1620 2420 insignia.

32 2462 175 2513 ammas.
191 2447 269 2497 auat
294 2438 417 2506 omm'a,
441 2436 530 2516 juxta
554 2436 631 2499 illud
655 2435 784 2498 loannis
805 2434 940 2497 :Omnia
1037 2438 1152 2499 Gloria
1167 2439 1240 2507 tibi,
1256 2435 1634 2515 neminemneminer
1650 2444 1742 2500 arter-

192 2554 251 2617 per
274 2534 379 2616 ipsum
402 2534 488 2597 laeta
511 2542 595 2611 sunt,
621 2542 657 2596 ut
684 2532 870 2613 frequenter
892 2540 940 2595 est
995 2556 1048 2615 ne,
1061 2538 1173 2615 gloria
1192 2536 1378 2613 Unigenilo,
1394 2541 1455 2597 etc.

192 2632 381 2715 expositum.

99 2748 118 2801 2
233 2735 386 2795 Pastorea
409 2733 469 2811 qai
491 2732 673 2791 audierunt
697 2729 737 2792 ab
762 2728 876 2810 angelo
895 2728 940 2791 eis
1035 2734 1197 2797 Postremo
1229 2732 1315 2795 hunc
1350 2733 1502 2815 hymnum
1537 2731 1742 2796 devotissime

33 2854 90 2896 aa.
104 2868 127 2904 a.
141 2855 178 2903 ro,
194 2828 319 2893 dicente
344 2851 351 2891 ε
373 2826 561 2908 Evangelizo
586 2827 676 2890 vobis
700 2826 850 2910 gaudium
875 2845 941 2889 ma·
996 2850 1124 2913 semper
1137 2830 1280 2911 legamus
1299 2837 1332 2893 et
1350 2831 1567 2907 decantemus,
1584 2849 1742 2893 memores

35 2917 70 2959 ¹¹·
193 2926 385 3009 gnum,quia
399 2933 491 2989 natus
507 2934 555 2988 est
569 2924 658 2988 vobis
673 2924 765 2989 bodie
781 2924 939 3002 Salvator;
996 2928 1217 3012 mysteriorum
1242 2927 1534 3009 beneliciommque
1560 2927 1741 3005 Salvatoris,

190 3028 334 3104 gloriam
357 3028 422 3087 Deo
445 3033 638 3093 cantarunt,
659 3022 748 3103 juxta
775 3021 853 3084 illud
882 3022 941 3083 Lu·
959 3026 981 3089 G
996 3048 1032 3091 ac
1057 3024 1289 3108 gloriosissima
1313 3025 1450 3107 Virginis
1474 3025 1671 3104 beatitudini,
1693 3044 1745 3087 su-

62 3150 125 3192 ram.
137 3152 176 3191 aa.
194 3142 239 3187 cta
257 3148 264 3185 ι
282 3122 410 3187 Reversi
426 3130 500 3183 sunt
515 3127 668 3203 pastores,
680 3119 895 3202 glorificantes
910 3128 942 3182 et
997 3124 1183 3205 blimationi,
1207 3123 1349 3205 dignitati
1373 3142 1411 3187 ac
1435 3124 1522 3187 omni
1546 3124 1617 3207 ejus
1641 3124 1745 3187 excel-

195 3223 358 3286 laudantes
387 3221 485 3283 Deum
515 3219 546 3281 in
576 3219 724 3282 omnibus
752 3238 822 3300 qua
855 3218 942 3281 andi·
997 3224 1101 3286 lentim
1128 3229 1216 3285 tanto
1246 3222 1479 3304 praecordialius
1508 3224 1743 3305 congaudentes

193 3330 294 3383 erant.
317 3322 547 3381 Cucurreruat
573 3320 608 3379 ia
632 3320 832 3387 Bethlehem,
854 3317 941 3399 juxta
996 3329 1116 3403 quanto
1139 3321 1294 3384 intensius
1313 3340 1350 3383 ac
1370 3320 1561 3402 singularius
1580 3340 1651 3384 eam
1676 3321 1745 3384 dili-

59 3440 122 3483 ma.
138 3443 177 3483 aa.
194 3419 272 3482 illud
299 3442 307 3481 :
334 3419 496 3481 Venerunt
520 3416 727 3495 testinantes3
754 3426 869 3477 matram
895 3418 942 3476 vi·
997 3418 1112 3500 gimus.
1128 3417 1166 3480 Et
1188 3417 1232 3480 ita
1253 3418 1405 3498 qnotidie,
1421 3436 1486 3481 non
1510 3418 1617 3499 tepide
1640 3426 1673 3481 et
1697 3437 1744 3481 re-

192 3522 271 3580 dere
292 3520 480 3580 Domiaum.
998 3516 1105 3595 misse,
1130 3514 1220 3597 quasi
1243 3534 1282 3577 ex
1305 3516 1392 3578 arida
1416 3524 1448 3577 et
1475 3514 1567 3578 solita
1595 3514 1745 3596 frequen-

96 3620 115 3674 3
234 3619 291 3678 Sic
312 3619 406 3695 Magi
425 3616 465 3675 ab
484 3624 560 3675 ortu
582 3616 670 3685 solis,
682 3624 820 3691 propter
840 3616 942 3673 ctetica
996 3614 1127 3691 tatione,
1144 3614 1199 3676 sed
1218 3620 1305 3675 tanto
1325 3612 1498 3695 gratantius
1518 3621 1550 3675 et
1569 3611 1745 3675 ferventius

194 3716 370 3775 indicium.
396 3711 536 3789 Qualiter
560 3712 679 3775 lactum
710 3710 750 3773 sit
773 3711 845 3789 hoc,
868 3710 941 3773 llat-
996 3720 1115 3794 quanto
1131 3711 1505 3792 frequentius,mamores
1520 3710 1619 3773 simus
1634 3730 1744 3775 eorum

43 3814 295 3883 arrimathaeus
318 3811 480 3889 describit,
504 3810 535 3873 in
560 3828 624 3893 quo
646 3810 781 3873 habetur
807 3832 813 3871 :
839 3808 940 3884 Quum
995 3828 1067 3892 quaa
1083 3810 1114 3872 in
1129 3809 1242 3873 Christi
1261 3809 1423 3872 nativitate
1438 3816 1470 3871 at
1484 3809 1680 3891 apparitione
1700 3809 1746 3872 ia-

32 3902 51 3948 ¹·
63 3900 84 3939 ²·
194 3920 287 3976 natus
302 3919 387 3973 esset
400 3910 490 3973 lesus
505 3910 538 3971 in
552 3908 749 3985 Bethlehem,
766 3928 841 3971 ecce
863 3908 940 3990 blagi
997 3917 1047 3972 eta
1066 3908 1298 3989 cognoscimus,
1319 3908 1344 3971 Ο
1366 3926 1462 3989 quam
1486 3906 1745 3971 inestimabiliter

193 4010 370 4075 oboriente
386 4016 552 4087 venerunt,
569 4007 711 4070 dicentes
729 4030 736 4069 ε
754 4006 809 4069 Ubi
825 4007 940 4088 estqui
997 4007 1136 4071 Verbum
1161 4007 1360 4069 incarnatum
1380 4005 1525 4088 implevit
1546 4004 1744 4068 deificatissi-

193 4114 361 4171 natusest
385 4126 439 4169 rex
462 4107 663 4171 tudaeorumt
689 4105 831 4168 Vidimus
855 4105 940 4168 enim
997 4124 1056 4167 mea
1081 4105 1217 4187 Virginis
1242 4112 1393 4185 mentem,
1414 4104 1507 4185 cujus
1531 4104 1577 4167 sic
1601 4101 1746 4185 implevit

194 4206 319 4270 stellam
334 4206 405 4288 ejus
421 4205 452 4267 in
468 4204 795 4282 orientc,etvenimus
810 4204 940 4267 adorare
957 4205 981 4268 Ι)
997 4203 1246 4285 inhabitavitque
1274 4211 1419 4266 ventrem
1433 4209 1440 4265 t
1470 4202 1569 4277 Quam
1602 4201 1745 4265 indicibi-

193 4325 280 4369 eum.
306 4303 430 4368 Etenim
454 4303 593 4367 Christus
617 4304 733 4367 multos
762 4302 940 4367 iudeorum
997 4303 1069 4365 liter
1093 4302 1254 4384 copiosam
1273 4301 1429 4365 contraxit
1449 4299 1635 4364 suavissima
1650 4300 1744 4381 Virgo

193 4403 411 4489 plurimosque
435 4401 600 4484 gentilium
625 4400 813 4482 salvaturus,
831 4400 942 4464 nativi·
997 4402 1135 4465 caritatis
1149 4399 1398 4479 exuberantiam,
1414 4398 1637 4462 misericordie
1650 4398 1746 4460 alllu-

192 4510 291 4565 tatem
312 4520 401 4563 suam
426 4519 499 4564 mox
522 4499 679 4581 aliquibus
702 4519 740 4563 ex
764 4499 879 4563 ludaeis
904 4519 940 4562 ac
996 4500 1126 4579 entiam,
1152 4498 1314 4561 suavitatis
1339 4497 1557 4575 redolentiam,
1583 4496 1745 4579 sapientie

190 4600 384 4683 quibusdam
417 4620 455 4663 ex
488 4598 636 4682 gentihus
669 4599 831 4663 revelavit.
862 4598 940 4662 llinc
996 4598 1251 4677 illustrationem,
1280 4596 1486 4677 omniumque
1518 4595 1744 4659 charismatum

190 4700 340 4764 subditur
361 4722 368 4761 ε
389 4702 566 4762 Portaates
589 4708 702 4777 typam
725 4700 887 4777 gentiam,
909 4698 941 4761 id
996 4696 1227 4780 plenitudinem
1246 4695 1436 4773 divinorum,
1454 4714 1494 4757 ax
1512 4694 1600 4758 ionte
1620 4694 1745 4776 sapien-

190 4806 253 4878 est,
291 4804 554 4880 representantas
589 4796 725 4879 figuram
760 4797 938 4879 gentilium,
996 4794 1057 4873 tiae,
1074 4794 1178 4857 Verbo
1192 4800 1311 4856 aeterno
1325 4792 1370 4855 sic
1385 4792 1468 4853 intra
1486 4810 1521 4855 se
1535 4790 1697 4855 babitame
1713 4798 1745 4853 ot

56 4920 122 4965 rara.
137 4924 174 4964 rr.
185 4898 299 4977 primi
317 4902 460 4977 offerrant
485 4916 637 4966 manera,
662 4913 785 4973 aurum,
812 4895 885 4958 thus
909 4903 941 4959 et
995 4891 1054 4954 sibi
1077 4900 1140 4954 tam
1163 4890 1303 4973 proxime
1324 4889 1501 4973 applicatol
