4309 6259
402 515 442 561 aa
461 514 552 561 nouis
573 515 708 562 somnos
730 514 848 571 sartori,
871 513 1045 563 mauranus
1066 513 1099 560 ιι.
1122 532 1162 543 -
1183 514 1252 559 aar.
1276 514 1364 576 ιιιιιιι,
1387 514 1461 561 xxrv
1644 494 1703 557 ttt

922 681 1084 746 hnullam
1110 683 1283 764 perducere
1303 681 1427 745 sufficit
1450 680 1630 743 intellectus
1649 678 1703 780 qui

335 740 579 807 ARTICULUS
603 742 730 806 ΧΧῙῙῙ·
962 790 1009 843 cst
1024 781 1150 845 habitus
1166 782 1328 845 naturalis.

169 901 208 959 Ia
226 898 340 976 quibas
359 899 542 957 intellectus
561 900 621 976 pai
639 906 685 956 est
705 898 837 957 habitas
857 899 906 957 ia-

207 987 395 1045 tellectaolis
415 1006 453 1045 ac
471 987 651 1055 nataralia,
671 996 702 1045 et
724 987 908 1045 intellectas
1132 991 1375 1055 ARTICULUS
1405 989 1531 1053 XXIV.

206 1076 261 1153 qui
281 1076 471 1134 eridanum
494 1076 646 1149 Spiritus
670 1075 798 1143 Sancti,
815 1076 906 1151 diffe-

207 1171 279 1223 ram
294 1173 393 1242 aeque
406 1165 612 1223 conveniam,
983 1123 1071 1190 Quid
1085 1124 1127 1181 sit
1145 1123 1210 1197 ipse
1231 1124 1413 1181 intellectus
1428 1122 1487 1199 qai
1505 1129 1551 1179 est
1565 1122 1687 1180 donam

1187 1212 1337 1286 Spiritus
1356 1212 1483 1272 Sancti.

66 1387 115 1424 aa
141 1382 155 1430 ι,
223 1364 448 1440 tuouuarba
464 1366 510 1446 (ni
533 1364 639 1446 fallor)
654 1366 824 1429 deductum
846 1375 905 1444 est,
1033 1368 1235 1432 DVERTERE
1251 1387 1375 1452 quoque
1397 1387 1527 1432 necesse
1548 1375 1607 1447 est,
1623 1367 1707 1449 quod

55 1451 155 1551 3¹¹³*
236 1464 319 1545 quod
347 1464 431 1525 dona
454 1464 589 1544 Spiritus
614 1463 720 1526 Sancti
746 1482 809 1527 non
834 1472 906 1525 sunt
1046 1470 1129 1529 sicut
1151 1468 1307 1551 sapientia
1329 1475 1422 1550 prout
1443 1467 1561 1530 donum
1586 1465 1710 1529 exsistit

168 1572 249 1627 actus
269 1569 481 1640 transeuntes,
497 1563 552 1625 sed
573 1562 700 1624 habitus
720 1581 908 1644 permanca—
962 1565 1098 1648 Spiritus
1120 1566 1239 1643 Sancti,
1263 1574 1310 1628 est
1331 1565 1458 1627 habitus
1483 1566 1636 1627 rationem
1658 1584 1710 1626 su-

167 1671 210 1735 tes
238 1684 245 1722 :
269 1668 344 1722 sunt
373 1660 460 1721 euim
488 1660 666 1723 habituales
693 1660 907 1743 perfectiones
961 1664 1119 1745 perierem
1145 1662 1330 1745 perficiens,
1357 1672 1391 1725 ut
1414 1664 1453 1726 de
1478 1662 1596 1724 divinis
1626 1670 1710 1725 recte

166 1768 298 1822 mentem
320 1766 458 1821 creatam
480 1758 716 1839 dignificanteS,
737 1767 832 1840 atque
853 1779 907 1841 ap
962 1780 1098 1843 vereque
1122 1762 1246 1844 judicet
1270 1780 1325 1843 per
1350 1760 1645 1824 connaturalitatem
1671 1760 1710 1822 ad

166 1866 260 1920 tantos
273 1858 315 1920 ad
329 1875 458 1919 omnam
480 1855 721 1939 inspirationem
735 1876 772 1919 ao
795 1857 907 1921 motio-
923 1861 947 1923 B
962 1860 1041 1941 ipsa,
1052 1859 1112 1923 hoc
1128 1866 1175 1921 est
1191 1877 1247 1940 per
1262 1859 1514 1922 conformitatem
1531 1877 1566 1921 ac
1582 1866 1710 1940 gustum

165 1975 232 2017 nem
246 1954 390 2017 divinam
412 1953 628 2035 recipiendam
649 1974 686 2017 aa
706 1955 904 2034 imitandam,
961 1976 1087 2033 eorum,
1100 1958 1146 2019 sic
1163 1956 1343 2019 intellectus
1360 1957 1398 2019 de
1414 1976 1477 2037 quo
1493 1976 1577 2018 nunc
1592 1956 1706 2037 agitur,

165 2063 194 2115 ut
208 2054 399 2135 perducatur
413 2052 539 2115 facilius
554 2053 593 2115 ad
608 2052 835 2115 beatitudinem
854 2073 906 2114 su·
960 2063 1007 2118 est
1022 2056 1192 2118 habitualis
1214 2055 1369 2137 perfectio
1391 2055 1546 2117 rationem
1569 2055 1709 2135 superio

164 2150 404 2233 pematuralem.
421 2150 455 2213 ln
471 2150 531 2213 hoc
552 2168 628 2233 ergo
648 2149 828 2212 intellectus
850 2150 904 2230 qui
961 2172 1026 2215 rem
1047 2154 1220 2231 illustram,
1243 2161 1403 2215 uteorum
1424 2172 1493 2233 quae
1512 2153 1630 2215 cadunt
1650 2152 1710 2216 sub

162 2250 274 2312 donum
301 2258 359 2322 est,
380 2258 412 2311 et
435 2248 489 2311 ille
512 2248 565 2329 qui
592 2256 640 2310 est
661 2247 814 2310 naturalis
836 2267 906 2329 per·
960 2252 1026 2314 hue
1040 2251 1190 2314 veritates
1205 2252 1289 2314 clarc
1306 2252 1490 2333 perspiciat,
1507 2249 1646 2332 fideique
1663 2270 1710 2313 ra-

161 2345 251 2410 fectio
271 2346 417 2427 rationis,
438 2346 645 2424 conveniunt,
666 2346 750 2427 quod
772 2354 904 2426 uterque
960 2350 1079 2413 tionem
1096 2357 1277 2431 cognoscat,
1291 2357 1322 2411 et
1335 2348 1399 2411 alia
1414 2368 1471 2430 pcr
1485 2367 1619 2428 quorum
1636 2367 1710 2411 con-

160 2454 204 2506 est
222 2444 373 2523 habitus;
396 2445 484 2524 item,
505 2444 590 2525 quod
611 2445 777 2525 utriusque
798 2444 905 2525 subje
960 2446 1185 2510 siderationem
1210 2446 1292 2508 fides
1317 2446 1483 2509 formatur.
1510 2444 1628 2527 Nempe
1653 2465 1711 2528 per
1815 2460 1819 2471 '

160 2552 239 2605 ctum
253 2552 306 2605 est
324 2543 420 2623 idam,
437 2542 586 2605 videlicet
605 2541 785 2604 intellectus
805 2542 905 2622 possi·
959 2545 1018 2607 hoc
1033 2546 1153 2608 donum
1176 2543 1326 2625 intelligit
1342 2544 1439 2606 homo
1461 2542 1708 2624 pulcherrimam

159 2640 248 2716 bilis3
264 2641 373 2719 tertio,
389 2642 474 2723 quod
490 2650 621 2723 uterque
636 2649 685 2702 est
698 2640 827 2702 habitus
841 2658 904 2722 quo
959 2642 1189 2706 connexionem
1215 2650 1308 2723 atque
1337 2641 1597 2704 decentissimum
1624 2640 1709 2704 ordi-

159 2746 391 2820 cognoscuutur
419 2738 521 2819 prima
555 2738 698 2820 quadam
731 2737 901 2820 principia.
959 2759 1033 2803 nom
1057 2740 1170 2803 horum
1194 2758 1328 2821 quorum
1353 2747 1401 2801 est
1425 2738 1517 2816 tides,
1540 2758 1577 2801 ac
1602 2739 1710 2819 singu-

157 2836 436 2899 Ilifferuutautem
452 2836 484 2897 in
499 2835 706 2899 multis.Nam
723 2836 904 2898 intellectus
958 2840 1061 2902 lorum
1086 2840 1236 2917 rationes,
1262 2838 1413 2901 videlicet
1436 2862 1443 2899 :
1466 2837 1603 2919 qualiter
1626 2856 1709 2901 nova

157 2934 208 3014 qui
221 2942 269 2996 est
282 2934 418 3012 donum,
434 2941 482 2996 est
495 2934 622 2998 habitus
637 2932 901 3016 supernaturalis,
959 2939 1009 3001 lex
1043 2938 1142 3001 veteri
1172 2945 1336 3017 consonat,
1367 2936 1505 3019 qualiter
1532 2944 1597 2999 tota
1626 2936 1709 2998 Scri·

157 3032 305 3113 adquam
326 3032 467 3096 humano
488 3032 593 3095 studio
615 3049 709 3095 nemo
725 3030 940 3114 pertingeret
958 3043 1050 3118 ptura
1065 3036 1127 3098 sihi
1150 3036 1331 3114 concordat,
1349 3034 1508 3116 quomodo
1530 3052 1613 3096 uuus
1634 3033 1708 3095 arti-

157 3130 245 3208 valet,
277 3149 340 3192 nec
371 3130 533 3193 invenitur
559 3129 622 3191 nisi
652 3130 685 3190 in
713 3130 904 3192 habentibus
958 3133 1050 3197 culus
1064 3134 1141 3197 fidei
1158 3153 1194 3197 en
1218 3132 1474 3196 consideratione
1489 3130 1619 3194 alterius
1641 3150 1708 3195 cro-

156 3228 285 3309 gratiam
304 3236 429 3309 gratum
451 3226 743 3306 facientem;alius
758 3246 835 3291 vero
857 3226 904 3289 in·
958 3232 1089 3296 dibilior
1123 3232 1181 3295 fiat
1215 3231 1496 3312 rationabiliorque
1531 3237 1706 3312 appareat;

155 3326 299 3389 tellectus
322 3335 371 3389 est
390 3326 544 3388 naturalis
565 3325 721 3406 perfectio
746 3325 904 3388 universis
958 3331 1117 3411 quomodo
1132 3330 1177 3391 uil
1201 3330 1369 3411 iudignum
1392 3328 1474 3391 fides
1490 3328 1647 3391 catholica
1668 3329 1707 3391 de

155 3425 340 3487 hominibus
362 3424 562 3487 inensistens.
578 3424 708 3503 lterum,
724 3424 904 3487 intellectus
958 3428 1021 3491 Deo
1042 3427 1195 3507 affirmet,
1214 3427 1278 3489 imo
1299 3426 1383 3507 quod
1405 3426 1513 3488 omnia
1534 3443 1603 3506 quae
1626 3424 1708 3487 Scri-

155 3523 206 3603 qui
227 3532 277 3585 est
299 3522 432 3602 donum,
455 3522 541 3585 circa
562 3522 815 3603 supernaturalia
836 3542 904 3585 ver·
958 3534 1051 3608 ptura
1073 3544 1163 3588 sacra
1186 3524 1418 3607 complectitur,
1436 3523 1474 3585 ad
1497 3522 1708 3603 magnificen-

156 3629 239 3683 satur
259 3621 435 3702 principia,
450 3629 527 3702 puta
548 3620 700 3683 articulos
722 3619 811 3698 fidei,
827 3639 905 3701 quo
958 3623 1210 3701 tiam,honorem
1226 3641 1261 3685 ac
1278 3621 1403 3684 laudem
1419 3620 1544 3682 Domini
1560 3620 1705 3683 attinent.

157 3738 224 3780 rum
249 3728 301 3781 est
326 3718 563 3799 cognoscitivus
587 3741 594 3779 ε
618 3718 693 3799 quia
718 3737 776 3800 per
800 3718 904 3799 ipsum
958 3722 1105 3796 Quaedam
1121 3720 1392 3783 enimbonitatem
1408 3727 1439 3781 et
1453 3718 1707 3781 misericordiam

156 3816 245 3879 datur
269 3815 412 3898 Spiritus
440 3817 574 3878 Sanctus
603 3815 714 3891 menti,
742 3815 786 3876 ita
813 3822 848 3876 ut
875 3816 904 3878 ei
959 3820 1029 3901 ejus
1044 3818 1218 3901 prasertim
1234 3817 1469 3897 commendant,
1483 3824 1518 3878 ut
1531 3816 1709 3880 incarnatio

156 3915 298 3978 vicissim
328 3915 374 3977 nil
402 3914 520 3977 certius
547 3914 656 3995 nilque
686 3912 905 3976 rationabilius
959 3918 1054 3980 Verbi
1079 3925 1172 3998 atque
1202 3914 1376 3997 redemptio
1405 3914 1536 3992 mundi3
1563 3915 1707 3995 quadam

155 4013 301 4077 videatur
316 4031 411 4094 quam
433 4012 518 4093 quod
540 4012 605 4073 fide
627 4020 762 4073 tenetur.
779 4011 822 4073 De
844 4030 906 4093 qua
959 4016 1148 4098 sapientiam
1163 4015 1217 4077 Dei
1234 4014 1392 4091 attollunt,
1407 4021 1440 4075 ut
1454 4013 1538 4094 quod
1555 4012 1636 4075 fides
1652 4013 1707 4077 do-

156 4110 241 4176 felici
265 4112 502 4175 illuminatione
523 4110 556 4171 in
577 4110 701 4173 Psalmo
726 4118 871 4172 cantatur
896 4134 903 4172 :
960 4124 1010 4178 cet
1031 4134 1104 4177 eum
1126 4114 1348 4177 universorum
1364 4112 1480 4175 habere
1497 4112 1707 4175 certissimam

58 4242 75 4270 t.
129 4244 143 4280 t,
155 4210 269 4274 Beatus
290 4210 389 4275 homo
409 4228 505 4291 quem
521 4216 554 4270 tu
575 4208 742 4289 erudieris,
759 4208 902 4287 Domine,
920 4212 1297 4294 Ddistinctissimamque
1319 4210 1465 4275 notitiam
1484 4218 1516 4273 et
1539 4210 1708 4293 providen-

40 4292 58 4335 2·
158 4316 188 4372 et
210 4310 251 4372 de
275 4308 349 4391 lege
372 4315 427 4370 tua
445 4306 592 4371 docueris
616 4326 700 4369 eum.
723 4305 906 4370 Intellectus
960 4312 1035 4374 tiam
1065 4310 1245 4393 generalem
1274 4328 1310 4372 ac
1343 4308 1534 4391 specialem;
1564 4310 1707 4390 quadam

157 4426 232 4470 vero
255 4406 313 4487 qui
337 4414 386 4468 est
409 4404 536 4468 habitus
560 4404 725 4483 naturalis,
748 4412 796 4467 est
819 4404 906 4469 circa
960 4428 1036 4472 vero
1064 4407 1246 4473 testimonia
1274 4406 1352 4470 fidei
1380 4402 1522 4469 divinam
1550 4406 1706 4488 justitiam

156 4504 319 4587 principia
332 4523 391 4586 per
411 4522 445 4566 sa
466 4510 551 4566 nota.
569 4502 698 4579 Rursus,
715 4503 835 4564 donum
856 4502 905 4565 in·
960 4527 1083 4571 summe
1105 4506 1279 4585 affirmant,
1301 4514 1335 4567 ut
1355 4504 1440 4585 quod
1461 4522 1518 4585 pro
1539 4522 1603 4567 uno
1624 4522 1708 4567 mor-

154 4603 304 4667 tellectus
319 4600 633 4665 efficitintellectum
647 4600 833 4682 possibilem
848 4622 904 4666 seu
960 4608 1015 4672 tali
1051 4615 1180 4689 peccato
1218 4624 1281 4669 uon
1317 4602 1546 4687 poenitentibus
1580 4621 1707 4684 poenam

155 4706 314 4768 rationem
328 4703 448 4784 optime
470 4687 654 4765 mobilema
675 4700 795 4762 lumine
811 4710 905 4783 atque
959 4717 1110 4771 aeternam
1135 4704 1264 4786 infligit.
1290 4701 1439 4777 Quamvis
1463 4700 1597 4783 proinde
1625 4699 1708 4763 fides

154 4802 283 4865 influxu
309 4801 444 4884 Spiritus
468 4799 597 4875 Sancti3
625 4799 805 4863 intellectus
829 4818 905 4864 vero
960 4806 1134 4869 christiana
1162 4803 1318 4866 rationem
1347 4800 1522 4864 naturalem
1557 4817 1621 4862 non
1653 4798 1709 4861 ha-

153 4902 208 4983 qui
233 4910 285 4963 cst
309 4900 435 4963 habitus
460 4898 626 4977 naturalis,
650 4897 726 4960 facit
749 4897 905 4961 rationem
960 4901 1157 4978 beat,tamen
1173 4918 1230 4981 per
1244 4899 1362 4961 donum
1379 4896 1559 4959 intellectus
1571 4896 1707 4979 Spiritus

153 4999 327 5061 anatumli
344 4998 463 5061 lumine
486 4998 667 5059 intellectus
689 4997 812 5077 agentis
828 4995 905 5058 faci·
961 4998 1094 5061 Sanctus
1109 4998 1207 5059 manti
1231 4997 1376 5059 humanae
1397 4994 1546 5073 ostendit,
1563 4995 1647 5075 quod
1669 4994 1709 5056 fi-

152 5098 227 5161 litor
244 5097 412 5161 mobilem.
432 5096 563 5174 Rursus,
583 5096 703 5158 donum
726 5094 905 5157 intellectus
961 5098 1011 5160 dei
1028 5096 1218 5159 assertiones
1241 5103 1350 5158 contra
1372 5094 1526 5156 rationem
1549 5109 1611 5154 non
1632 5092 1707 5171 sint,

152 5197 323 5259 ordinatur
340 5195 380 5257 ad
399 5196 671 5277 supernaturalem
690 5194 905 5275 cognitionem
961 5197 1017 5259 sed
1038 5214 1154 5277 supra3
1171 5202 1202 5255 et
1217 5192 1363 5274 quamvis
1378 5188 1634 5255 demonstrativis
1657 5208 1708 5251 ca-

151 5293 449 5378 beatitudinemque
481 5302 632 5357 aternam
663 5318 670 5355 :
700 5294 740 5355 ad
770 5312 905 5375 quarum
961 5303 1028 5357 reat
1060 5292 1268 5372 argumentis,
1298 5289 1401 5354 nihilo
1429 5288 1534 5351 miuus
1567 5286 1706 5354 rationes
