<?xml version="1.0" encoding="UTF-8"?>
<!DOCTYPE html PUBLIC "-//W3C//DTD XHTML 1.0 Transitional//EN"
    "http://www.w3.org/TR/xhtml1/DTD/xhtml1-transitional.dtd">
<html xmlns="http://www.w3.org/1999/xhtml" xml:lang="en" lang="en">
 <head>
  <title>
</title>
<meta http-equiv="Content-Type" content="text/html;charset=utf-8" />
  <meta name='ocr-system' content='tesseract 3.04.00' />
  <meta name='ocr-capabilities' content='ocr_page ocr_carea ocr_par ocr_line ocrx_word'/>
</head>
<body>
  <div class='ocr_page' id='page_1' title='image "./doctorisecstati02unkngoog/doctorisecstati02unkngoog_0371.png"; bbox 0 0 4309 6259; ppageno 0'>
   <div class='ocr_carea' id='block_1_1' title="bbox 695 512 1721 577">
    <p class='ocr_par' dir='ltr' id='par_1_1' title="bbox 695 512 1721 577">
     <span class='ocr_line' id='line_1_1' title="bbox 695 512 1721 577; baseline -0.002 -1"><span class='ocrx_word' id='word_1_1' title='bbox 695 528 853 577; x_wconf 79' lang='lat' dir='ltr'>aarosmo</span> <span class='ocrx_word' id='word_1_2' title='bbox 873 528 981 577; x_wconf 80' lang='lat' dir='ltr'>iussn.</span> <span class='ocrx_word' id='word_1_3' title='bbox 1005 546 1045 559; x_wconf 88' lang='lat'>-</span> <span class='ocrx_word' id='word_1_4' title='bbox 1065 530 1135 575; x_wconf 78' lang='lat' dir='ltr'>sur.</span> <span class='ocrx_word' id='word_1_5' title='bbox 1159 530 1201 576; x_wconf 84' lang='lat' dir='ltr'>xx</span> <span class='ocrx_word' id='word_1_6' title='bbox 1643 512 1721 575; x_wconf 78' lang='lat' dir='ltr'>aab</span> 
     </span>
    </p>
   </div>
   <div class='ocr_carea' id='block_1_2' title="bbox 172 694 1724 1959">
    <p class='ocr_par' dir='ltr' id='par_1_2' title="bbox 172 694 1724 1763">
     <span class='ocr_line' id='line_1_2' title="bbox 178 694 1723 781; baseline 0.003 -25"><span class='ocrx_word' id='word_1_7' title='bbox 178 694 492 776; x_wconf 84' lang='lat' dir='ltr'>adquemorationes</span> <span class='ocrx_word' id='word_1_8' title='bbox 512 698 644 763; x_wconf 83' lang='lat' dir='ltr'>canonis</span> <span class='ocrx_word' id='word_1_9' title='bbox 663 699 853 781; x_wconf 85' lang='lat' dir='ltr'>diriguntur,</span> <span class='ocrx_word' id='word_1_10' title='bbox 869 699 1174 781; x_wconf 72' lang='lat' dir='ltr'>sca-Aunigenitum</span> <span class='ocrx_word' id='word_1_11' title='bbox 1207 698 1321 761; x_wconf 83' lang='lat' dir='ltr'>lilium</span> <span class='ocrx_word' id='word_1_12' title='bbox 1357 707 1458 777; x_wconf 93' lang='lat' dir='ltr'>tuum,</span> <span class='ocrx_word' id='word_1_13' title='bbox 1493 698 1598 761; x_wconf 83' lang='lat' dir='ltr'>lesum</span> <span class='ocrx_word' id='word_1_14' title='bbox 1635 697 1723 761; x_wconf 88' lang='lat' dir='ltr'>Chri-</span> 
     </span>
     <span class='ocr_line' id='line_1_3' title="bbox 179 796 1722 879; baseline 0.005 -28"><span class='ocrx_word' id='word_1_15' title='bbox 179 796 335 855; x_wconf 79' lang='lat' dir='ltr'>mutorum</span> <span class='ocrx_word' id='word_1_16' title='bbox 347 797 618 878; x_wconf 78' lang='lat' dir='ltr'>famularumque</span> <span class='ocrx_word' id='word_1_17' title='bbox 631 808 776 860; x_wconf 82' lang='lat' dir='ltr'>tuarum.</span> <span class='ocrx_word' id='word_1_18' title='bbox 792 798 830 860; x_wconf 87' lang='lat' dir='ltr'>Et</span> <span class='ocrx_word' id='word_1_19' title='bbox 844 806 919 861; x_wconf 88' lang='lat' dir='ltr'>tunc</span> <span class='ocrx_word' id='word_1_20' title='bbox 974 806 1069 877; x_wconf 91' lang='lat' dir='ltr'>stum,</span> <span class='ocrx_word' id='word_1_21' title='bbox 1086 798 1253 862; x_wconf 84' lang='lat' dir='ltr'>[lominum</span> <span class='ocrx_word' id='word_1_22' title='bbox 1276 805 1431 877; x_wconf 90' lang='lat' dir='ltr'>nostrum,</span> <span class='ocrx_word' id='word_1_23' title='bbox 1448 816 1504 879; x_wconf 91' lang='lat' dir='ltr'>per</span> <span class='ocrx_word' id='word_1_24' title='bbox 1525 797 1633 861; x_wconf 91' lang='lat' dir='ltr'>omnia</span> <span class='ocrx_word' id='word_1_25' title='bbox 1655 816 1722 879; x_wconf 83' lang='lat' dir='ltr'>my-</span> 
     </span>
     <span class='ocr_line' id='line_1_4' title="bbox 178 892 1721 977; baseline 0.003 -25"><span class='ocrx_word' id='word_1_26' title='bbox 178 892 318 955; x_wconf 86' lang='lat' dir='ltr'>sacerdos</span> <span class='ocrx_word' id='word_1_27' title='bbox 332 893 416 956; x_wconf 90' lang='lat' dir='ltr'>intra</span> <span class='ocrx_word' id='word_1_28' title='bbox 436 913 470 957; x_wconf 91' lang='lat' dir='ltr'>se</span> <span class='ocrx_word' id='word_1_29' title='bbox 490 895 638 977; x_wconf 77' lang='lat' dir='ltr'>exprimit</span> <span class='ocrx_word' id='word_1_30' title='bbox 656 915 713 958; x_wconf 91' lang='lat' dir='ltr'>seu</span> <span class='ocrx_word' id='word_1_31' title='bbox 733 898 850 977; x_wconf 87' lang='lat' dir='ltr'>cogitat</span> <span class='ocrx_word' id='word_1_32' title='bbox 864 916 918 960; x_wconf 91' lang='lat' dir='ltr'>eos</span> <span class='ocrx_word' id='word_1_33' title='bbox 973 895 1070 958; x_wconf 89' lang='lat' dir='ltr'>steria</span> <span class='ocrx_word' id='word_1_34' title='bbox 1091 916 1128 958; x_wconf 87' lang='lat' dir='ltr'>ac</span> <span class='ocrx_word' id='word_1_35' title='bbox 1152 895 1311 959; x_wconf 87' lang='lat' dir='ltr'>beneficia</span> <span class='ocrx_word' id='word_1_36' title='bbox 1336 895 1417 976; x_wconf 85' lang='lat' dir='ltr'>ejus,</span> <span class='ocrx_word' id='word_1_37' title='bbox 1439 913 1496 976; x_wconf 89' lang='lat' dir='ltr'>per</span> <span class='ocrx_word' id='word_1_38' title='bbox 1518 894 1626 958; x_wconf 90' lang='lat' dir='ltr'>omnia</span> <span class='ocrx_word' id='word_1_39' title='bbox 1650 913 1721 975; x_wconf 84' lang='lat' dir='ltr'>quae</span> 
     </span>
     <span class='ocr_line' id='line_1_5' title="bbox 178 989 1723 1076; baseline 0.004 -27"><span class='ocrx_word' id='word_1_40' title='bbox 178 1006 231 1070; x_wconf 94' lang='lat' dir='ltr'>pro</span> <span class='ocrx_word' id='word_1_41' title='bbox 243 989 356 1070; x_wconf 83' lang='lat' dir='ltr'>quihus</span> <span class='ocrx_word' id='word_1_42' title='bbox 370 999 439 1055; x_wconf 87' lang='lat' dir='ltr'>orat</span> <span class='ocrx_word' id='word_1_43' title='bbox 454 991 485 1053; x_wconf 93' lang='lat' dir='ltr'>in</span> <span class='ocrx_word' id='word_1_44' title='bbox 501 992 645 1074; x_wconf 88' lang='lat' dir='ltr'>speciali.</span> <span class='ocrx_word' id='word_1_45' title='bbox 658 993 798 1057; x_wconf 81' lang='lat' dir='ltr'><strong>Dicimus</strong></span> <span class='ocrx_word' id='word_1_46' title='bbox 813 1002 918 1058; x_wconf 91' lang='lat' dir='ltr'>autem</span> <span class='ocrx_word' id='word_1_47' title='bbox 974 1013 1031 1076; x_wconf 92' lang='lat' dir='ltr'>pro</span> <span class='ocrx_word' id='word_1_48' title='bbox 1047 1004 1154 1058; x_wconf 91' lang='lat' dir='ltr'>nostra</span> <span class='ocrx_word' id='word_1_49' title='bbox 1168 995 1268 1057; x_wconf 90' lang='lat' dir='ltr'>salute</span> <span class='ocrx_word' id='word_1_50' title='bbox 1290 993 1366 1056; x_wconf 90' lang='lat' dir='ltr'>fecit</span> <span class='ocrx_word' id='word_1_51' title='bbox 1384 1013 1421 1056; x_wconf 91' lang='lat' dir='ltr'>ac</span> <span class='ocrx_word' id='word_1_52' title='bbox 1441 994 1581 1076; x_wconf 91' lang='lat' dir='ltr'>pertulit,</span> <span class='ocrx_word' id='word_1_53' title='bbox 1597 1012 1654 1075; x_wconf 88' lang='lat' dir='ltr'>per</span> <span class='ocrx_word' id='word_1_54' title='bbox 1669 993 1723 1055; x_wconf 88' lang='lat' dir='ltr'>be·</span> 
     </span>
     <span class='ocr_line' id='line_1_6' title="bbox 177 1086 1720 1174; baseline 0.001 -24"><span class='ocrx_word' id='word_1_55' title='bbox 177 1086 444 1169; x_wconf 82' lang='lat' dir='ltr'>Ileo,«lfemeuto,</span> <span class='ocrx_word' id='word_1_56' title='bbox 452 1090 583 1154; x_wconf 80' lang='lat' dir='ltr'>Domine</span> <span class='ocrx_word' id='word_1_57' title='bbox 592 1091 661 1169; x_wconf 85' lang='lat' dir='ltr'>»,id</span> <span class='ocrx_word' id='word_1_58' title='bbox 675 1100 724 1153; x_wconf 87' lang='lat' dir='ltr'>est</span> <span class='ocrx_word' id='word_1_59' title='bbox 734 1094 915 1156; x_wconf 87' lang='lat' dir='ltr'>recordare:</span> <span class='ocrx_word' id='word_1_60' title='bbox 974 1092 1147 1156; x_wconf 89' lang='lat' dir='ltr'>atissimam</span> <span class='ocrx_word' id='word_1_61' title='bbox 1177 1092 1332 1174; x_wconf 88' lang='lat' dir='ltr'>virginem</span> <span class='ocrx_word' id='word_1_62' title='bbox 1360 1092 1498 1170; x_wconf 84' lang='lat' dir='ltr'>Mariam,</span> <span class='ocrx_word' id='word_1_63' title='bbox 1523 1101 1553 1155; x_wconf 92' lang='lat' dir='ltr'>et</span> <span class='ocrx_word' id='word_1_64' title='bbox 1578 1091 1720 1155; x_wconf 92' lang='lat' dir='ltr'>omnium</span> 
     </span>
     <span class='ocr_line' id='line_1_7' title="bbox 177 1186 1720 1273; baseline 0.003 -28"><span class='ocrx_word' id='word_1_65' title='bbox 177 1202 237 1247; x_wconf 92' lang='lat' dir='ltr'>non</span> <span class='ocrx_word' id='word_1_66' title='bbox 258 1186 343 1267; x_wconf 89' lang='lat' dir='ltr'>quod</span> <span class='ocrx_word' id='word_1_67' title='bbox 367 1186 401 1249; x_wconf 93' lang='lat' dir='ltr'>in</span> <span class='ocrx_word' id='word_1_68' title='bbox 420 1186 520 1250; x_wconf 87' lang='lat' dir='ltr'>Deum</span> <span class='ocrx_word' id='word_1_69' title='bbox 544 1189 637 1251; x_wconf 91' lang='lat' dir='ltr'>cadat</span> <span class='ocrx_word' id='word_1_70' title='bbox 656 1189 787 1269; x_wconf 87' lang='lat' dir='ltr'>oblivio,</span> <span class='ocrx_word' id='word_1_71' title='bbox 808 1190 864 1253; x_wconf 91' lang='lat' dir='ltr'>sed</span> <span class='ocrx_word' id='word_1_72' title='bbox 883 1197 918 1253; x_wconf 90' lang='lat' dir='ltr'>ut</span> <span class='ocrx_word' id='word_1_73' title='bbox 974 1190 1160 1253; x_wconf 89' lang='lat' dir='ltr'>Sanctorum</span> <span class='ocrx_word' id='word_1_74' title='bbox 1186 1209 1296 1273; x_wconf 78' lang='lat' dir='ltr'>preces</span> <span class='ocrx_word' id='word_1_75' title='bbox 1321 1198 1352 1251; x_wconf 91' lang='lat' dir='ltr'>et</span> <span class='ocrx_word' id='word_1_76' title='bbox 1375 1189 1497 1267; x_wconf 88' lang='lat' dir='ltr'>merita,</span> <span class='ocrx_word' id='word_1_77' title='bbox 1519 1190 1557 1251; x_wconf 91' lang='lat' dir='ltr'>ad</span> <span class='ocrx_word' id='word_1_78' title='bbox 1583 1188 1720 1267; x_wconf 89' lang='lat' dir='ltr'>laudem,</span> 
     </span>
     <span class='ocr_line' id='line_1_8' title="bbox 175 1285 1722 1370; baseline 0.003 -25"><span class='ocrx_word' id='word_1_79' title='bbox 175 1301 230 1365; x_wconf 92' lang='lat' dir='ltr'>per</span> <span class='ocrx_word' id='word_1_80' title='bbox 254 1285 383 1348; x_wconf 91' lang='lat' dir='ltr'>modum</span> <span class='ocrx_word' id='word_1_81' title='bbox 412 1288 609 1351; x_wconf 89' lang='lat' dir='ltr'>recordantis</span> <span class='ocrx_word' id='word_1_82' title='bbox 633 1306 667 1351; x_wconf 88' lang='lat' dir='ltr'>se</span> <span class='ocrx_word' id='word_1_83' title='bbox 690 1288 797 1368; x_wconf 88' lang='lat' dir='ltr'>babet,</span> <span class='ocrx_word' id='word_1_84' title='bbox 822 1288 922 1351; x_wconf 82' lang='lat' dir='ltr'>remi-</span> <span class='ocrx_word' id='word_1_85' title='bbox 974 1287 1108 1370; x_wconf 89' lang='lat' dir='ltr'>gloriam</span> <span class='ocrx_word' id='word_1_86' title='bbox 1138 1297 1169 1351; x_wconf 91' lang='lat' dir='ltr'>et</span> <span class='ocrx_word' id='word_1_87' title='bbox 1198 1288 1406 1351; x_wconf 85' lang='lat' dir='ltr'>reverentiam</span> <span class='ocrx_word' id='word_1_88' title='bbox 1436 1286 1722 1370; x_wconf 84' lang='lat' dir='ltr'>superbeatissimae</span> 
     </span>
     <span class='ocr_line' id='line_1_9' title="bbox 174 1381 1724 1468; baseline 0.001 -23"><span class='ocrx_word' id='word_1_89' title='bbox 174 1381 322 1446; x_wconf 88' lang='lat' dir='ltr'>niscendo</span> <span class='ocrx_word' id='word_1_90' title='bbox 337 1384 565 1449; x_wconf 73' lang='lat' dir='ltr'>misericordie</span> <span class='ocrx_word' id='word_1_91' title='bbox 586 1404 663 1465; x_wconf 78' lang='lat' dir='ltr'>suat,</span> <span class='ocrx_word' id='word_1_92' title='bbox 679 1395 711 1449; x_wconf 92' lang='lat' dir='ltr'>et</span> <span class='ocrx_word' id='word_1_93' title='bbox 725 1386 917 1451; x_wconf 87' lang='lat' dir='ltr'>subvenien-</span> <span class='ocrx_word' id='word_1_94' title='bbox 974 1385 1148 1467; x_wconf 69' lang='lat' dir='ltr'>Trinitatis,</span> <span class='ocrx_word' id='word_1_95' title='bbox 1173 1406 1230 1468; x_wconf 92' lang='lat' dir='ltr'>per</span> <span class='ocrx_word' id='word_1_96' title='bbox 1253 1404 1381 1451; x_wconf 91' lang='lat' dir='ltr'>omnem</span> <span class='ocrx_word' id='word_1_97' title='bbox 1407 1385 1591 1464; x_wconf 87' lang='lat' dir='ltr'>bonitatem,</span> <span class='ocrx_word' id='word_1_98' title='bbox 1614 1384 1724 1449; x_wconf 71' lang='lat' dir='ltr'>carim</span> 
     </span>
     <span class='ocr_line' id='line_1_10' title="bbox 173 1479 1723 1568; baseline 0.005 -28"><span class='ocrx_word' id='word_1_99' title='bbox 173 1480 211 1543; x_wconf 95' lang='lat' dir='ltr'>do</span> <span class='ocrx_word' id='word_1_100' title='bbox 229 1479 260 1543; x_wconf 95' lang='lat' dir='ltr'>in</span> <span class='ocrx_word' id='word_1_101' title='bbox 280 1482 368 1544; x_wconf 94' lang='lat' dir='ltr'>omni</span> <span class='ocrx_word' id='word_1_102' title='bbox 388 1482 591 1547; x_wconf 82' lang='lat' dir='ltr'>tribulatione</span> <span class='ocrx_word' id='word_1_103' title='bbox 613 1492 645 1546; x_wconf 91' lang='lat' dir='ltr'>et</span> <span class='ocrx_word' id='word_1_104' title='bbox 665 1484 863 1564; x_wconf 73' lang='lat' dir='ltr'>necessitate,</span> <span class='ocrx_word' id='word_1_105' title='bbox 884 1492 916 1548; x_wconf 92' lang='lat' dir='ltr'>et</span> <span class='ocrx_word' id='word_1_106' title='bbox 974 1491 1051 1563; x_wconf 86' lang='lat' dir='ltr'>tem,</span> <span class='ocrx_word' id='word_1_107' title='bbox 1073 1484 1324 1549; x_wconf 87' lang='lat' dir='ltr'>misericordiam</span> <span class='ocrx_word' id='word_1_108' title='bbox 1346 1493 1377 1548; x_wconf 91' lang='lat' dir='ltr'>et</span> <span class='ocrx_word' id='word_1_109' title='bbox 1398 1484 1630 1568; x_wconf 85' lang='lat' dir='ltr'>plenitudinem</span> <span class='ocrx_word' id='word_1_110' title='bbox 1652 1482 1723 1566; x_wconf 88' lang='lat' dir='ltr'>ejus</span> 
     </span>
     <span class='ocr_line' id='line_1_11' title="bbox 173 1577 1723 1665; baseline 0.002 -25"><span class='ocrx_word' id='word_1_111' title='bbox 173 1577 337 1643; x_wconf 89' lang='lat' dir='ltr'>tribuendo</span> <span class='ocrx_word' id='word_1_112' title='bbox 350 1582 436 1645; x_wconf 82' lang='lat' dir='ltr'>dona</span> <span class='ocrx_word' id='word_1_113' title='bbox 447 1580 618 1663; x_wconf 89' lang='lat' dir='ltr'>gratiarum</span> <span class='ocrx_word' id='word_1_114' title='bbox 632 1601 703 1663; x_wconf 79' lang='lat' dir='ltr'>quta</span> <span class='ocrx_word' id='word_1_115' title='bbox 717 1584 917 1664; x_wconf 90' lang='lat' dir='ltr'>postulantur</span> <span class='ocrx_word' id='word_1_116' title='bbox 974 1601 1070 1664; x_wconf 90' lang='lat' dir='ltr'>super</span> <span class='ocrx_word' id='word_1_117' title='bbox 1089 1602 1184 1647; x_wconf 90' lang='lat' dir='ltr'>omne</span> <span class='ocrx_word' id='word_1_118' title='bbox 1203 1601 1304 1665; x_wconf 89' lang='lat' dir='ltr'>genus</span> <span class='ocrx_word' id='word_1_119' title='bbox 1322 1583 1511 1661; x_wconf 90' lang='lat' dir='ltr'>humanum,</span> <span class='ocrx_word' id='word_1_120' title='bbox 1528 1590 1657 1664; x_wconf 91' lang='lat' dir='ltr'>propter</span> <span class='ocrx_word' id='word_1_121' title='bbox 1675 1582 1723 1643; x_wconf 91' lang='lat' dir='ltr'>in-</span> 
     </span>
     <span class='ocr_line' id='line_1_12' title="bbox 172 1676 1724 1763; baseline 0.003 -24"><span class='ocrx_word' id='word_1_122' title='bbox 172 1676 309 1759; x_wconf 91' lang='lat' dir='ltr'>abipso.</span> <span class='ocrx_word' id='word_1_123' title='bbox 973 1681 1101 1744; x_wconf 89' lang='lat' dir='ltr'>finitam</span> <span class='ocrx_word' id='word_1_124' title='bbox 1123 1681 1363 1763; x_wconf 80' lang='lat' dir='ltr'>perfectionem,</span> <span class='ocrx_word' id='word_1_125' title='bbox 1381 1682 1581 1744; x_wconf 77' lang='lat' dir='ltr'>sanctitatem</span> <span class='ocrx_word' id='word_1_126' title='bbox 1603 1688 1635 1743; x_wconf 91' lang='lat' dir='ltr'>et</span> <span class='ocrx_word' id='word_1_127' title='bbox 1656 1681 1724 1761; x_wconf 91' lang='lat' dir='ltr'>glo-</span> 
     </span>
    </p>

    <p class='ocr_par' dir='ltr' id='par_1_3' title="bbox 173 1775 1723 1959">
     <span class='ocr_line' id='line_1_13' title="bbox 210 1775 1723 1862; baseline 0.002 -23"><span class='ocrx_word' id='word_1_128' title='bbox 210 1775 267 1838; x_wconf 88' lang='lat' dir='ltr'>Sed</span> <span class='ocrx_word' id='word_1_129' title='bbox 287 1795 387 1857; x_wconf 91' lang='lat' dir='ltr'>quum</span> <span class='ocrx_word' id='word_1_130' title='bbox 408 1777 441 1839; x_wconf 92' lang='lat' dir='ltr'>in</span> <span class='ocrx_word' id='word_1_131' title='bbox 461 1796 583 1841; x_wconf 90' lang='lat' dir='ltr'>canone</span> <span class='ocrx_word' id='word_1_132' title='bbox 602 1777 716 1841; x_wconf 90' lang='lat' dir='ltr'>debeat</span> <span class='ocrx_word' id='word_1_133' title='bbox 736 1777 917 1842; x_wconf 89' lang='lat' dir='ltr'>intellectus</span> <span class='ocrx_word' id='word_1_134' title='bbox 972 1780 1052 1843; x_wconf 89' lang='lat' dir='ltr'>riam</span> <span class='ocrx_word' id='word_1_135' title='bbox 1074 1780 1156 1861; x_wconf 81' lang='lat' dir='ltr'>ejus,</span> <span class='ocrx_word' id='word_1_136' title='bbox 1173 1787 1303 1862; x_wconf 92' lang='lat' dir='ltr'>propter</span> <span class='ocrx_word' id='word_1_137' title='bbox 1318 1797 1444 1843; x_wconf 91' lang='lat' dir='ltr'>omnem</span> <span class='ocrx_word' id='word_1_138' title='bbox 1461 1778 1723 1843; x_wconf 87' lang='lat' dir='ltr'>communicatio-</span> 
     </span>
     <span class='ocr_line' id='line_1_14' title="bbox 173 1874 1723 1959; baseline 0.003 -24"><span class='ocrx_word' id='word_1_139' title='bbox 173 1874 342 1939; x_wconf 91' lang='lat' dir='ltr'>sacerdotis</span> <span class='ocrx_word' id='word_1_140' title='bbox 371 1876 506 1938; x_wconf 82' lang='lat' dir='ltr'>maxime</span> <span class='ocrx_word' id='word_1_141' title='bbox 539 1896 610 1939; x_wconf 88' lang='lat' dir='ltr'>esse</span> <span class='ocrx_word' id='word_1_142' title='bbox 644 1876 760 1939; x_wconf 87' lang='lat' dir='ltr'>divinis</span> <span class='ocrx_word' id='word_1_143' title='bbox 797 1876 1046 1941; x_wconf 80' lang='lat' dir='ltr'>inlixuanem</span> <span class='ocrx_word' id='word_1_144' title='bbox 1061 1886 1093 1941; x_wconf 90' lang='lat' dir='ltr'>et</span> <span class='ocrx_word' id='word_1_145' title='bbox 1108 1878 1341 1941; x_wconf 89' lang='lat' dir='ltr'>emanationem</span> <span class='ocrx_word' id='word_1_146' title='bbox 1356 1878 1427 1958; x_wconf 85' lang='lat' dir='ltr'>ejus</span> <span class='ocrx_word' id='word_1_147' title='bbox 1438 1878 1477 1941; x_wconf 89' lang='lat' dir='ltr'>ad</span> <span class='ocrx_word' id='word_1_148' title='bbox 1493 1878 1585 1955; x_wconf 89' lang='lat' dir='ltr'>intra,</span> <span class='ocrx_word' id='word_1_149' title='bbox 1594 1886 1723 1959; x_wconf 86' lang='lat' dir='ltr'>propter</span> 
     </span>
    </p>
   </div>
   <div class='ocr_carea' id='block_1_3' title="bbox 58 1974 1722 2060">
    <p class='ocr_par' dir='ltr' id='par_1_4' title="bbox 58 1974 1722 2060">
     <span class='ocr_line' id='line_1_15' title="bbox 58 1974 1722 2060; baseline 0.002 -25"><span class='ocrx_word' id='word_1_150' title='bbox 58 2027 62 2035; x_wconf 95' lang='lat'>.</span> <span class='ocrx_word' id='word_1_151' title='bbox 172 1979 261 2053; x_wconf 82' lang='lat' dir='ltr'>atque</span> <span class='ocrx_word' id='word_1_152' title='bbox 284 1974 448 2037; x_wconf 88' lang='lat' dir='ltr'>sensibilia</span> <span class='ocrx_word' id='word_1_153' title='bbox 469 1975 631 2055; x_wconf 88' lang='lat' dir='ltr'>deserens,</span> <span class='ocrx_word' id='word_1_154' title='bbox 652 1974 770 2037; x_wconf 87' lang='lat' dir='ltr'>mimm</span> <span class='ocrx_word' id='word_1_155' title='bbox 792 1976 917 2038; x_wconf 84' lang='lat' dir='ltr'>videtur</span> <span class='ocrx_word' id='word_1_156' title='bbox 972 1977 1285 2060; x_wconf 87' lang='lat' dir='ltr'>superbeatissimam</span> <span class='ocrx_word' id='word_1_157' title='bbox 1315 1985 1347 2039; x_wconf 89' lang='lat' dir='ltr'>et</span> <span class='ocrx_word' id='word_1_158' title='bbox 1370 1985 1519 2041; x_wconf 77' lang='lat' dir='ltr'>aternam</span> <span class='ocrx_word' id='word_1_159' title='bbox 1546 1976 1722 2041; x_wconf 90' lang='lat' dir='ltr'>consisten-</span> 
     </span>
    </p>
   </div>
   <div class='ocr_carea' id='block_1_4' title="bbox 172 2071 1723 2449">
    <p class='ocr_par' dir='ltr' id='par_1_5' title="bbox 172 2071 1723 2449">
     <span class='ocr_line' id='line_1_16' title="bbox 173 2071 1718 2157; baseline 0.003 -25"><span class='ocrx_word' id='word_1_160' title='bbox 173 2071 308 2151; x_wconf 85' lang='lat' dir='ltr'>quadiu</span> <span class='ocrx_word' id='word_1_161' title='bbox 332 2072 393 2135; x_wconf 86' lang='lat' dir='ltr'>hoe</span> <span class='ocrx_word' id='word_1_162' title='bbox 418 2072 489 2136; x_wconf 93' lang='lat' dir='ltr'>loco</span> <span class='ocrx_word' id='word_1_163' title='bbox 514 2072 552 2134; x_wconf 83' lang='lat' dir='ltr'>frt</span> <span class='ocrx_word' id='word_1_164' title='bbox 576 2073 730 2136; x_wconf 90' lang='lat' dir='ltr'>memoria</span> <span class='ocrx_word' id='word_1_165' title='bbox 750 2074 916 2137; x_wconf 93' lang='lat' dir='ltr'>bominum</span> <span class='ocrx_word' id='word_1_166' title='bbox 972 2075 1049 2138; x_wconf 91' lang='lat' dir='ltr'>tiam</span> <span class='ocrx_word' id='word_1_167' title='bbox 1073 2076 1156 2157; x_wconf 87' lang='lat' dir='ltr'>ejus,</span> <span class='ocrx_word' id='word_1_168' title='bbox 1182 2077 1224 2140; x_wconf 93' lang='lat' dir='ltr'>ob</span> <span class='ocrx_word' id='word_1_169' title='bbox 1247 2095 1375 2140; x_wconf 94' lang='lat' dir='ltr'>omnem</span> <span class='ocrx_word' id='word_1_170' title='bbox 1405 2076 1608 2139; x_wconf 91' lang='lat' dir='ltr'>dilectionem</span> <span class='ocrx_word' id='word_1_171' title='bbox 1637 2074 1718 2155; x_wconf 88' lang='lat' dir='ltr'>ejus,</span> 
     </span>
     <span class='ocr_line' id='line_1_17' title="bbox 172 2168 1723 2256; baseline 0.003 -26"><span class='ocrx_word' id='word_1_172' title='bbox 172 2168 203 2229; x_wconf 92' lang='lat' dir='ltr'>in</span> <span class='ocrx_word' id='word_1_173' title='bbox 224 2188 318 2232; x_wconf 90' lang='lat' dir='ltr'>carne</span> <span class='ocrx_word' id='word_1_174' title='bbox 341 2170 529 2249; x_wconf 88' lang='lat' dir='ltr'>viventium,</span> <span class='ocrx_word' id='word_1_175' title='bbox 549 2190 648 2252; x_wconf 89' lang='lat' dir='ltr'>quum</span> <span class='ocrx_word' id='word_1_176' title='bbox 671 2172 742 2233; x_wconf 92' lang='lat' dir='ltr'>talis</span> <span class='ocrx_word' id='word_1_177' title='bbox 764 2172 918 2235; x_wconf 88' lang='lat' dir='ltr'>memoria</span> <span class='ocrx_word' id='word_1_178' title='bbox 972 2180 1115 2235; x_wconf 89' lang='lat' dir='ltr'>mutuam</span> <span class='ocrx_word' id='word_1_179' title='bbox 1145 2174 1358 2253; x_wconf 86' lang='lat' dir='ltr'>intuitionem,</span> <span class='ocrx_word' id='word_1_180' title='bbox 1390 2172 1656 2256; x_wconf 87' lang='lat' dir='ltr'>complacentiam</span> <span class='ocrx_word' id='word_1_181' title='bbox 1691 2181 1723 2235; x_wconf 91' lang='lat' dir='ltr'>et</span> 
     </span>
     <span class='ocr_line' id='line_1_18' title="bbox 172 2268 1722 2351; baseline 0.003 -23"><span class='ocrx_word' id='word_1_182' title='bbox 172 2268 468 2351; x_wconf 86' lang='lat' dir='ltr'>contemplationem</span> <span class='ocrx_word' id='word_1_183' title='bbox 483 2268 638 2351; x_wconf 90' lang='lat' dir='ltr'>impedire</span> <span class='ocrx_word' id='word_1_184' title='bbox 652 2277 683 2332; x_wconf 89' lang='lat' dir='ltr'>et</span> <span class='ocrx_word' id='word_1_185' title='bbox 697 2270 916 2351; x_wconf 85' lang='lat' dir='ltr'>evagationem</span> <span class='ocrx_word' id='word_1_186' title='bbox 972 2270 1169 2349; x_wconf 77' lang='lat' dir='ltr'>fruitionem,</span> <span class='ocrx_word' id='word_1_187' title='bbox 1196 2279 1228 2335; x_wconf 93' lang='lat' dir='ltr'>ot</span> <span class='ocrx_word' id='word_1_188' title='bbox 1255 2271 1297 2334; x_wconf 93' lang='lat' dir='ltr'>ob</span> <span class='ocrx_word' id='word_1_189' title='bbox 1321 2290 1448 2335; x_wconf 91' lang='lat' dir='ltr'>omnem</span> <span class='ocrx_word' id='word_1_190' title='bbox 1478 2271 1633 2335; x_wconf 91' lang='lat' dir='ltr'>rationem</span> <span class='ocrx_word' id='word_1_191' title='bbox 1658 2290 1722 2333; x_wconf 74' lang='lat' dir='ltr'>sua</span> 
     </span>
     <span class='ocr_line' id='line_1_19' title="bbox 172 2364 1723 2449; baseline 0.004 -24"><span class='ocrx_word' id='word_1_192' title='bbox 172 2364 319 2429; x_wconf 86' lang='lat' dir='ltr'>inducere</span> <span class='ocrx_word' id='word_1_193' title='bbox 344 2367 454 2430; x_wconf 81' lang='lat' dir='ltr'>soleat.</span> <span class='ocrx_word' id='word_1_194' title='bbox 477 2368 515 2430; x_wconf 86' lang='lat' dir='ltr'>Et</span> <span class='ocrx_word' id='word_1_195' title='bbox 539 2369 807 2449; x_wconf 87' lang='lat' dir='ltr'>respondendum,</span> <span class='ocrx_word' id='word_1_196' title='bbox 832 2368 917 2449; x_wconf 88' lang='lat' dir='ltr'>quod</span> <span class='ocrx_word' id='word_1_197' title='bbox 971 2378 1089 2432; x_wconf 72' lang='lat' dir='ltr'>mutua</span> <span class='ocrx_word' id='word_1_198' title='bbox 1104 2368 1307 2433; x_wconf 88' lang='lat' dir='ltr'>dilectionis:</span> <span class='ocrx_word' id='word_1_199' title='bbox 1325 2387 1476 2431; x_wconf 88' lang='lat' dir='ltr'>succurre</span> <span class='ocrx_word' id='word_1_200' title='bbox 1493 2368 1650 2430; x_wconf 77' lang='lat' dir='ltr'>universe</span> <span class='ocrx_word' id='word_1_201' title='bbox 1666 2368 1723 2431; x_wconf 87' lang='lat' dir='ltr'>Ec-</span> 
     </span>
    </p>
   </div>
   <div class='ocr_carea' id='block_1_5' title="bbox 169 2463 1723 3137">
    <p class='ocr_par' dir='ltr' id='par_1_6' title="bbox 169 2463 1723 3137">
     <span class='ocr_line' id='line_1_20' title="bbox 170 2463 1723 2549; baseline 0.003 -24"><span class='ocrx_word' id='word_1_202' title='bbox 170 2463 220 2527; x_wconf 90' lang='lat' dir='ltr'>bic</span> <span class='ocrx_word' id='word_1_203' title='bbox 243 2463 283 2526; x_wconf 94' lang='lat' dir='ltr'>fit</span> <span class='ocrx_word' id='word_1_204' title='bbox 304 2464 537 2530; x_wconf 87' lang='lat' dir='ltr'>rationabiliter</span> <span class='ocrx_word' id='word_1_205' title='bbox 560 2466 706 2529; x_wconf 91' lang='lat' dir='ltr'>vivorum</span> <span class='ocrx_word' id='word_1_206' title='bbox 732 2466 914 2530; x_wconf 89' lang='lat' dir='ltr'>memoria:</span> <span class='ocrx_word' id='word_1_207' title='bbox 972 2467 1077 2530; x_wconf 76' lang='lat' dir='ltr'>clesiat</span> <span class='ocrx_word' id='word_1_208' title='bbox 1096 2476 1168 2549; x_wconf 80' lang='lat' dir='ltr'>tuae,</span> <span class='ocrx_word' id='word_1_209' title='bbox 1189 2468 1229 2529; x_wconf 91' lang='lat' dir='ltr'>da</span> <span class='ocrx_word' id='word_1_210' title='bbox 1250 2468 1279 2529; x_wconf 92' lang='lat' dir='ltr'>ei</span> <span class='ocrx_word' id='word_1_211' title='bbox 1302 2466 1465 2547; x_wconf 88' lang='lat' dir='ltr'>unionem,</span> <span class='ocrx_word' id='word_1_212' title='bbox 1487 2484 1598 2548; x_wconf 89' lang='lat' dir='ltr'>paoem</span> <span class='ocrx_word' id='word_1_213' title='bbox 1620 2474 1651 2528; x_wconf 89' lang='lat' dir='ltr'>et</span> <span class='ocrx_word' id='word_1_214' title='bbox 1676 2485 1723 2529; x_wconf 79' lang='lat' dir='ltr'>re</span> 
     </span>
     <span class='ocr_line' id='line_1_21' title="bbox 170 2560 1723 2646; baseline 0.003 -23"><span class='ocrx_word' id='word_1_215' title='bbox 170 2560 223 2623; x_wconf 86' lang='lat' dir='ltr'>sed</span> <span class='ocrx_word' id='word_1_216' title='bbox 247 2580 287 2624; x_wconf 89' lang='lat' dir='ltr'>ne</span> <span class='ocrx_word' id='word_1_217' title='bbox 312 2562 387 2623; x_wconf 90' lang='lat' dir='ltr'>talis</span> <span class='ocrx_word' id='word_1_218' title='bbox 410 2562 565 2627; x_wconf 88' lang='lat' dir='ltr'>memoria</span> <span class='ocrx_word' id='word_1_219' title='bbox 589 2562 792 2627; x_wconf 90' lang='lat' dir='ltr'>devotionem</span> <span class='ocrx_word' id='word_1_220' title='bbox 817 2564 918 2645; x_wconf 87' lang='lat' dir='ltr'>impe-</span> <span class='ocrx_word' id='word_1_221' title='bbox 971 2563 1195 2628; x_wconf 88' lang='lat' dir='ltr'>formationem</span> <span class='ocrx_word' id='word_1_222' title='bbox 1217 2565 1248 2627; x_wconf 91' lang='lat' dir='ltr'>in</span> <span class='ocrx_word' id='word_1_223' title='bbox 1269 2565 1437 2642; x_wconf 89' lang='lat' dir='ltr'>omuibus;</span> <span class='ocrx_word' id='word_1_224' title='bbox 1455 2564 1604 2626; x_wconf 91' lang='lat' dir='ltr'>infideles</span> <span class='ocrx_word' id='word_1_225' title='bbox 1625 2564 1723 2646; x_wconf 90' lang='lat' dir='ltr'>repri-</span> 
     </span>
     <span class='ocr_line' id='line_1_22' title="bbox 169 2652 1723 2745; baseline 0.003 -25"><span class='ocrx_word' id='word_1_226' title='bbox 169 2659 243 2738; x_wconf 91' lang='lat' dir='ltr'>diat,</span> <span class='ocrx_word' id='word_1_227' title='bbox 279 2660 332 2723; x_wconf 84' lang='lat' dir='ltr'>vel</span> <span class='ocrx_word' id='word_1_228' title='bbox 371 2660 611 2724; x_wconf 85' lang='lat' dir='ltr'>distractionem</span> <span class='ocrx_word' id='word_1_229' title='bbox 647 2662 788 2741; x_wconf 86' lang='lat' dir='ltr'>inducat,</span> <span class='ocrx_word' id='word_1_230' title='bbox 825 2670 916 2725; x_wconf 88' lang='lat' dir='ltr'>caute</span> <span class='ocrx_word' id='word_1_231' title='bbox 972 2682 1023 2727; x_wconf 91' lang='lat' dir='ltr'>me</span> <span class='ocrx_word' id='word_1_232' title='bbox 1037 2671 1070 2726; x_wconf 90' lang='lat' dir='ltr'>et</span> <span class='ocrx_word' id='word_1_233' title='bbox 1084 2652 1251 2741; x_wconf 74' lang='lat' dir='ltr'>conuerte3</span> <span class='ocrx_word' id='word_1_234' title='bbox 1265 2663 1415 2725; x_wconf 89' lang='lat' dir='ltr'>miserere</span> <span class='ocrx_word' id='word_1_235' title='bbox 1431 2662 1578 2727; x_wconf 93' lang='lat' dir='ltr'>omnibus</span> <span class='ocrx_word' id='word_1_236' title='bbox 1593 2663 1723 2745; x_wconf 89' lang='lat' dir='ltr'>propin-</span> 
     </span>
     <span class='ocr_line' id='line_1_23' title="bbox 170 2758 1721 2842; baseline 0 -23"><span class='ocrx_word' id='word_1_237' title='bbox 170 2758 288 2839; x_wconf 87' lang='lat' dir='ltr'>agcnda</span> <span class='ocrx_word' id='word_1_238' title='bbox 315 2766 377 2836; x_wconf 90' lang='lat' dir='ltr'>est,</span> <span class='ocrx_word' id='word_1_239' title='bbox 403 2777 467 2822; x_wconf 93' lang='lat' dir='ltr'>non</span> <span class='ocrx_word' id='word_1_240' title='bbox 495 2758 592 2821; x_wconf 91' lang='lat' dir='ltr'>nimis</span> <span class='ocrx_word' id='word_1_241' title='bbox 616 2759 815 2823; x_wconf 90' lang='lat' dir='ltr'>immorando</span> <span class='ocrx_word' id='word_1_242' title='bbox 842 2777 917 2823; x_wconf 89' lang='lat' dir='ltr'>con·</span> <span class='ocrx_word' id='word_1_243' title='bbox 971 2759 1056 2842; x_wconf 91' lang='lat' dir='ltr'>quis,</span> <span class='ocrx_word' id='word_1_244' title='bbox 1076 2761 1257 2823; x_wconf 87' lang='lat' dir='ltr'>commissis</span> <span class='ocrx_word' id='word_1_245' title='bbox 1283 2769 1314 2823; x_wconf 91' lang='lat' dir='ltr'>ct</span> <span class='ocrx_word' id='word_1_246' title='bbox 1343 2759 1600 2823; x_wconf 83' lang='lat' dir='ltr'>benefactoribus</span> <span class='ocrx_word' id='word_1_247' title='bbox 1629 2758 1721 2838; x_wconf 90' lang='lat' dir='ltr'>meis,</span> 
     </span>
     <span class='ocr_line' id='line_1_24' title="bbox 170 2855 1722 2940; baseline 0.001 -23"><span class='ocrx_word' id='word_1_248' title='bbox 170 2855 353 2919; x_wconf 89' lang='lat' dir='ltr'>siderationi</span> <span class='ocrx_word' id='word_1_249' title='bbox 367 2858 646 2938; x_wconf 89' lang='lat' dir='ltr'>personarum,vel</span> <span class='ocrx_word' id='word_1_250' title='bbox 662 2858 917 2921; x_wconf 89' lang='lat' dir='ltr'>circumstantia·</span> <span class='ocrx_word' id='word_1_251' title='bbox 971 2858 1153 2940; x_wconf 82' lang='lat' dir='ltr'>specialiter</span> <span class='ocrx_word' id='word_1_252' title='bbox 1180 2858 1245 2921; x_wconf 91' lang='lat' dir='ltr'>illis</span> <span class='ocrx_word' id='word_1_253' title='bbox 1274 2865 1305 2921; x_wconf 91' lang='lat' dir='ltr'>et</span> <span class='ocrx_word' id='word_1_254' title='bbox 1334 2858 1410 2938; x_wconf 91' lang='lat' dir='ltr'>illis,</span> <span class='ocrx_word' id='word_1_255' title='bbox 1436 2857 1570 2921; x_wconf 89' lang='lat' dir='ltr'>etmihi</span> <span class='ocrx_word' id='word_1_256' title='bbox 1597 2857 1657 2938; x_wconf 90' lang='lat' dir='ltr'>ipsi</span> <span class='ocrx_word' id='word_1_257' title='bbox 1682 2857 1722 2918; x_wconf 91' lang='lat' dir='ltr'>da</span> 
     </span>
     <span class='ocr_line' id='line_1_25' title="bbox 170 2955 1720 3037; baseline 0.002 -24"><span class='ocrx_word' id='word_1_258' title='bbox 170 2972 237 3015; x_wconf 92' lang='lat' dir='ltr'>rum</span> <span class='ocrx_word' id='word_1_259' title='bbox 261 2964 294 3019; x_wconf 90' lang='lat' dir='ltr'>et</span> <span class='ocrx_word' id='word_1_260' title='bbox 316 2974 425 3018; x_wconf 89' lang='lat' dir='ltr'>remm</span> <span class='ocrx_word' id='word_1_261' title='bbox 448 2975 518 3037; x_wconf 80' lang='lat' dir='ltr'>qun</span> <span class='ocrx_word' id='word_1_262' title='bbox 543 2976 597 3019; x_wconf 91' lang='lat' dir='ltr'>eas</span> <span class='ocrx_word' id='word_1_263' title='bbox 621 2966 838 3035; x_wconf 81' lang='lat' dir='ltr'>concemunt3</span> <span class='ocrx_word' id='word_1_264' title='bbox 861 2957 917 3019; x_wconf 89' lang='lat' dir='ltr'>sed</span> <span class='ocrx_word' id='word_1_265' title='bbox 971 2957 1226 3020; x_wconf 89' lang='lat' dir='ltr'>emendationem</span> <span class='ocrx_word' id='word_1_266' title='bbox 1250 2965 1281 3019; x_wconf 93' lang='lat' dir='ltr'>et</span> <span class='ocrx_word' id='word_1_267' title='bbox 1307 2956 1565 3021; x_wconf 89' lang='lat' dir='ltr'>reformationem</span> <span class='ocrx_word' id='word_1_268' title='bbox 1594 2955 1627 3017; x_wconf 91' lang='lat' dir='ltr'>in</span> <span class='ocrx_word' id='word_1_269' title='bbox 1652 2973 1720 3018; x_wconf 94' lang='lat' dir='ltr'>om-</span> 
     </span>
     <span class='ocr_line' id='line_1_26' title="bbox 170 3051 1722 3137; baseline 0 -23"><span class='ocrx_word' id='word_1_270' title='bbox 170 3054 272 3133; x_wconf 91' lang='lat' dir='ltr'>potius</span> <span class='ocrx_word' id='word_1_271' title='bbox 287 3054 322 3115; x_wconf 90' lang='lat' dir='ltr'>in</span> <span class='ocrx_word' id='word_1_272' title='bbox 345 3054 506 3136; x_wconf 91' lang='lat' dir='ltr'>principio</span> <span class='ocrx_word' id='word_1_273' title='bbox 525 3054 623 3137; x_wconf 89' lang='lat' dir='ltr'>hujus</span> <span class='ocrx_word' id='word_1_274' title='bbox 642 3056 804 3119; x_wconf 80' lang='lat' dir='ltr'>memoriae</span> <span class='ocrx_word' id='word_1_275' title='bbox 823 3056 918 3119; x_wconf 88' lang='lat' dir='ltr'>debet</span> <span class='ocrx_word' id='word_1_276' title='bbox 934 3053 1077 3133; x_wconf 83' lang='lat' dir='ltr'>cuibus,</span> <span class='ocrx_word' id='word_1_277' title='bbox 1101 3072 1228 3119; x_wconf 90' lang='lat' dir='ltr'>omnem</span> <span class='ocrx_word' id='word_1_278' title='bbox 1252 3054 1397 3137; x_wconf 76' lang='lat' dir='ltr'>gratiam,</span> <span class='ocrx_word' id='word_1_279' title='bbox 1420 3054 1569 3117; x_wconf 91' lang='lat' dir='ltr'>virtutem</span> <span class='ocrx_word' id='word_1_280' title='bbox 1594 3060 1625 3116; x_wconf 92' lang='lat' dir='ltr'>et</span> <span class='ocrx_word' id='word_1_281' title='bbox 1650 3051 1722 3115; x_wconf 92' lang='lat' dir='ltr'>effi-</span> 
     </span>
    </p>
   </div>
   <div class='ocr_carea' id='block_1_6' title="bbox 164 3151 1878 5399">
    <p class='ocr_par' dir='ltr' id='par_1_7' title="bbox 164 3151 1878 5399">
     <span class='ocr_line' id='line_1_27' title="bbox 168 3151 1723 3236; baseline 0.001 -24"><span class='ocrx_word' id='word_1_282' title='bbox 168 3153 312 3217; x_wconf 87' lang='lat' dir='ltr'>sacerdos</span> <span class='ocrx_word' id='word_1_283' title='bbox 341 3152 471 3216; x_wconf 88' lang='lat' dir='ltr'>oculum</span> <span class='ocrx_word' id='word_1_284' title='bbox 506 3152 612 3217; x_wconf 89' lang='lat' dir='ltr'>cordis</span> <span class='ocrx_word' id='word_1_285' title='bbox 643 3154 692 3216; x_wconf 92' lang='lat' dir='ltr'>sui</span> <span class='ocrx_word' id='word_1_286' title='bbox 722 3154 917 3236; x_wconf 88' lang='lat' dir='ltr'>contempla·</span> <span class='ocrx_word' id='word_1_287' title='bbox 971 3152 1093 3215; x_wconf 90' lang='lat' dir='ltr'>caciam</span> <span class='ocrx_word' id='word_1_288' title='bbox 1108 3152 1204 3234; x_wconf 83' lang='lat' dir='ltr'>hujus</span> <span class='ocrx_word' id='word_1_289' title='bbox 1221 3152 1397 3217; x_wconf 88' lang='lat' dir='ltr'>beatissimi</span> <span class='ocrx_word' id='word_1_290' title='bbox 1412 3151 1615 3215; x_wconf 84' lang='lat' dir='ltr'>sacramenti.</span> <span class='ocrx_word' id='word_1_291' title='bbox 1632 3151 1723 3214; x_wconf 83' lang='lat' dir='ltr'>Juxta</span> 
     </span>
     <span class='ocr_line' id='line_1_28' title="bbox 168 3249 1723 3334; baseline 0.003 -26"><span class='ocrx_word' id='word_1_292' title='bbox 168 3249 243 3313; x_wconf 91' lang='lat' dir='ltr'>tioni</span> <span class='ocrx_word' id='word_1_293' title='bbox 268 3250 326 3314; x_wconf 87' lang='lat' dir='ltr'>Dei</span> <span class='ocrx_word' id='word_1_294' title='bbox 348 3251 555 3315; x_wconf 87' lang='lat' dir='ltr'>vehementer</span> <span class='ocrx_word' id='word_1_295' title='bbox 576 3251 725 3333; x_wconf 90' lang='lat' dir='ltr'>infigere,</span> <span class='ocrx_word' id='word_1_296' title='bbox 748 3252 916 3334; x_wconf 87' lang='lat' dir='ltr'>cogitando</span> <span class='ocrx_word' id='word_1_297' title='bbox 970 3250 1056 3315; x_wconf 90' lang='lat' dir='ltr'>bunc</span> <span class='ocrx_word' id='word_1_298' title='bbox 1076 3252 1207 3315; x_wconf 92' lang='lat' dir='ltr'>modum</span> <span class='ocrx_word' id='word_1_299' title='bbox 1226 3260 1332 3315; x_wconf 89' lang='lat' dir='ltr'>teneat</span> <span class='ocrx_word' id='word_1_300' title='bbox 1351 3250 1536 3315; x_wconf 88' lang='lat' dir='ltr'>memoriam</span> <span class='ocrx_word' id='word_1_301' title='bbox 1556 3249 1723 3313; x_wconf 76' lang='lat' dir='ltr'>defuncto</span> 
     </span>
     <span class='ocr_line' id='line_1_29' title="bbox 167 3347 1722 3433; baseline 0.001 -24"><span class='ocrx_word' id='word_1_302' title='bbox 167 3347 277 3413; x_wconf 78' lang='lat' dir='ltr'>debeo</span> <span class='ocrx_word' id='word_1_303' title='bbox 292 3368 331 3412; x_wconf 87' lang='lat' dir='ltr'>ea</span> <span class='ocrx_word' id='word_1_304' title='bbox 345 3367 416 3430; x_wconf 75' lang='lat' dir='ltr'>qun</span> <span class='ocrx_word' id='word_1_305' title='bbox 430 3350 633 3413; x_wconf 80' lang='lat' dir='ltr'>devotionem</span> <span class='ocrx_word' id='word_1_306' title='bbox 648 3357 742 3433; x_wconf 81' lang='lat' dir='ltr'>atque</span> <span class='ocrx_word' id='word_1_307' title='bbox 757 3349 915 3415; x_wconf 84' lang='lat' dir='ltr'>fervorem</span> <span class='ocrx_word' id='word_1_308' title='bbox 971 3368 1053 3427; x_wconf 91' lang='lat' dir='ltr'>rum,</span> <span class='ocrx_word' id='word_1_309' title='bbox 1079 3358 1112 3413; x_wconf 92' lang='lat' dir='ltr'>et</span> <span class='ocrx_word' id='word_1_310' title='bbox 1134 3369 1263 3433; x_wconf 91' lang='lat' dir='ltr'>precem</span> <span class='ocrx_word' id='word_1_311' title='bbox 1287 3351 1370 3411; x_wconf 91' lang='lat' dir='ltr'>banc</span> <span class='ocrx_word' id='word_1_312' title='bbox 1395 3348 1509 3411; x_wconf 92' lang='lat' dir='ltr'>fundat</span> <span class='ocrx_word' id='word_1_313' title='bbox 1535 3356 1608 3411; x_wconf 89' lang='lat' dir='ltr'>ante</span> <span class='ocrx_word' id='word_1_314' title='bbox 1637 3366 1722 3410; x_wconf 89' lang='lat' dir='ltr'>sum-</span> 
     </span>
     <span class='ocr_line' id='line_1_30' title="bbox 167 3446 1630 3530; baseline 0.001 -23"><span class='ocrx_word' id='word_1_315' title='bbox 167 3446 302 3509; x_wconf 86' lang='lat' dir='ltr'>caritatis</span> <span class='ocrx_word' id='word_1_316' title='bbox 322 3448 427 3529; x_wconf 89' lang='lat' dir='ltr'>magis</span> <span class='ocrx_word' id='word_1_317' title='bbox 446 3449 637 3526; x_wconf 89' lang='lat' dir='ltr'>accendunt,</span> <span class='ocrx_word' id='word_1_318' title='bbox 658 3458 691 3511; x_wconf 91' lang='lat' dir='ltr'>et</span> <span class='ocrx_word' id='word_1_319' title='bbox 711 3457 786 3511; x_wconf 91' lang='lat' dir='ltr'>tunc</span> <span class='ocrx_word' id='word_1_320' title='bbox 806 3448 839 3511; x_wconf 95' lang='lat' dir='ltr'>in</span> <span class='ocrx_word' id='word_1_321' title='bbox 860 3450 914 3512; x_wconf 91' lang='lat' dir='ltr'>tali</span> <span class='ocrx_word' id='word_1_322' title='bbox 970 3447 1114 3530; x_wconf 90' lang='lat' dir='ltr'>ptionem</span> <span class='ocrx_word' id='word_1_323' title='bbox 1135 3467 1193 3530; x_wconf 92' lang='lat' dir='ltr'>per</span> <span class='ocrx_word' id='word_1_324' title='bbox 1214 3447 1440 3511; x_wconf 91' lang='lat' dir='ltr'>allocutionem</span> <span class='ocrx_word' id='word_1_325' title='bbox 1461 3446 1630 3509; x_wconf 91' lang='lat' dir='ltr'>internam.</span> 
     </span>
     <span class='ocr_line' id='line_1_31' title="bbox 166 3544 1721 3628; baseline 0 -23"><span class='ocrx_word' id='word_1_326' title='bbox 166 3545 278 3607; x_wconf 87' lang='lat' dir='ltr'>mentis</span> <span class='ocrx_word' id='word_1_327' title='bbox 300 3544 429 3609; x_wconf 85' lang='lat' dir='ltr'>fervore</span> <span class='ocrx_word' id='word_1_328' title='bbox 449 3546 548 3609; x_wconf 92' lang='lat' dir='ltr'>Deum</span> <span class='ocrx_word' id='word_1_329' title='bbox 571 3548 719 3610; x_wconf 89' lang='lat' dir='ltr'>ardenter</span> <span class='ocrx_word' id='word_1_330' title='bbox 739 3546 859 3610; x_wconf 89' lang='lat' dir='ltr'>orando</span> <span class='ocrx_word' id='word_1_331' title='bbox 881 3556 916 3610; x_wconf 89' lang='lat' dir='ltr'>ut</span> <span class='ocrx_word' id='word_1_332' title='bbox 1010 3546 1151 3628; x_wconf 85' lang='lat' dir='ltr'>Denique</span> <span class='ocrx_word' id='word_1_333' title='bbox 1175 3544 1302 3608; x_wconf 88' lang='lat' dir='ltr'>additur</span> <span class='ocrx_word' id='word_1_334' title='bbox 1325 3544 1430 3607; x_wconf 90' lang='lat' dir='ltr'>statim</span> <span class='ocrx_word' id='word_1_335' title='bbox 1454 3544 1488 3605; x_wconf 94' lang='lat' dir='ltr'>in</span> <span class='ocrx_word' id='word_1_336' title='bbox 1514 3562 1636 3608; x_wconf 89' lang='lat' dir='ltr'>canone</span> <span class='ocrx_word' id='word_1_337' title='bbox 1662 3567 1670 3606; x_wconf 78' lang='lat' dir='ltr'>r</span> <span class='ocrx_word' id='word_1_338' title='bbox 1691 3554 1721 3605; x_wconf 84' lang='lat' dir='ltr'>et</span> 
     </span>
     <span class='ocr_line' id='line_1_32' title="bbox 167 3642 1720 3726; baseline -0.003 -21"><span class='ocrx_word' id='word_1_339' title='bbox 167 3661 200 3705; x_wconf 90' lang='lat' dir='ltr'>se</span> <span class='ocrx_word' id='word_1_340' title='bbox 221 3642 371 3706; x_wconf 85' lang='lat' dir='ltr'>exaudire</span> <span class='ocrx_word' id='word_1_341' title='bbox 390 3644 539 3726; x_wconf 76' lang='lat' dir='ltr'>dignetur</span> <span class='ocrx_word' id='word_1_342' title='bbox 562 3662 621 3725; x_wconf 94' lang='lat' dir='ltr'>pro</span> <span class='ocrx_word' id='word_1_343' title='bbox 641 3644 691 3707; x_wconf 89' lang='lat' dir='ltr'>his</span> <span class='ocrx_word' id='word_1_344' title='bbox 712 3662 792 3726; x_wconf 87' lang='lat' dir='ltr'>quos</span> <span class='ocrx_word' id='word_1_345' title='bbox 813 3646 917 3709; x_wconf 93' lang='lat' dir='ltr'>nomi·</span> <span class='ocrx_word' id='word_1_346' title='bbox 970 3646 1117 3705; x_wconf 82' lang='lat' dir='ltr'>omnium</span> <span class='ocrx_word' id='word_1_347' title='bbox 1137 3644 1438 3713; x_wconf 76' lang='lat' dir='ltr'>circumstantium,</span> <span class='ocrx_word' id='word_1_348' title='bbox 1453 3663 1593 3722; x_wconf 85' lang='lat' dir='ltr'>quorum</span> <span class='ocrx_word' id='word_1_349' title='bbox 1608 3644 1670 3702; x_wconf 81' lang='lat' dir='ltr'>tibi</span> <span class='ocrx_word' id='word_1_350' title='bbox 1681 3646 1720 3719; x_wconf 80' lang='lat' dir='ltr'>fi-</span> 
     </span>
     <span class='ocr_line' id='line_1_33' title="bbox 167 3738 1720 3823; baseline 0.001 -23"><span class='ocrx_word' id='word_1_351' title='bbox 167 3738 263 3818; x_wconf 91' lang='lat' dir='ltr'>nabit,</span> <span class='ocrx_word' id='word_1_352' title='bbox 290 3740 379 3823; x_wconf 90' lang='lat' dir='ltr'>ipsas</span> <span class='ocrx_word' id='word_1_353' title='bbox 402 3759 479 3805; x_wconf 87' lang='lat' dir='ltr'>vero</span> <span class='ocrx_word' id='word_1_354' title='bbox 503 3760 656 3823; x_wconf 89' lang='lat' dir='ltr'>personas</span> <span class='ocrx_word' id='word_1_355' title='bbox 680 3742 821 3805; x_wconf 88' lang='lat' dir='ltr'>cursorie</span> <span class='ocrx_word' id='word_1_356' title='bbox 850 3762 916 3807; x_wconf 92' lang='lat' dir='ltr'>me-</span> <span class='ocrx_word' id='word_1_357' title='bbox 969 3744 1025 3803; x_wconf 83' lang='lat' dir='ltr'>des</span> <span class='ocrx_word' id='word_1_358' title='bbox 1052 3743 1182 3819; x_wconf 66' lang='lat' dir='ltr'>cognita</span> <span class='ocrx_word' id='word_1_359' title='bbox 1210 3750 1268 3812; x_wconf 84' lang='lat' dir='ltr'>est,</span> <span class='ocrx_word' id='word_1_360' title='bbox 1298 3750 1328 3801; x_wconf 85' lang='lat' dir='ltr'>et</span> <span class='ocrx_word' id='word_1_361' title='bbox 1357 3749 1434 3800; x_wconf 82' lang='lat' dir='ltr'>nota</span> <span class='ocrx_word' id='word_1_362' title='bbox 1461 3742 1598 3803; x_wconf 80' lang='lat' dir='ltr'>devotio.</span> <span class='ocrx_word' id='word_1_363' title='bbox 1629 3738 1720 3803; x_wconf 89' lang='lat' dir='ltr'>Solus</span> 
     </span>
     <span class='ocr_line' id='line_1_34' title="bbox 165 3836 1878 3921; baseline 0.001 -23"><span class='ocrx_word' id='word_1_364' title='bbox 165 3837 307 3918; x_wconf 90' lang='lat' dir='ltr'>ditando,</span> <span class='ocrx_word' id='word_1_365' title='bbox 327 3838 384 3901; x_wconf 88' lang='lat' dir='ltr'>sed</span> <span class='ocrx_word' id='word_1_366' title='bbox 409 3840 587 3921; x_wconf 73' lang='lat' dir='ltr'>bonaque</span> <span class='ocrx_word' id='word_1_367' title='bbox 612 3839 659 3903; x_wconf 89' lang='lat' dir='ltr'>eis</span> <span class='ocrx_word' id='word_1_368' title='bbox 684 3840 915 3921; x_wconf 91' lang='lat' dir='ltr'>petit,intente</span> <span class='ocrx_word' id='word_1_369' title='bbox 970 3839 1056 3902; x_wconf 90' lang='lat' dir='ltr'>enim</span> <span class='ocrx_word' id='word_1_370' title='bbox 1085 3839 1167 3901; x_wconf 88' lang='lat' dir='ltr'>Deus</span> <span class='ocrx_word' id='word_1_371' title='bbox 1196 3840 1291 3903; x_wconf 90' lang='lat' dir='ltr'>corda</span> <span class='ocrx_word' id='word_1_372' title='bbox 1320 3845 1488 3915; x_wconf 86' lang='lat' dir='ltr'>scrutatur,</span> <span class='ocrx_word' id='word_1_373' title='bbox 1514 3846 1546 3899; x_wconf 91' lang='lat' dir='ltr'>et</span> <span class='ocrx_word' id='word_1_374' title='bbox 1569 3836 1721 3901; x_wconf 88' lang='lat' dir='ltr'>interiora</span> <span class='ocrx_word' id='word_1_375' title='bbox 1734 3856 1878 3907; x_wconf 62' lang='lat' dir='ltr'>truamur.</span> 
     </span>
     <span class='ocr_line' id='line_1_35' title="bbox 167 3921 1753 4019; baseline -0.001 -21"><span class='ocrx_word' id='word_1_376' title='bbox 167 3943 365 4001; x_wconf 84' lang='lat' dir='ltr'>clamorosa</span> <span class='ocrx_word' id='word_1_377' title='bbox 386 3939 538 4019; x_wconf 88' lang='lat' dir='ltr'>rogando.</span> <span class='ocrx_word' id='word_1_378' title='bbox 969 3937 1084 4000; x_wconf 81' lang='lat' dir='ltr'>animae</span> <span class='ocrx_word' id='word_1_379' title='bbox 1107 3936 1258 4000; x_wconf 89' lang='lat' dir='ltr'>intuetur.</span> <span class='ocrx_word' id='word_1_380' title='bbox 1279 3936 1338 4001; x_wconf 91' lang='lat' dir='ltr'>Pro</span> <span class='ocrx_word' id='word_1_381' title='bbox 1358 3934 1409 3998; x_wconf 89' lang='lat' dir='ltr'>bis</span> <span class='ocrx_word' id='word_1_382' title='bbox 1434 3935 1532 4018; x_wconf 92' lang='lat' dir='ltr'>igitur</span> <span class='ocrx_word' id='word_1_383' title='bbox 1552 3935 1607 4016; x_wconf 87' lang='lat' dir='ltr'>qui</span> <span class='ocrx_word' id='word_1_384' title='bbox 1631 3921 1753 4019; x_wconf 76' lang='lat' dir='ltr'>prin-⁰·</span> 
     </span>
     <span class='ocr_line' id='line_1_36' title="bbox 203 4034 1719 4119; baseline 0.001 -23"><span class='ocrx_word' id='word_1_385' title='bbox 203 4034 312 4117; x_wconf 88' lang='lat' dir='ltr'>ltaque</span> <span class='ocrx_word' id='word_1_386' title='bbox 336 4034 383 4099; x_wconf 90' lang='lat' dir='ltr'>sic</span> <span class='ocrx_word' id='word_1_387' title='bbox 406 4044 461 4099; x_wconf 91' lang='lat' dir='ltr'>aut</span> <span class='ocrx_word' id='word_1_388' title='bbox 485 4035 582 4100; x_wconf 90' lang='lat' dir='ltr'>simili</span> <span class='ocrx_word' id='word_1_389' title='bbox 605 4037 699 4101; x_wconf 93' lang='lat' dir='ltr'>modo</span> <span class='ocrx_word' id='word_1_390' title='bbox 725 4038 838 4119; x_wconf 93' lang='lat' dir='ltr'>poterit</span> <span class='ocrx_word' id='word_1_391' title='bbox 867 4058 915 4101; x_wconf 89' lang='lat' dir='ltr'>sa·</span> <span class='ocrx_word' id='word_1_392' title='bbox 969 4036 1115 4118; x_wconf 89' lang='lat' dir='ltr'>cipaliter</span> <span class='ocrx_word' id='word_1_393' title='bbox 1133 4034 1243 4099; x_wconf 83' lang='lat' dir='ltr'>officio</span> <span class='ocrx_word' id='word_1_394' title='bbox 1261 4034 1360 4098; x_wconf 84' lang='lat' dir='ltr'>fdissae</span> <span class='ocrx_word' id='word_1_395' title='bbox 1383 4034 1551 4115; x_wconf 90' lang='lat' dir='ltr'>intersunt,</span> <span class='ocrx_word' id='word_1_396' title='bbox 1572 4035 1719 4098; x_wconf 87' lang='lat' dir='ltr'>sacerdos</span> 
     </span>
     <span class='ocr_line' id='line_1_37' title="bbox 166 4132 1720 4217; baseline 0.001 -22"><span class='ocrx_word' id='word_1_397' title='bbox 166 4132 276 4196; x_wconf 84' lang='lat' dir='ltr'>cordos</span> <span class='ocrx_word' id='word_1_398' title='bbox 298 4133 455 4197; x_wconf 86' lang='lat' dir='ltr'>affectum</span> <span class='ocrx_word' id='word_1_399' title='bbox 479 4154 573 4198; x_wconf 91' lang='lat' dir='ltr'>suum</span> <span class='ocrx_word' id='word_1_400' title='bbox 598 4134 736 4199; x_wconf 87' lang='lat' dir='ltr'>formare</span> <span class='ocrx_word' id='word_1_401' title='bbox 758 4135 915 4200; x_wconf 85' lang='lat' dir='ltr'>:Oileus</span> <span class='ocrx_word' id='word_1_402' title='bbox 970 4133 1150 4217; x_wconf 87' lang='lat' dir='ltr'>specialiter</span> <span class='ocrx_word' id='word_1_403' title='bbox 1174 4141 1253 4197; x_wconf 90' lang='lat' dir='ltr'>orat.</span> <span class='ocrx_word' id='word_1_404' title='bbox 1276 4132 1336 4197; x_wconf 89' lang='lat' dir='ltr'>Sed</span> <span class='ocrx_word' id='word_1_405' title='bbox 1359 4133 1519 4197; x_wconf 90' lang='lat' dir='ltr'>interdum</span> <span class='ocrx_word' id='word_1_406' title='bbox 1541 4152 1636 4197; x_wconf 89' lang='lat' dir='ltr'>nemo</span> <span class='ocrx_word' id='word_1_407' title='bbox 1658 4134 1720 4197; x_wconf 89' lang='lat' dir='ltr'>cir-</span> 
     </span>
     <span class='ocr_line' id='line_1_38' title="bbox 165 4229 1720 4315; baseline 0.003 -23"><span class='ocrx_word' id='word_1_408' title='bbox 165 4229 264 4312; x_wconf 90' lang='lat' dir='ltr'>Pater,</span> <span class='ocrx_word' id='word_1_409' title='bbox 279 4232 364 4295; x_wconf 84' lang='lat' dir='ltr'>Deus</span> <span class='ocrx_word' id='word_1_410' title='bbox 383 4240 512 4312; x_wconf 70' lang='lat' dir='ltr'>aeterne,</span> <span class='ocrx_word' id='word_1_411' title='bbox 528 4234 699 4312; x_wconf 89' lang='lat' dir='ltr'>adorande,</span> <span class='ocrx_word' id='word_1_412' title='bbox 716 4233 912 4315; x_wconf 90' lang='lat' dir='ltr'>dulcissime,</span> <span class='ocrx_word' id='word_1_413' title='bbox 927 4240 954 4304; x_wconf 86' lang='lat' dir='ltr'>D</span> <span class='ocrx_word' id='word_1_414' title='bbox 969 4240 1117 4311; x_wconf 89' lang='lat' dir='ltr'>cumstat,</span> <span class='ocrx_word' id='word_1_415' title='bbox 1148 4232 1209 4295; x_wconf 89' lang='lat' dir='ltr'>nisi</span> <span class='ocrx_word' id='word_1_416' title='bbox 1243 4231 1391 4295; x_wconf 88' lang='lat' dir='ltr'>minister</span> <span class='ocrx_word' id='word_1_417' title='bbox 1424 4251 1529 4309; x_wconf 82' lang='lat' dir='ltr'>unus3</span> <span class='ocrx_word' id='word_1_418' title='bbox 1560 4232 1615 4295; x_wconf 88' lang='lat' dir='ltr'>sed</span> <span class='ocrx_word' id='word_1_419' title='bbox 1643 4240 1720 4297; x_wconf 85' lang='lat' dir='ltr'>tune</span> 
     </span>
     <span class='ocr_line' id='line_1_39' title="bbox 164 4326 1721 4413; baseline 0.003 -23"><span class='ocrx_word' id='word_1_420' title='bbox 164 4326 332 4409; x_wconf 90' lang='lat' dir='ltr'>immense,</span> <span class='ocrx_word' id='word_1_421' title='bbox 366 4329 708 4413; x_wconf 88' lang='lat' dir='ltr'>incomprehensibilis,</span> <span class='ocrx_word' id='word_1_422' title='bbox 737 4339 812 4410; x_wconf 78' lang='lat' dir='ltr'>ete,</span> <span class='ocrx_word' id='word_1_423' title='bbox 843 4350 915 4413; x_wconf 93' lang='lat' dir='ltr'>pro-</span> <span class='ocrx_word' id='word_1_424' title='bbox 970 4331 1116 4395; x_wconf 89' lang='lat' dir='ltr'>minister</span> <span class='ocrx_word' id='word_1_425' title='bbox 1130 4330 1211 4413; x_wconf 88' lang='lat' dir='ltr'>gerit</span> <span class='ocrx_word' id='word_1_426' title='bbox 1231 4348 1400 4413; x_wconf 90' lang='lat' dir='ltr'>personam</span> <span class='ocrx_word' id='word_1_427' title='bbox 1414 4328 1573 4394; x_wconf 73' lang='lat' dir='ltr'>Ecclesia.</span> <span class='ocrx_word' id='word_1_428' title='bbox 1592 4330 1648 4395; x_wconf 89' lang='lat' dir='ltr'>Vel</span> <span class='ocrx_word' id='word_1_429' title='bbox 1663 4349 1721 4412; x_wconf 86' lang='lat' dir='ltr'>per</span> 
     </span>
     <span class='ocr_line' id='line_1_40' title="bbox 165 4426 1720 4512; baseline 0.002 -23"><span class='ocrx_word' id='word_1_430' title='bbox 165 4434 235 4507; x_wconf 91' lang='lat' dir='ltr'>pter</span> <span class='ocrx_word' id='word_1_431' title='bbox 255 4426 417 4491; x_wconf 79' lang='lat' dir='ltr'>infinitam</span> <span class='ocrx_word' id='word_1_432' title='bbox 442 4428 693 4492; x_wconf 84' lang='lat' dir='ltr'>misericordiam</span> <span class='ocrx_word' id='word_1_433' title='bbox 720 4436 818 4510; x_wconf 90' lang='lat' dir='ltr'>tuam,</span> <span class='ocrx_word' id='word_1_434' title='bbox 844 4448 915 4512; x_wconf 81' lang='lat' dir='ltr'>pro</span> <span class='ocrx_word' id='word_1_435' title='bbox 970 4432 1225 4509; x_wconf 82' lang='lat' dir='ltr'>circumstantes,</span> <span class='ocrx_word' id='word_1_436' title='bbox 1248 4438 1381 4511; x_wconf 91' lang='lat' dir='ltr'>possunt</span> <span class='ocrx_word' id='word_1_437' title='bbox 1405 4427 1542 4510; x_wconf 76' lang='lat' dir='ltr'>intelligi</span> <span class='ocrx_word' id='word_1_438' title='bbox 1566 4445 1631 4491; x_wconf 92' lang='lat' dir='ltr'>non</span> <span class='ocrx_word' id='word_1_439' title='bbox 1650 4436 1720 4492; x_wconf 89' lang='lat' dir='ltr'>tan-</span> 
     </span>
     <span class='ocr_line' id='line_1_41' title="bbox 165 4526 1718 4612; baseline 0 -23"><span class='ocrx_word' id='word_1_440' title='bbox 165 4534 234 4607; x_wconf 88' lang='lat' dir='ltr'>pter</span> <span class='ocrx_word' id='word_1_441' title='bbox 262 4527 427 4592; x_wconf 67' lang='lat' dir='ltr'>cariutem</span> <span class='ocrx_word' id='word_1_442' title='bbox 462 4536 550 4590; x_wconf 90' lang='lat' dir='ltr'>tuam</span> <span class='ocrx_word' id='word_1_443' title='bbox 578 4536 755 4611; x_wconf 88' lang='lat' dir='ltr'>paternam,</span> <span class='ocrx_word' id='word_1_444' title='bbox 785 4537 914 4612; x_wconf 91' lang='lat' dir='ltr'>propter</span> <span class='ocrx_word' id='word_1_445' title='bbox 968 4537 1036 4592; x_wconf 92' lang='lat' dir='ltr'>tum</span> <span class='ocrx_word' id='word_1_446' title='bbox 1059 4528 1114 4610; x_wconf 90' lang='lat' dir='ltr'>qui</span> <span class='ocrx_word' id='word_1_447' title='bbox 1137 4526 1280 4591; x_wconf 84' lang='lat' dir='ltr'>localiter</span> <span class='ocrx_word' id='word_1_448' title='bbox 1300 4528 1436 4605; x_wconf 88' lang='lat' dir='ltr'>adstant,</span> <span class='ocrx_word' id='word_1_449' title='bbox 1459 4526 1513 4588; x_wconf 94' lang='lat' dir='ltr'>sed</span> <span class='ocrx_word' id='word_1_450' title='bbox 1532 4544 1644 4589; x_wconf 89' lang='lat' dir='ltr'>omnes</span> <span class='ocrx_word' id='word_1_451' title='bbox 1663 4527 1718 4609; x_wconf 88' lang='lat' dir='ltr'>qui</span> 
     </span>
     <span class='ocr_line' id='line_1_42' title="bbox 166 4623 1719 4709; baseline 0.001 -22"><span class='ocrx_word' id='word_1_452' title='bbox 166 4624 340 4689; x_wconf 87' lang='lat' dir='ltr'>bonitatem</span> <span class='ocrx_word' id='word_1_453' title='bbox 364 4633 450 4688; x_wconf 87' lang='lat' dir='ltr'>tuam</span> <span class='ocrx_word' id='word_1_454' title='bbox 475 4626 677 4707; x_wconf 89' lang='lat' dir='ltr'>immensam,</span> <span class='ocrx_word' id='word_1_455' title='bbox 697 4636 827 4709; x_wconf 90' lang='lat' dir='ltr'>propter</span> <span class='ocrx_word' id='word_1_456' title='bbox 847 4646 914 4691; x_wconf 92' lang='lat' dir='ltr'>om·</span> <span class='ocrx_word' id='word_1_457' title='bbox 970 4626 1178 4709; x_wconf 87' lang='lat' dir='ltr'>spiritualiter</span> <span class='ocrx_word' id='word_1_458' title='bbox 1192 4626 1316 4703; x_wconf 92' lang='lat' dir='ltr'>adsunt,</span> <span class='ocrx_word' id='word_1_459' title='bbox 1333 4624 1449 4706; x_wconf 87' lang='lat' dir='ltr'>quibus</span> <span class='ocrx_word' id='word_1_460' title='bbox 1471 4623 1652 4688; x_wconf 89' lang='lat' dir='ltr'>divinorum</span> <span class='ocrx_word' id='word_1_461' title='bbox 1668 4644 1719 4688; x_wconf 92' lang='lat' dir='ltr'>ce-</span> 
     </span>
     <span class='ocr_line' id='line_1_43' title="bbox 164 4724 1718 4809; baseline 0.003 -25"><span class='ocrx_word' id='word_1_462' title='bbox 164 4741 237 4786; x_wconf 91' lang='lat' dir='ltr'>nem</span> <span class='ocrx_word' id='word_1_463' title='bbox 267 4724 498 4788; x_wconf 89' lang='lat' dir='ltr'>beatitudinem</span> <span class='ocrx_word' id='word_1_464' title='bbox 527 4734 626 4804; x_wconf 89' lang='lat' dir='ltr'>tuam,</span> <span class='ocrx_word' id='word_1_465' title='bbox 648 4734 777 4808; x_wconf 90' lang='lat' dir='ltr'>propter</span> <span class='ocrx_word' id='word_1_466' title='bbox 805 4745 914 4809; x_wconf 89' lang='lat' dir='ltr'>super-</span> <span class='ocrx_word' id='word_1_467' title='bbox 969 4726 1102 4790; x_wconf 90' lang='lat' dir='ltr'>lebratio</span> <span class='ocrx_word' id='word_1_468' title='bbox 1126 4724 1242 4806; x_wconf 87' lang='lat' dir='ltr'>placet,</span> <span class='ocrx_word' id='word_1_469' title='bbox 1269 4732 1300 4787; x_wconf 89' lang='lat' dir='ltr'>et</span> <span class='ocrx_word' id='word_1_470' title='bbox 1329 4725 1383 4806; x_wconf 89' lang='lat' dir='ltr'>qui</span> <span class='ocrx_word' id='word_1_471' title='bbox 1399 4724 1523 4787; x_wconf 82' lang='lat' dir='ltr'>Christo</span> <span class='ocrx_word' id='word_1_472' title='bbox 1551 4744 1609 4807; x_wconf 90' lang='lat' dir='ltr'>per</span> <span class='ocrx_word' id='word_1_473' title='bbox 1638 4726 1718 4789; x_wconf 88' lang='lat' dir='ltr'>cari-</span> 
     </span>
     <span class='ocr_line' id='line_1_44' title="bbox 165 4821 1717 4905; baseline 0.003 -22"><span class='ocrx_word' id='word_1_474' title='bbox 165 4822 368 4885; x_wconf 84' lang='lat' dir='ltr'>essentialem</span> <span class='ocrx_word' id='word_1_475' title='bbox 401 4822 630 4905; x_wconf 88' lang='lat' dir='ltr'>perfectionem</span> <span class='ocrx_word' id='word_1_476' title='bbox 665 4832 697 4886; x_wconf 92' lang='lat' dir='ltr'>et</span> <span class='ocrx_word' id='word_1_477' title='bbox 730 4823 913 4887; x_wconf 85' lang='lat' dir='ltr'>universam</span> <span class='ocrx_word' id='word_1_478' title='bbox 969 4832 1064 4886; x_wconf 92' lang='lat' dir='ltr'>tatem</span> <span class='ocrx_word' id='word_1_479' title='bbox 1085 4822 1164 4885; x_wconf 94' lang='lat' dir='ltr'>uniti</span> <span class='ocrx_word' id='word_1_480' title='bbox 1184 4830 1268 4900; x_wconf 91' lang='lat' dir='ltr'>sunt,</span> <span class='ocrx_word' id='word_1_481' title='bbox 1285 4830 1379 4903; x_wconf 83' lang='lat' dir='ltr'>atque</span> <span class='ocrx_word' id='word_1_482' title='bbox 1398 4822 1437 4886; x_wconf 91' lang='lat' dir='ltr'>ad</span> <span class='ocrx_word' id='word_1_483' title='bbox 1456 4821 1627 4905; x_wconf 88' lang='lat' dir='ltr'>mysticum</span> <span class='ocrx_word' id='word_1_484' title='bbox 1646 4822 1717 4905; x_wconf 85' lang='lat' dir='ltr'>ejus</span> 
     </span>
     <span class='ocr_line' id='line_1_45' title="bbox 165 4919 1472 5005; baseline 0.002 -24"><span class='ocrx_word' id='word_1_485' title='bbox 165 4919 370 4983; x_wconf 87' lang='lat' dir='ltr'>dulcedinem</span> <span class='ocrx_word' id='word_1_486' title='bbox 389 4929 488 5001; x_wconf 90' lang='lat' dir='ltr'>tuam,</span> <span class='ocrx_word' id='word_1_487' title='bbox 509 4929 585 5000; x_wconf 77' lang='lat' dir='ltr'>etc,</span> <span class='ocrx_word' id='word_1_488' title='bbox 602 4921 715 4985; x_wconf 84' lang='lat' dir='ltr'>exaudi</span> <span class='ocrx_word' id='word_1_489' title='bbox 735 4930 768 4985; x_wconf 89' lang='lat' dir='ltr'>et</span> <span class='ocrx_word' id='word_1_490' title='bbox 787 4923 913 5005; x_wconf 91' lang='lat' dir='ltr'>suscipe</span> <span class='ocrx_word' id='word_1_491' title='bbox 968 4940 1083 5003; x_wconf 87' lang='lat' dir='ltr'>corpus</span> <span class='ocrx_word' id='word_1_492' title='bbox 1104 4920 1266 5003; x_wconf 87' lang='lat' dir='ltr'>pertinere</span> <span class='ocrx_word' id='word_1_493' title='bbox 1287 4929 1472 4985; x_wconf 86' lang='lat' dir='ltr'>noscuntur.</span> 
     </span>
     <span class='ocr_line' id='line_1_46' title="bbox 165 5019 1713 5102; baseline 0.001 -23"><span class='ocrx_word' id='word_1_494' title='bbox 165 5034 227 5098; x_wconf 89' lang='lat' dir='ltr'>me,</span> <span class='ocrx_word' id='word_1_495' title='bbox 252 5019 361 5083; x_wconf 91' lang='lat' dir='ltr'>dando</span> <span class='ocrx_word' id='word_1_496' title='bbox 379 5020 516 5102; x_wconf 89' lang='lat' dir='ltr'>gratiam</span> <span class='ocrx_word' id='word_1_497' title='bbox 542 5019 637 5083; x_wconf 88' lang='lat' dir='ltr'>talem</span> <span class='ocrx_word' id='word_1_498' title='bbox 662 5020 712 5083; x_wconf 87' lang='lat' dir='ltr'>vel</span> <span class='ocrx_word' id='word_1_499' title='bbox 737 5020 833 5084; x_wconf 88' lang='lat' dir='ltr'>talem</span> <span class='ocrx_word' id='word_1_500' title='bbox 862 5020 913 5083; x_wconf 80' lang='lat' dir='ltr'>fris</span> <span class='ocrx_word' id='word_1_501' title='bbox 1007 5019 1156 5101; x_wconf 85' lang='lat' dir='ltr'>Sequitur</span> <span class='ocrx_word' id='word_1_502' title='bbox 1182 5042 1189 5081; x_wconf 75' lang='grc' dir='ltr'><strong><em>ε</em></strong></span> <span class='ocrx_word' id='word_1_503' title='bbox 1213 5022 1283 5083; x_wconf 84' lang='grc' dir='ltr'>Ρνο</span> <span class='ocrx_word' id='word_1_504' title='bbox 1307 5022 1425 5101; x_wconf 82' lang='lat' dir='ltr'>quibus</span> <span class='ocrx_word' id='word_1_505' title='bbox 1449 5020 1512 5080; x_wconf 80' lang='lat' dir='ltr'>citt</span> <span class='ocrx_word' id='word_1_506' title='bbox 1533 5022 1713 5099; x_wconf 71' lang='lat' dir='ltr'>offerimus,</span> 
     </span>
     <span class='ocr_line' id='line_1_47' title="bbox 165 5118 1714 5199; baseline 0 -20"><span class='ocrx_word' id='word_1_507' title='bbox 165 5134 221 5197; x_wconf 90' lang='lat' dir='ltr'>pro</span> <span class='ocrx_word' id='word_1_508' title='bbox 245 5118 363 5198; x_wconf 86' lang='lat' dir='ltr'>quibus</span> <span class='ocrx_word' id='word_1_509' title='bbox 386 5126 417 5181; x_wconf 89' lang='lat' dir='ltr'>te</span> <span class='ocrx_word' id='word_1_510' title='bbox 443 5136 510 5183; x_wconf 85' lang='lat' dir='ltr'>ore.</span> <span class='ocrx_word' id='word_1_511' title='bbox 531 5118 569 5182; x_wconf 83' lang='lat' dir='ltr'>Et</span> <span class='ocrx_word' id='word_1_512' title='bbox 593 5127 669 5181; x_wconf 89' lang='lat' dir='ltr'>tunc</span> <span class='ocrx_word' id='word_1_513' title='bbox 691 5120 836 5182; x_wconf 87' lang='lat' dir='ltr'>nominet</span> <span class='ocrx_word' id='word_1_514' title='bbox 858 5138 913 5183; x_wconf 85' lang='lat' dir='ltr'>eos</span> <span class='ocrx_word' id='word_1_515' title='bbox 967 5124 1018 5180; x_wconf 85' lang='lat' dir='ltr'>vel</span> <span class='ocrx_word' id='word_1_516' title='bbox 1031 5120 1091 5199; x_wconf 84' lang='lat' dir='ltr'>qui</span> <span class='ocrx_word' id='word_1_517' title='bbox 1111 5120 1173 5179; x_wconf 84' lang='lat' dir='ltr'>tibi</span> <span class='ocrx_word' id='word_1_518' title='bbox 1192 5124 1334 5196; x_wconf 80' lang='lat' dir='ltr'>offerunt</span> <span class='ocrx_word' id='word_1_519' title='bbox 1349 5120 1406 5178; x_wconf 83' lang='lat' dir='ltr'>boc</span> <span class='ocrx_word' id='word_1_520' title='bbox 1423 5119 1624 5196; x_wconf 82' lang='lat' dir='ltr'>sacrificium</span> <span class='ocrx_word' id='word_1_521' title='bbox 1645 5122 1714 5179; x_wconf 75' lang='lat' dir='ltr'>lau·</span> 
     </span>
     <span class='ocr_line' id='line_1_48' title="bbox 166 5215 1713 5294; baseline 0.002 -19"><span class='ocrx_word' id='word_1_522' title='bbox 166 5215 248 5277; x_wconf 88' lang='lat' dir='ltr'>intra</span> <span class='ocrx_word' id='word_1_523' title='bbox 273 5236 323 5294; x_wconf 89' lang='lat' dir='ltr'>se,</span> <span class='ocrx_word' id='word_1_524' title='bbox 348 5235 412 5282; x_wconf 92' lang='lat' dir='ltr'>non</span> <span class='ocrx_word' id='word_1_525' title='bbox 439 5218 640 5281; x_wconf 91' lang='lat' dir='ltr'>immorando</span> <span class='ocrx_word' id='word_1_526' title='bbox 668 5217 913 5281; x_wconf 87' lang='lat' dir='ltr'>considerationi</span> <span class='ocrx_word' id='word_1_527' title='bbox 966 5220 1031 5289; x_wconf 83' lang='lat' dir='ltr'>dis,</span> <span class='ocrx_word' id='word_1_528' title='bbox 1050 5216 1084 5279; x_wconf 96' lang='lat' dir='ltr'>id</span> <span class='ocrx_word' id='word_1_529' title='bbox 1103 5224 1152 5279; x_wconf 92' lang='lat' dir='ltr'>est</span> <span class='ocrx_word' id='word_1_530' title='bbox 1170 5216 1334 5279; x_wconf 91' lang='lat' dir='ltr'>materiam</span> <span class='ocrx_word' id='word_1_531' title='bbox 1353 5216 1446 5279; x_wconf 89' lang='lat' dir='ltr'>istam</span> <span class='ocrx_word' id='word_1_532' title='bbox 1465 5216 1713 5279; x_wconf 86' lang='lat' dir='ltr'>consecrandam</span> 
     </span>
     <span class='ocr_line' id='line_1_49' title="bbox 165 5313 1713 5399; baseline 0.001 -22"><span class='ocrx_word' id='word_1_533' title='bbox 165 5330 287 5377; x_wconf 88' lang='lat' dir='ltr'>eorum.</span> <span class='ocrx_word' id='word_1_534' title='bbox 320 5315 376 5378; x_wconf 88' lang='lat' dir='ltr'>Vel</span> <span class='ocrx_word' id='word_1_535' title='bbox 409 5316 457 5379; x_wconf 86' lang='lat' dir='ltr'>sio</span> <span class='ocrx_word' id='word_1_536' title='bbox 488 5340 496 5378; x_wconf 90' lang='lat'><strong>:</strong></span> <span class='ocrx_word' id='word_1_537' title='bbox 526 5316 550 5380; x_wconf 89' lang='lat'>0</span> <span class='ocrx_word' id='word_1_538' title='bbox 578 5316 667 5380; x_wconf 82' lang='lat' dir='ltr'>Pater</span> <span class='ocrx_word' id='word_1_539' title='bbox 697 5324 825 5397; x_wconf 77' lang='lat' dir='ltr'>eterne,</span> <span class='ocrx_word' id='word_1_540' title='bbox 856 5336 914 5399; x_wconf 89' lang='lat' dir='ltr'>per</span> <span class='ocrx_word' id='word_1_541' title='bbox 967 5334 1006 5380; x_wconf 90' lang='lat' dir='ltr'>eo</span> <span class='ocrx_word' id='word_1_542' title='bbox 1030 5323 1177 5397; x_wconf 90' lang='lat' dir='ltr'>respectu</span> <span class='ocrx_word' id='word_1_543' title='bbox 1201 5322 1237 5377; x_wconf 92' lang='lat' dir='ltr'>ut</span> <span class='ocrx_word' id='word_1_544' title='bbox 1260 5313 1343 5378; x_wconf 88' lang='lat' dir='ltr'>facta</span> <span class='ocrx_word' id='word_1_545' title='bbox 1372 5314 1608 5379; x_wconf 87' lang='lat' dir='ltr'>consecratione</span> <span class='ocrx_word' id='word_1_546' title='bbox 1632 5313 1713 5379; x_wconf 90' lang='lat' dir='ltr'>olle·</span> 
     </span>
    </p>
   </div>
   <div class='ocr_carea' id='block_1_7' title="bbox 0 0 2160 6259">
    <p class='ocr_par' dir='ltr' id='par_1_8' title="bbox 0 0 2160 6259">
     <span class='ocr_line' id='line_1_50' title="bbox 0 0 2160 6259; baseline 0 4"><span class='ocrx_word' id='word_1_547' title='bbox 0 0 2160 6259; x_wconf 95' lang='lat' dir='ltr'> </span> 
     </span>
    </p>
   </div>
  </div>
 </body>
</html>
