4309 6259
408 506 449 553 ns
468 507 558 555 uoms
580 507 714 555 srmnns
736 506 854 565 scaen,
875 506 1050 555 mucimus
1071 508 1114 555 ιιι.
1138 527 1179 539 -
1199 508 1269 555 rar.
1292 508 1377 566 xxm,
1399 508 1461 555 xxv
1651 486 1712 557 227

161 681 244 847 {²13⁰
244 674 351 853 m
351 675 584 838 iffi&
582 678 952 858 ffifflssffiffl
1150 737 1395 803 snnrcunus
1424 736 1531 801 xxv.

162 877 261 947 ratur,
281 870 309 931 si
334 871 463 933 demum
488 872 561 953 plus
584 882 726 935 romanet
750 873 784 935 in
809 892 912 935 sacra·
965 887 1013 945 De
1027 886 1191 961 effectibus
1205 887 1511 964 atqucqractibuset
1527 884 1714 943 necessitate

161 967 280 1029 mentis
298 976 331 1029 ct
349 968 462 1050 signis,
478 970 764 1033 consuetudinibus
784 988 911 1051 quoquc
1210 975 1291 1033 dont
1312 975 1466 1033 scientie.

161 1066 313 1143 externis,
326 1085 421 1147 quam
438 1068 470 1129 in
487 1068 592 1131 causis
606 1078 639 1131 et
654 1068 786 1131 veritate
801 1087 859 1149 per
873 1087 911 1130 ca

160 1160 331 1243 figuratis;
348 1172 423 1227 tunc
438 1184 565 1247 semper
580 1173 760 1247 perseverat
779 1165 910 1245 quidem
1035 1166 1139 1231 ONUll
1160 1186 1236 1249 ergo
1255 1168 1396 1231 scientim
1416 1168 1524 1230 lumen
1549 1176 1597 1230 est
1621 1168 1714 1231 retio-

160 1268 312 1323 externns
336 1261 404 1325 sive
427 1263 566 1326 exterior
589 1264 695 1327 bomo.
720 1262 830 1345 Igitur,
854 1263 909 1345 qui
1049 1265 1295 1343 nis,ostendens
1310 1274 1403 1347 atque
1419 1266 1567 1328 erudiens
1582 1266 1658 1346 quid
1674 1268 1713 1329 de

161 1356 226 1420 Deo
239 1358 380 1422 vicinius
394 1360 609 1442 propinquare
623 1379 744 1441 suaque
757 1379 854 1442 opera
871 1380 908 1425 ac
967 1362 1062 1425 rebus
1090 1364 1205 1426 creatis
1235 1363 1353 1427 sentire
1386 1371 1510 1445 oportet
1538 1364 1713 1427 secundum

161 1456 261 1518 vitem
277 1456 373 1519 altius
395 1458 485 1539 cupit
504 1458 639 1539 erigere,
654 1458 749 1521 debet
770 1458 810 1521 ab
831 1459 910 1540 ipsis
965 1460 1083 1523 divinse
1097 1461 1177 1543 legis
1199 1480 1254 1523 scu
1277 1462 1354 1524 lidei
1377 1464 1577 1525 documenta.
1594 1461 1633 1524 Et
1652 1462 1713 1525 iste

161 1555 313 1635 operibus
328 1555 368 1617 ad
383 1575 494 1619 causas
516 1556 669 1638 ipsorum,
684 1576 703 1619 e
717 1555 818 1637 signis
832 1576 911 1639 quo-
966 1567 1014 1620 est
1028 1558 1151 1639 primus
1167 1559 1237 1639 ejus
1253 1560 1448 1639 intimusque
1464 1558 1714 1638 ellectus‚ratio-

161 1670 223 1733 que
251 1652 292 1714 ad
319 1653 486 1715 veritatem
515 1654 650 1717 transire
680 1678 688 1716 ι
719 1663 794 1717 tunc
822 1656 909 1717 enim
965 1675 1040 1718 nem
1065 1657 1171 1720 taliter
1194 1656 1367 1721 informare
1389 1680 1395 1718 :
1419 1656 1583 1737 potissime
1606 1664 1712 1719 umen

160 1750 356 1814 exteriorum
381 1770 512 1815 suorum
536 1752 687 1834 magister
708 1762 741 1815 et
765 1753 911 1835 cognitor
965 1755 1059 1818 docet
1072 1754 1235 1818 hominem
1252 1774 1285 1817 se
1306 1756 1410 1836 ipsum
1432 1753 1588 1817 veraciter
1609 1755 1714 1817 consi-

159 1849 305 1911 veritatls
319 1850 475 1929 ellicitur,
491 1851 602 1931 sicque
621 1851 660 1914 ad
683 1851 841 1915 internam
863 1853 911 1916 vi·
927 1850 952 1913 B
966 1852 1088 1931 derare,
1106 1853 1280 1934 praesertim
1305 1871 1362 1934 per
1382 1852 1652 1933 comparationem
1673 1853 1712 1915 ad

159 1954 225 2009 tarn
241 1948 453 2029 progreditur.
966 1950 1099 2013 virtutes
1113 1969 1150 2013 ac
1166 1950 1255 2027 vitia,
1272 1970 1311 2013 an
1327 1950 1451 2014 scilicet
1470 1951 1571 2013 bonus
1587 1970 1626 2013 an
1643 1969 1713 2031 prc-

199 2044 273 2107 llcec
302 2045 402 2107 divini
433 2046 576 2111 Doctoris
600 2046 740 2129 eloquia,
767 2048 851 2111 sicut
876 2048 909 2110 in
966 2066 1026 2110 vus
1050 2048 1190 2125 exsistat,
1216 2068 1257 2111 an
1282 2048 1479 2112 conscientia
1507 2048 1567 2111 sibi
1594 2049 1711 2111 bonum

159 2142 235 2205 stilo
260 2140 417 2205 facillima
445 2152 530 2221 sunt,
557 2145 604 2208 sic
632 2146 667 2207 in
695 2145 911 2227 profunditate
966 2145 1184 2208 testimoninm
1205 2146 1352 2227 praebeat,
1369 2165 1408 2209 au
1428 2165 1509 2228 opus
1534 2145 1588 2208 Dei
1614 2146 1714 2228 negli-

160 2241 328 2303 sententiae
346 2241 544 2305 dillicillima
561 2252 704 2321 erstant3
725 2252 757 2307 ct
777 2244 804 2307 si
829 2244 911 2307 bene
966 2251 1077 2323 genter
1099 2243 1269 2325 persolvat.
1285 2244 1503 2307 -Secundus
1525 2244 1600 2307 doni
1617 2244 1713 2325 hujus

159 2339 393 2421 intelligantur,
419 2349 496 2404 tunc
523 2341 632 2404 omnia
659 2361 729 2424 qua
758 2342 798 2405 de
826 2345 910 2406 dono
966 2340 1114 2423 eftectus,
1132 2343 1277 2422 estquod
1294 2342 1545 2406 lacitabstlncre
1567 2363 1585 2406 a
1607 2343 1711 2423 malis,

159 2437 303 2501 scientie
321 2438 406 2501 dicta
428 2448 503 2502 sunt
522 2448 616 2521 atque
637 2440 783 2519 dicenda,
805 2440 911 2522 limpi-
967 2438 1061 2501 idest
1077 2439 1110 2501 in
1127 2440 1232 2503 medio
1247 2440 1385 2503 nationis
1400 2459 1505 2521 prcvae
1526 2448 1620 2523 atque
1643 2459 1714 2521 per·
1726 2466 1827 2523 ριιιιῃ,
1839 2480 1860 2519 ..,

158 2536 232 2598 dius
253 2537 464 2600 innotescent.
965 2556 1065 2599 versee
1081 2536 1282 2601 laudabiliter
1296 2538 1490 2618 conversari,
1506 2540 1713 2619 quemadmo-
1728 2532 1760 2573 ¹⁵·

965 2634 1041 2697 dum
1057 2644 1185 2697 sanctus
1200 2635 1257 2698 lob
1272 2644 1484 2700 contestatur:
1498 2636 1579 2699 Ecce
1595 2636 1714 2717 (inqui-
1726 2654 1768 2760 {3⁶
1788 2668 1860 2707 ιιιιιι,

337 2792 582 2857 muudus
611 2792 736 2857 mv·
964 2734 1715 2913 tt‘ttttttlltltltttt‘t

252 2942 302 3002 De
329 2941 483 3017 subjecto,
512 2942 633 3018 objecto
660 2951 691 3001 er
719 2963 818 3003 cama
964 2929 1078 2991 cedere
1097 2948 1116 2991 a
1136 2930 1230 3007 malo,
1247 2928 1460 3011 intelligentia
1475 2928 1538 3009 (vel
1563 2930 1708 3009 scientia,

409 3032 491 3089 deni
506 3031 660 3091 scientie.
928 3028 1140 3094 Csecundum
1169 3027 1265 3091 aliam
1292 3028 1454 3106 litteram).
1480 3027 1582 3091 Pietas
1606 3036 1712 3091 autem

965 3126 1025 3189 boc
1041 3127 1111 3189 loco
1127 3145 1184 3207 pro
1200 3126 1286 3189 cultu
1302 3124 1356 3187 Dei
1371 3126 1539 3207 accipitur,
1556 3126 1610 3207 qui
1631 3124 1714 3189 Gra-

231 3222 321 3284 tulo
335 3240 430 3303 porro
445 3222 478 3283 in
495 3222 651 3286 rationem
665 3224 862 3305 superiorem
877 3233 909 3287 et
965 3244 1001 3287 cc
1023 3228 1169 3309 θεοσέβεια
1189 3224 1377 3307 appellatur,
1394 3224 1426 3287 in
1450 3224 1504 3287 Dei
1530 3225 1712 3305 cognitione

245 3320 432 3384 interiorem
461 3321 598 3402 partitur
627 3345 634 3383 :
661 3341 726 3385 non
754 3324 845 3404 quasi
875 3324 907 3385 in
964 3342 1001 3385 ac
1016 3322 1188 3387 dilectione
1203 3323 1392 3385 consistens.
1409 3323 1532 3385 Tertius
1553 3322 1627 3386 doni
1652 3322 1713 3385 sei-

155 3420 237 3482 duas
266 3420 409 3482 diversas
437 3420 553 3483 animur
580 3420 677 3499 vires,
713 3423 768 3485 sed
797 3424 908 3486 eadem
964 3421 1057 3483 entiae
1077 3420 1213 3483 eftectus
1230 3440 1286 3483 seu
1301 3428 1401 3499 actus,
1418 3427 1466 3482 est
1488 3418 1710 3501 temporalium

155 3519 239 3581 ratio
258 3525 354 3600 prout
371 3517 481 3580 divina
503 3519 747 3600 contemplatur,
763 3521 910 3601 superior
963 3537 1070 3581 rerum
1094 3518 1327 3581 administratio
1356 3525 1442 3579 recta
1467 3524 1498 3578 ct
1521 3516 1648 3579 ellicax.
1673 3518 1711 3579 Et

154 3615 348 3697 appellatur,
373 3616 484 3695 sicque
509 3616 673 3697 sapientiae
702 3617 787 3680 dono
811 3618 908 3699 perli-
963 3617 1021 3679 bos
1036 3617 1116 3678 duos
1136 3615 1272 3678 ellectus
1292 3615 1436 3677 attribuit
1450 3614 1657 3696 Augustinus,
1679 3624 1710 3677 et

155 3714 258 3785 citur;
276 3713 335 3776 et
328 3732 360 3774 ru
380 3720 534 3794 quantum
555 3714 641 3776 circa
659 3723 820 3777 creaturus
839 3736 909 3779 r-er
963 3722 1033 3796 post
1049 3732 1122 3775 euru
1137 3712 1293 3794 Magister,
1306 3714 1390 3775 dono
1406 3711 1557 3775 scientie.
1569 3714 1711 3788 -Quar
1736 3740 1764 3784 s
1765 3744 1797 3784 ι,
1820 3741 1855 3793 ιιι

154 3820 256 3888 satur,
271 3810 406 3873 inferior
419 3809 549 3890 dicitur,
561 3819 594 3873 et
608 3811 652 3874 ita
666 3812 809 3875 scientie
823 3814 908 3877 dono
963 3820 1013 3874 tus
1024 3812 1095 3892 ejus
1107 3810 1306 3890 ellectus,est
1319 3809 1625 3891 compendiosiorem
1641 3810 1740 3909 elli·B
1722 3802 1815 3846 ‘Mu
1816 3806 1857 3856 Α·

153 3917 298 3971 ornatur.
324 3908 511 3988 Subiectum
537 3926 612 3990 crgo
640 3910 736 3991 hujus
766 3910 907 3975 scientie
962 3910 1183 3990 caelorumque
1198 3908 1389 3991 proficiendi
1405 3906 1490 3969 viam
1506 3915 1538 3969 et
1553 3865 1748 3971 summamB'

152 4016 202 4069 est
218 4006 300 4070 ratio
316 4006 458 4069 interior.
471 4006 905 4120 -0bjectumveroipsius,
962 4008 995 4069 in
1030 4008 1154 4070 eunctis
1188 4007 1320 4088 agendis
1353 4005 1577 4068 discretionem
1605 4014 1710 4068 osten-

153 4112 203 4167 est
216 4124 270 4167 res
284 4112 390 4167 creata
404 4104 464 4167 sub
480 4104 545 4168 lide
560 4114 718 4169 contentu.
735 4106 804 4169 Non
819 4108 905 4171 enim
961 4106 1035 4169 dere
1053 4129 1060 4167 :
1076 4123 1172 4186 quam
1194 4104 1335 4167 scientiae
1357 4103 1586 4185 perlectionem
1609 4104 1710 4186 adipi-

151 4202 289 4283 pmcise
303 4209 353 4265 est
366 4201 453 4264 circa
467 4210 557 4265 actus
571 4202 740 4282 humanos,
755 4206 906 4287 quemad·
921 4207 946 4269 D
960 4213 1093 4267 scuntur
1113 4204 1168 4285 qui
1193 4202 1378 4267 exercitatos
1398 4202 1517 4265 habent
1537 4222 1648 4265 sensus
1669 4204 1707 4267 ad
1721 4220 1854 4275 notram.

152 4302 287 4363 modum
315 4301 435 4362 donum
467 4300 606 4380 consilii,
636 4302 692 4365 sed
720 4303 806 4366 circa
834 4324 904 4367 esse
959 4302 1185 4367 discretionem
1201 4302 1275 4365 boui
1291 4321 1328 4365 ac
1343 4300 1442 4379 mali;
1464 4301 1519 4381 qui
1539 4320 1611 4365 cum
1627 4302 1709 4382 Apo·

151 4408 310 4474 creatum,
327 4398 409 4461 bene
423 4407 518 4480 atque
538 4398 653 4462 idonee
673 4400 768 4463 rebus
789 4403 904 4466 creatis
959 4402 1040 4465 stolo
1070 4402 1110 4463 de
1138 4402 1229 4465 hoste
1254 4400 1385 4481 antiquo
1416 4400 1522 4462 dicere
1549 4408 1671 4481 queunt
1697 4422 1704 4463 ε

151 4506 260 4578 utens,
277 4497 339 4559 rite
357 4496 396 4559 de
416 4496 481 4559 illis
503 4496 656 4576 sentiens,
673 4499 905 4563 rationabiliter
959 4498 1027 4563 Non
1042 4500 1225 4582 ignoramus
1242 4497 1448 4580 cogitationes
1464 4497 1544 4577 ejus.
1561 4496 1598 4558 lli
1613 4498 1707 4579 quip-
1719 4515 1851 4571 ιισοιιιιι.

149 4595 299 4678 deipsis
323 4595 483 4677 judicans,
506 4604 601 4678 atquc
624 4598 801 4661 secundum
827 4599 903 4663 fidei
960 4618 999 4681 pe
1024 4597 1249 4661 discretionem
1274 4595 1443 4677 spirituum
1468 4594 1616 4657 videntur
1641 4614 1706 4659 sor·

149 4695 348 4758 documenta
361 4694 401 4755 de
415 4693 532 4756 talibus
545 4704 685 4758 mentem
705 4697 901 4761 illuminaus.
959 4698 1021 4760 titi.

148 4793 382 4869 -Postremo,
399 4791 459 4855 ista
483 4792 617 4856 scientia
639 4795 771 4858 omnino
795 4816 905 4879 super·
999 4794 1140 4876 Denique
1156 4795 1274 4856 donum
1290 4788 1431 4853 scientie
1453 4786 1631 4853 triformem
1652 4790 1708 4857 ob·

149 4890 311 4953 naturalis
325 4898 384 4968 est,
392 4891 659 4972 quemadmodum
673 4894 806 4958 virtutes
821 4895 906 4959 theo
959 4894 1040 4956 tinet
1062 4893 1206 4974 gradum.
1229 4889 1350 4952 Primus
1375 4889 1409 4951 in
1434 4907 1472 4953 co
1497 4890 1655 4971 consistit,
1673 4896 1708 4953 ut

150 4991 269 5073 logica
285 5013 293 5052 ε
310 4990 396 5053 unde
409 5009 429 5052 a
444 4991 512 5055 solo
527 4991 592 5055 lleo
610 4993 778 5059 benedicto
792 5003 824 5057 et
837 4996 905 5078 glo·
958 4993 1054 5057 homo
1068 4991 1218 5054 universa
1233 4996 1337 5051 creata
1352 4996 1498 5069 respectu
1517 4989 1634 5051 divine
1653 5008 1708 5053 na·

150 5091 243 5153 rioso
258 5088 783 5171 infunditur,praestatur,creatum
796 5102 903 5175 estque
959 5099 1036 5154 turae
1055 5091 1175 5153 caduca
1198 5096 1229 5150 et
1254 5104 1336 5148 vana
1355 5094 1536 5167 cognoscet,
1553 5105 1611 5149 nec
1636 5105 1709 5168 pro—

150 5188 194 5250 ab
220 5205 261 5249 eo
285 5184 491 5264 fiducialiter,
508 5186 742 5253 incessabiliter
766 5199 798 5253 et
822 5191 905 5255 alle·
959 5198 1030 5272 pter
1044 5208 1077 5251 se
1092 5186 1254 5268 diligenda
1269 5202 1329 5245 nec
1349 5202 1408 5265 pro
1430 5182 1496 5245 line
1518 5184 1630 5247 ultimo
1652 5203 1708 5266 ap-

150 5283 361 5351 ctuosissime
380 5283 592 5367 imploranda.
958 5288 1096 5371 petenda
1131 5283 1298 5365 intelliget,
1330 5282 1440 5361 eisque
1475 5282 1582 5343 minus
1609 5301 1705 5369 quam
