4309 6259
448 478 509 546 tat
739 500 780 546 or
800 499 957 547 rnacmuo
977 501 1015 546 ar
1036 500 1200 547 nrourraru
1220 500 1335 559 uuam,
1358 500 1446 548 uruan
1468 503 1512 547 ιιι.
1535 521 1576 531 -
1596 504 1665 549 aar.
1689 503 1699 549 1

448 677 553 735 tutum
567 670 767 753 plenitudine
781 671 949 749 illustrem,
965 670 1055 735 avili
1070 671 1196 735 vitioso
1210 671 1235 733 A
1251 670 1420 753 opifexque
1445 672 1567 752 mundi,
1584 670 1720 737 sublime
1745 681 1839 755 atque
1863 672 1985 737 fortissi-

449 787 511 851 que
534 770 749 833 homuncione
773 769 907 849 laudari,
933 770 995 833 hoo
1019 770 1195 851 praesertim
1249 788 1337 832 mum
1363 770 1473 834 volens
1502 770 1536 834 in
1564 770 1658 834 Maria
1686 771 1792 835 moliri
1822 771 1984 835 aedificium

450 868 599 932 laudandi
629 869 734 947 mode,
760 886 825 932 non
853 870 955 931 decet.
982 870 1194 931 'fremendum
1250 868 1449 949 (aedificium,
1465 871 1607 951 inquam,
1625 890 1662 933 eu
1681 870 1850 933 virtutibus
1872 872 1984 935 cunctis
2104 930 2105 955 ,

449 967 537 1030 enim
551 986 591 1029 ne
605 968 705 1031 lector
722 986 761 1029 ex
782 967 882 1049 ipsius
903 968 1023 1049 scripto
1043 986 1108 1030 non
1128 967 1195 1048 jam
1250 970 1475 1051 compactum),
1487 969 1599 1031 stabile
1614 968 1810 1051 firmumque
1824 970 1858 1031 in
1873 988 1909 1031 ea
1924 969 1984 1031 iun·
2104 956 2105 985 l

448 1066 627 1129 aedificetur
640 1075 671 1129 et
684 1067 887 1144 accendatur,
895 1068 949 1129 sed
965 1066 1196 1129 scandalizetur
1249 1067 1433 1129 damentum
1445 1068 1591 1149 projecit.
1604 1066 1717 1131 Annon
1733 1067 1907 1148 spiritualis
1921 1086 1984 1130 con·
2103 986 2105 1137 i

449 1165 561 1246 magis,
577 1164 745 1247 potiusque
759 1165 996 1243 obtenebretur,
1012 1172 1125 1245 utputa
1143 1183 1195 1228 oo·
1249 1164 1434 1228 structionis
1458 1164 1703 1228 fundamentum
1733 1164 1833 1228 fidem
1862 1170 1983 1229 censesf

449 1264 609 1327 cesionem
641 1263 748 1326 minus
783 1264 877 1345 digne
911 1263 1070 1344 cogitandi
1100 1271 1194 1344 atque
1248 1263 1367 1345 quippe
1381 1282 1451 1345 quae
1466 1284 1555 1346 spem
1576 1263 1719 1341 initians,
1736 1264 1898 1327 caritatem
1918 1284 1984 1345 quo

444 1362 598 1445 laudandi
632 1363 744 1425 exinde
775 1363 816 1425 de
844 1363 1106 1445 prestantissima
1133 1370 1194 1425 tra·
1248 1380 1310 1442 que
1325 1362 1448 1424 inducit
1462 1370 1614 1443 quamum
1631 1363 1670 1424 ad
1685 1371 1875 1439 actum,non
1891 1366 1982 1443 quoad

448 1460 540 1522 hans.
556 1460 636 1535 Quid
651 1461 749 1541 igitur
766 1464 880 1542 egamf
896 1461 928 1522 Si
950 1462 1098 1542 procedo,
1116 1480 1194 1542 praa
1247 1458 1374 1521 habitus
1398 1460 1453 1540 qui
1478 1458 1575 1521 infusi
1601 1460 1760 1523 dicuntur.
1778 1460 1929 1542 Denique,
1941 1461 2079 1542 jurata.

448 1566 653 1640 sumptuosus
673 1559 805 1638 videor;
821 1559 848 1620 si
868 1576 969 1637 cesso,
985 1560 1190 1622 temerarius:
1248 1564 1315 1619 stus
1329 1576 1367 1619 ex
1381 1556 1447 1619 fide
1461 1557 1557 1636 vivit3
1570 1565 1601 1620 et
1616 1558 1781 1635 item,sine
1797 1557 1863 1621 fide
1878 1558 1983 1641 impos
1994 1584 2080 1628 aaut.

448 1675 506 1719 cur
532 1674 669 1737 namque
694 1658 779 1738 quod
802 1655 958 1738 perficere
986 1675 1122 1738 nequeo,
1146 1657 1193 1719 in·
1249 1654 1339 1717 sibile
1354 1654 1540 1737 estplacerc
1555 1655 1618 1719 Deo
1632 1674 1768 1738 :nempe
1783 1656 1845 1718 nisi
1860 1656 1984 1719 credide
2004 1682 2059 1724 rsa
2070 1686 2080 1723 ι

447 1754 562 1817 choare
584 1754 752 1817 volebamf
1249 1753 1359 1833 rimus,
1376 1771 1441 1816 non
1463 1754 1573 1836 utique
1594 1754 1825 1835 intelligemus.
1993 1747 2037 1800 ³¹¹¹*
2045 1743 2081 1784 ω’

487 1852 546 1915 Sed
567 1870 608 1913 en
627 1852 802 1917 consolatio
825 1853 1059 1937 consiliumque
1083 1855 1230 1918 occur-B
1288 1851 1345 1928 Tu,
1371 1851 1519 1931 alferis,
1545 1852 1731 1933 patriarchae
1756 1852 1890 1915 Abrahae
1918 1872 1984 1935 pra

446 1958 531 2013 runt.
557 1951 691 2014 Domina
718 1952 805 2016 enim
833 1972 915 2032 mea,
941 1972 1122 2035 quanquam
1153 1954 1194 2016 sit
1249 1950 1491 2012 stantissimaes
1507 1949 1586 2029 filia,
1602 1959 1743 2013 nontam
1759 1951 1864 2013 carnis
1885 1970 1984 2033 propa-

446 2048 593 2113 sublimis
608 2057 639 2111 et
652 2068 778 2131 magna,
795 2059 843 2113 est
857 2050 959 2114 nihilo
978 2052 1085 2113 minus
1107 2052 1193 2114 mitis
1247 2046 1322 2127 gine
1347 2066 1442 2127 quam
1466 2046 1542 2110 fidei
1567 2048 1725 2130 aequitate.
1747 2048 1886 2111 Credidit
1909 2048 1984 2110 euim
1996 2066 2077 2107 aare

446 2155 478 2210 et
504 2147 569 2229 pia,
595 2147 727 2209 humilis
755 2156 787 2210 et
814 2147 1012 2227 affectuosa;
1042 2150 1192 2231 denique,
1249 2144 1302 2207 ille
1316 2145 1391 2225 Deo,
1408 2154 1440 2207 et
1454 2153 1633 2227 reputatum
1648 2154 1697 2209 est
1715 2146 1745 2209 ei
1767 2146 1982 2229 adjustitiam.

298 2264 431 2319 renovo.
446 2245 666 2308 miserationes
682 2244 752 2326 ejus
767 2265 863 2326 super
877 2247 986 2309 omnia
999 2265 1095 2328 opera
1110 2248 1191 2328 ejus.
1246 2244 1342 2305 Porro
1357 2251 1389 2305 et
1406 2252 1440 2305 tu
1460 2263 1585 2324 quoque
1604 2244 1706 2324 beata,
1723 2245 1875 2325 quoniam
1896 2244 1985 2307 credi·
1996 2261 2034 2303 ιι
2045 2262 2077 2303 ιιι

444 2344 502 2407 Eia
516 2361 602 2423 ergo,
618 2362 718 2423 egene
740 2351 772 2405 et
792 2362 924 2426 pauper,
941 2344 968 2406 si
990 2344 1191 2427 deiformem,
1248 2340 1332 2403 disti.
1363 2342 1588 2405 Verumtamen
1617 2342 1689 2424 plus
1717 2361 1813 2423 quam
1838 2343 1984 2406 Abraham

446 2442 708 2523 superexaltatam
728 2449 759 2503 et
777 2442 943 2505 Dominam
965 2442 1093 2506 laudare
1115 2442 1195 2506 affa-
1248 2439 1326 2501 haec.
1343 2440 1398 2501 llle
1420 2458 1558 2519 namque
1580 2459 1663 2521 saepe
1684 2448 1738 2503 aut
1759 2441 1926 2519 dubitavit,
1940 2450 1985 2503 aut
2008 2458 2084 2500 aare.

446 2540 537 2621 rique
551 2538 745 2616 metuis,our
758 2540 869 2620 utique
884 2539 1147 2621 benignissimam
1163 2551 1204 2627 ct¹
1248 2545 1334 2599 certe
1362 2536 1517 2599 dubitanti
1545 2537 1660 2599 similis
1689 2538 1818 2600 exstitit.
1849 2537 1984 2601 Divinam
1998 2523 2023 2562 ¹³·

446 2638 522 2700 item
536 2636 749 2699 humillimam
766 2636 1094 2712 formidaleuamvis
1110 2659 1195 2701 nem·
1248 2652 1364 2715 nempe
1378 2634 1417 2695 de
1431 2635 1593 2697 nascituro
1608 2654 1645 2697 eu
1659 2635 1735 2697 Sara
1750 2634 1820 2697 filio
1839 2636 1987 2717 pollicita-

298 2766 431 2815 ΜΝ,
446 2756 486 2819 pe
501 2754 564 2798 non
580 2734 622 2797 sit
636 2735 782 2817 speciosa
797 2734 866 2798 laus
882 2736 915 2798 in
930 2754 984 2799 ore
1006 2739 1193 2818 peccatoris,
1249 2732 1368 2794 tionem
1392 2732 1525 2813 adeptus
1552 2756 1559 2793 ε
1584 2732 1704 2794 Utinam
1730 2733 1860 2814 (inquit)
1884 2734 1986 2796 ismael
2000 2751 2040 2794 ua
2050 2752 2066 2790 o

316 2855 385 2907 rat,
398 2858 430 2899 u.
445 2849 501 2893 cor
524 2839 630 2895 tamen
657 2832 829 2895 contritum
855 2841 888 2895 et
908 2834 1110 2896 humiliatum
1138 2836 1196 2897 mi·
1250 2828 1335 2891 vivat
1349 2847 1455 2892 coram
1473 2838 1513 2891 te.
1526 2830 1591 2892 lloc
1606 2830 1765 2909 equidem,
1778 2831 1805 2892 si
1821 2832 1880 2894 rite
1896 2850 1989 2894 recor·

445 2928 697 2992 sericordissima
721 2931 985 3011 superduloisque
1011 2932 1105 3013 Virgo
1130 2952 1194 2995 non
1250 2928 1317 3005 dor,
1335 2928 1374 2989 ad
1389 2928 1592 3009 pollicentem
1608 2928 1719 3009 Deum,
1736 2928 1767 2990 id
1787 2937 1836 2991 est
1849 2929 1988 3011 angelum
2108 2962 2109 2969 ι

446 3028 592 3107 despicit.
621 3028 720 3109 lgitur
750 3028 972 3109 imperfectum
1001 3048 1039 3091 ac
1067 3025 1231 3093 inserti-c
1251 3025 1282 3086 in
1298 3026 1353 3088 Dei
1368 3044 1504 3107 persona
1518 3026 1711 3106 loquentem,
1729 3036 1881 3108 tanquam
1896 3029 1934 3091 de
1950 3028 1990 3107 gi-

446 3124 593 3187 cientiam
623 3135 710 3189 tuam
745 3125 904 3189 confitens
932 3135 1025 3209 atque
1060 3148 1195 3210 perpen-
1251 3125 1377 3205 gnendo
1391 3124 1476 3187 Isaac
1492 3124 1644 3187 fiduciam
1659 3144 1724 3189 non
1738 3124 1990 3203 habens,effatus

444 3222 534 3301 denS,
563 3223 596 3285 in
627 3224 728 3305 ipsius
758 3244 885 3305 quoque
914 3225 1084 3288 clementia
1113 3228 1195 3292 siout
1251 3230 1309 3300 est,
1330 3229 1385 3284 aut
1408 3230 1493 3284 certe
1517 3222 1653 3285 videtur.
1675 3223 1830 3304 Denique,
1853 3224 1988 3286 divinum

445 3320 484 3382 ab
504 3321 630 3385 exordio
651 3322 830 3400 confidens,
849 3342 980 3385 securus
1002 3342 1194 3406 prosequere
1250 3321 1289 3383 de
1313 3320 1504 3401 possidenda
1523 3329 1607 3383 terra
1627 3322 1820 3401 promissum
1843 3323 1987 3387 sortitus:
2109 3390 2110 3401 ,

446 3420 529 3500 quod
544 3428 651 3482 restat.
663 3420 693 3482 Si
708 3422 795 3483 enim
810 3421 1001 3499 laudaveris,
1013 3440 1193 3504 quanquam
1249 3418 1337 3481 Unde
1351 3418 1432 3499 (ait),
1445 3418 1577 3481 Domine
1592 3420 1685 3497 Deus,
1696 3438 1827 3501 possum
1843 3420 1902 3485 hoc
1917 3422 1989 3483 scire
2001 3440 2083 3484 nens
2109 3420 2110 3429 ’

447 3534 511 3580 ιιοιι
526 3525 562 3579 ut
575 3518 645 3599 ipsa
658 3519 754 3598 digna
769 3526 827 3596 est,
845 3519 901 3581 sed
917 3526 951 3580 ut
965 3525 999 3580 tu
1014 3520 1112 3601 vales,
1125 3542 1194 3604 spe·
1249 3517 1333 3597 quod
1362 3534 1565 3598 possessurus
1594 3516 1654 3579 sim
1678 3520 1771 3579 eamf
1798 3520 1845 3581 Τιι
1869 3538 1951 3599 raro,
1972 3537 1989 3581 o

446 3630 482 3676 ro
503 3614 578 3694 quia
599 3623 765 3697 acceptum
787 3616 829 3678 sit
849 3617 890 3678 ei.
1250 3614 1438 3677 fidelissima
1452 3614 1558 3693 llaria,
1576 3616 1696 3677 ooelesti
1711 3634 1859 3697 praecone
1878 3618 1988 3695 audito,

487 3710 576 3775 Nunc
592 3732 679 3793 ergo,
693 3732 712 3778 ο
727 3715 1024 3796 praecordialissime
1037 3724 1070 3778 et
1085 3736 1194 3780 revera
1249 3731 1314 3776 non
1329 3732 1401 3776 mou
1417 3713 1502 3775 velut
1517 3712 1666 3775 hesitans
1682 3716 1875 3795 respondisti
1890 3716 1990 3779 :Unde

446 3809 578 3873 omnino
598 3810 702 3874 suavis
727 3820 820 3892 atque
845 3813 961 3876 decora
984 3814 1195 3877 delectabilis·
1248 3811 1310 3874 hoc
1326 3810 1448 3873 sciaml
1464 3818 1528 3888 aut,
1545 3809 1642 3883 Quale
1663 3812 1725 3873 erit
1745 3813 1825 3875 mihi
1847 3814 1990 3897 signumt

445 3927 508 3989 que
522 3908 627 3989 llarn'a,
645 3908 893 3972 clementissime
915 3913 1194 3993 maternaliterque
1249 3910 1309 3971 Sed
1325 3910 1455 3971 modum
1470 3908 1646 3987 sciscitans,
1664 3909 1769 3973 locuta
1788 3932 1822 3974 es
1840 3936 1848 3973 ε
1865 3913 1991 3988 Quomo
2003 3929 2086 3974 uena

446 4006 566 4085 adesto,
587 4013 619 4068 et
642 4026 712 4087 quae
737 4006 894 4071 universae
917 4009 1092 4071 sanctitatis
1116 4011 1195 4074 Fon·
1249 4008 1290 4070 do
1309 4006 1367 4069 fiet
1385 4007 1481 4083 istud,
1497 4007 1647 4088 quommn
1669 4008 1774 4070 virum
1796 4028 1861 4073 non
1884 4028 1992 4093 cogno

446 4112 511 4167 tem
535 4102 697 4186 peperisti,
724 4103 763 4166 de
791 4104 860 4186 ipsa
887 4106 1040 4169 virtutum
1069 4115 1194 4171 tuarum
1250 4108 1326 4169 scol
1352 4104 1531 4167 Certissima
1557 4124 1695 4187 namque
1720 4126 1831 4169 verum
1860 4108 1992 4189 itemque

447 4202 657 4284 plenitudine,
673 4202 844 4282 gratiarum
866 4204 944 4266 mihi
968 4206 1054 4268 rivos
1079 4206 1192 4286 influe,
1209 4208 1233 4269 D
1250 4203 1498 4285 omnipotentem
1514 4220 1584 4265 esse
1603 4204 1703 4265 Deum
1724 4205 1878 4269 cernebas
1891 4230 1900 4283 3
1915 4207 1994 4269 ideo-

446 4308 482 4363 ut
497 4308 567 4380 te,o
582 4300 725 4379 Domina,
736 4319 827 4364 mens
842 4320 913 4363 mea
928 4302 1069 4366 virtuose
1085 4324 1195 4385 sequa·
1250 4320 1311 4382 que
1326 4320 1385 4363 nec
1405 4300 1565 4363 mirabilia
1579 4300 1635 4363 Dei
1656 4301 1713 4364 tibi
1733 4304 1880 4366 nuntiata
1897 4304 1991 4367 aciem

448 4407 510 4478 tur,
533 4417 569 4462 os
593 4399 749 4461 veraciter
774 4398 889 4476 laudet,
915 4408 947 4462 et
970 4400 1038 4482 ipsa
1065 4402 1194 4466 demum
1250 4399 1366 4462 mentis
1381 4398 1514 4462 obruere
1536 4399 1670 4480 quibant
1687 4424 1694 4461 :
1710 4401 1864 4482 quoniam
1887 4403 1992 4464 immo

448 4497 514 4560 vita
528 4505 593 4559 tota
606 4496 773 4578 omnisque
788 4516 900 4560 sensus
914 4499 1058 4562 honoret.
1250 4497 1307 4560 bili
1327 4504 1420 4577 atque
1446 4495 1586 4577 perfecta
1607 4496 1753 4561 firmatus
1772 4498 1838 4561 fide
1858 4500 1989 4577 animus,

1250 4615 1313 4659 non
1334 4596 1373 4658 ad
1392 4603 1512 4657 naturae
1537 4589 1693 4676 ordinem,
1710 4598 1764 4660 sed
1790 4598 1829 4660 ad
1853 4598 1990 4661 divinam

596 4697 842 4763 ARTIGULUS
866 4698 1044 4764 PRIMUS,
1249 4693 1411 4776 prospexit
1428 4693 1614 4775 potentiam.
1631 4695 1719 4757 Unde
1743 4696 1782 4758 de
1806 4698 1902 4760 modo
1921 4716 1993 4779 pau-

487 4840 535 4899 De
579 4838 754 4913 effectione
772 4856 810 4895 ac
828 4858 860 4897 m
903 4839 1057 4897 nimine
1073 4841 1156 4916 fidei
1249 4792 1347 4872 lisper
1367 4792 1489 4868 edocta,
1506 4791 1613 4854 dixisti
1631 4816 1637 4853 :
1655 4792 1736 4856 Ecce
1757 4794 1872 4858 ancilla
1894 4795 2079 4859 Domi-nas.

553 4856 578 4913 p
641 4926 846 5001 cml-susem
861 4857 995 4988 ‘Zarioe'
1248 4890 1281 4951 ni
1296 4912 1304 4968 ;
1321 4888 1380 4952 fiat
1401 4890 1477 4951 mihi
1500 4892 1675 4953 secundum
1697 4892 1830 4954 verbum
1851 4902 1953 4956 tuum.

1289 4988 1421 5069 lnsuper
1448 4995 1482 5051 tu
1510 4988 1607 5051 Barac
1635 4988 1702 5052 fide
1727 4990 1857 5053 excellis
1886 5014 1893 5053 :
1920 4991 1991 5054 dum

305 5112 430 5170 mm,
511 5089 630 5150 ΕΑΤΑ
646 5105 719 5164 quoe
732 5087 916 5155 credidisti,
927 5088 1083 5165 quoniam
1094 5092 1193 5163 perfi-
1248 5085 1334 5148 enim
1355 5084 1475 5147 Debere
1501 5086 1671 5166 prophetes
1696 5088 1851 5150 divinitus
1873 5089 1935 5151 sibi
1956 5090 2096 5154 demam

525 5188 656 5245 σιέητιιν
669 5183 703 5244 in
718 5190 749 5245 te
763 5202 801 5242 ea
815 5203 888 5261 quae
901 5186 990 5243 dieta
1005 5194 1081 5244 sant
1099 5186 1160 5243 tibi
1173 5206 1192 5245 α
1247 5182 1393 5247 hostibus
1416 5182 1470 5245 Dei
1495 5184 1667 5264 sponderet
1695 5185 1906 5266 triumphum,
1932 5204 1991 5249 non
2004 5183 2021 5221 ⁹·

444 5286 593 5347 Domino.
624 5280 883 5365 sapientissimus
916 5281 972 5344 ille
999 5282 1192 5346 architectus
1248 5282 1358 5364 utique
1372 5282 1441 5345 sine
1455 5300 1493 5345 ea
1507 5283 1547 5345 ad
1568 5300 1708 5365 pugnam
1723 5282 1886 5363 proficisci
1902 5286 1993 5348 aude
