4309 6259
332 525 373 573 na
393 526 594 574 sunniacum
616 530 745 576 narnnrs
767 530 805 575 rr
824 530 922 577 vassa
943 528 1171 577 canaannrrorm
1186 530 1346 579 orntoous.
1369 552 1410 561 -
1430 534 1500 580 aar.
1524 532 1543 577 v
1655 516 1713 578 387

163 701 217 757 aut
234 694 463 777 exstinguatur,
483 706 515 760 et
534 698 619 761 valet
642 707 752 763 contra
771 700 910 763 inediam
924 700 950 763 Α
966 708 1071 762 motus
1099 701 1201 763 adlruc
1232 700 1402 765 infeliciter
1430 702 1714 783 damnabiliterque

163 792 359 873 spiritualem
378 812 417 856 ex
434 795 560 858 defectu
579 797 710 859 internas
731 796 910 861 refectionis
965 797 1132 879 proclivis.

163 909 198 953 ac
213 891 457 957 confortationis
475 895 687 958 evenientem.
703 896 911 970 Quemadmo·
1005 896 1150 959 Vcnrvns.
1167 896 1376 978 -Quidquid
1393 898 1434 959 sit
1453 898 1492 960 de
1511 906 1554 977 te,
1569 899 1631 961 boe
1651 897 1714 960 illis

163 988 238 1050 dum
273 989 368 1051 etiam
401 999 495 1072 potus
523 992 700 1073 refrigerat,
730 1001 761 1055 et
794 994 908 1058 bonam
966 992 1121 1074 contingit
1155 993 1221 1073 qui,
1256 1000 1291 1054 ut
1324 993 1405 1055 dixit
1435 994 1614 1075 Apostolus,
1649 1012 1800 1057 nonrcar.
1831 1029 1860 1067 n.

162 1085 239 1149 facit
266 1086 496 1168 digestionem3
521 1090 563 1152 ita
591 1091 652 1153 boc
676 1100 909 1155 sacramentum
965 1089 1142 1170 dijudicant
1161 1110 1276 1173 conpos
1296 1090 1432 1170 Domini,
1453 1090 1507 1172 qui
1527 1092 1714 1172 exquisitius
1728 1078 1761 1119 ²⁰·

162 1192 271 1246 contra
293 1186 437 1248 ardorem
459 1188 542 1250 male
562 1187 833 1252 inflammantium
856 1190 910 1253 de·
965 1206 1081 1270 corpus
1108 1207 1200 1251 suum
1225 1188 1369 1251 vestibus
1394 1196 1593 1270 exornarent,
1618 1198 1713 1271 atque

161 1280 350 1346 sidoniorum
365 1304 401 1347 ac
417 1284 565 1349 vitiorum
581 1285 658 1349 facit
679 1295 910 1368 temperamen-
965 1284 1143 1349 forinsecus
1173 1286 1394 1369 morigeratius
1423 1306 1456 1351 se
1491 1288 1654 1367 hebetent,
1686 1290 1713 1352 si

162 1388 239 1459 turn,
256 1390 289 1443 et
303 1390 441 1445 mentem
457 1384 559 1447 reddit
573 1384 720 1447 idoneam
741 1386 780 1449 ad
800 1387 910 1449 exstir-
965 1382 1197 1464 amagnatibus
1213 1382 1320 1446 sacnti
1335 1382 1431 1464 hujus
1446 1392 1552 1447 essent
1566 1385 1604 1447 ad
1620 1404 1715 1467 pran-

160 1479 302 1559 pandum
325 1480 500 1562 superflua,
525 1483 760 1546 vehementiam
784 1504 909 1568 qnoque
964 1480 1053 1543 dium
1077 1480 1200 1541 invitati
1229 1488 1260 1542 et
1288 1499 1361 1543 curn
1387 1479 1451 1542 illis
1476 1480 1650 1544 residerent
1673 1477 1713 1540 ad

160 1584 341 1639 sanctarum
365 1578 573 1643 affectionum
598 1582 637 1643 ad
658 1582 766 1645 dilecti
791 1584 909 1647 claram
965 1597 1120 1655 mensam,
1137 1596 1231 1659 quam
1247 1578 1384 1641 animam
1405 1596 1494 1640 suam
1510 1585 1624 1642 ornent
1638 1575 1715 1639 acti-

160 1684 190 1737 cf
214 1677 463 1740 contentativam
488 1680 701 1760 presentiam,
727 1682 911 1745 moderatur
966 1676 1024 1738 bos
1046 1675 1194 1739 virtuosis
1216 1695 1252 1739 ac
1275 1676 1474 1739 reverentiali
1497 1676 1582 1738 intus
1607 1676 1714 1738 modo·

160 1793 195 1835 ac
233 1774 427 1853 consolatur,
463 1796 502 1839 eo
540 1778 625 1860 quod
664 1778 798 1842 dilectus
835 1800 909 1843 vere
965 1774 1037 1852 stia,
1057 1774 1134 1835 dum
1154 1776 1193 1837 ad
1215 1776 1423 1855 reverendum
1439 1775 1549 1853 altare,
1566 1774 1604 1835 ad
1627 1791 1715 1835 men-

158 1872 319 1953 (quamvis
338 1872 552 1953 invisibiliter)
571 1895 709 1959 praesens
727 1876 793 1957 jam
815 1878 910 1940 habe-
928 1880 1034 1945 Bsam
1049 1874 1143 1955 Regis
1160 1873 1309 1951 coelestis,
1320 1874 1358 1936 ad
1374 1872 1577 1935 Eucharistiae
1592 1870 1715 1952 angelis

159 1979 240 2031 atur.
265 1970 429 2049 Praeterea,
453 1972 537 2035 sicut
560 1974 712 2037 alimonia
736 1976 910 2057 corporalis
966 1971 1134 2034 adorandae
1165 1970 1378 2051 sumptionem
1409 1980 1484 2033 sunt
1517 1969 1676 2034 accessuri
1707 1994 1714 2033 ι

160 2076 271 2131 contra
293 2070 484 2134 vacuitatem
503 2072 702 2135 stomachum
731 2074 842 2155 replet,
863 2075 910 2137 sic
967 2068 1038 2133 ideo
1070 2069 1261 2131 decrescunt
1297 2069 1397 2150 magis
1428 2088 1525 2151 quam
1558 2076 1714 2132 crescant.

159 2164 357 2229 Eucharistia
380 2176 490 2232 contra
513 2169 657 2233 inanium
682 2172 908 2253 cogitationum
965 2168 1036 2229 llaec
1056 2169 1176 2249 quippe
1196 2168 1346 2231 alimonia
1364 2187 1400 2230 ac
1422 2167 1544 2230 medela
1563 2186 1627 2231 non
1642 2185 1721 2249 ope-

159 2270 189 2323 ot
215 2262 400 2327 illicitarum
425 2265 635 2330 affectionum
660 2268 830 2332 vanitatem
855 2288 910 2331 cor
966 2266 1105 2327 raturin
1127 2265 1360 2347 accipientem
1381 2284 1534 2347 corporea
1555 2266 1716 2328 medicina

160 2360 273 2441 implet
300 2362 340 2423 ad
375 2363 591 2425 meditandum
624 2383 661 2427 ac
695 2368 912 2447 appetendum
965 2383 1126 2446 agensque
1155 2364 1310 2441 naturale,
1338 2364 1392 2425 sed
1420 2363 1508 2444 juxta
1536 2364 1654 2426 datoris
1679 2382 1716 2427 ac

160 2458 311 2536 salubria,
336 2467 372 2521 nt
397 2468 522 2542 tempus
549 2480 645 2525 omne
669 2461 831 2527 fructuose
859 2483 912 2525 ex·
965 2462 1122 2525 medentis
1152 2462 1331 2540 arbitrium,
1356 2470 1388 2525 et
1412 2462 1615 2543 suscipientis
1639 2480 1717 2543 prae-

160 2556 328 2637 pendatur,
346 2556 466 2639 fiatque
486 2559 580 2623 bomo
601 2559 703 2623 instar
723 2561 909 2625 Sanctorum
966 2561 1163 2643 parationem
1186 2578 1223 2622 ae
1244 2560 1403 2623 meritum.
1460 2572 1468 2585 ·

160 2652 275 2734 plenus
290 2654 741 2739 dierum.Breviterque,siout
755 2658 907 2723 alimonia
1005 2659 1177 2723 Sacanoos.
1198 2693 1238 2703 —
1264 2660 1306 2721 lle
1333 2678 1407 2721 vera
1430 2666 1461 2721 et
1485 2658 1613 2721 salutari
1639 2676 1718 2739 prat-

161 2750 214 2813 illa
237 2770 392 2835 corporea
419 2754 518 2818 vitam
546 2766 725 2837 conservat,
749 2757 833 2819 vires
861 2776 910 2821 ro
965 2754 1129 2837 paratione
1154 2756 1193 2817 ad
1219 2755 1445 2819 celebrandum
1473 2775 1509 2819 ac
1539 2756 1716 2819 communi-

160 2849 262 2928 borat,
279 2868 395 2933 corpus
410 2861 618 2932 sustentat,et
631 2856 793 2919 bominem
808 2875 909 2937 usque
965 2855 1115 2930 eandum,
1140 2852 1234 2932 infra,
1262 2862 1296 2915 ut
1321 2872 1424 2936 spero,
1449 2854 1608 2935 loqueris;
1629 2874 1715 2917 nunc

159 2948 198 3008 ad
223 2947 400 3029 perfectam
420 2950 499 3013 facit
521 2970 704 3015 excrescere
723 2961 817 3035 atque
839 2973 910 3035 per·
965 2961 1143 3015 ceterorum
1163 2950 1330 3013 nominum
1352 2952 1447 3032 hujus
1470 2952 1670 3030 sacramenti,
1688 2953 1715 3015 si

161 3046 286 3127 tingere
313 3049 533 3129 quantitatem,
563 3050 679 3113 bonam
712 3070 839 3136 quoque
872 3072 909 3117 ac
930 3050 1081 3133 Cplacet
1097 3050 1240 3132 exprime
1263 3049 1411 3113 taliones·

159 3143 295 3207 hilarem
318 3144 397 3209 facit
420 3146 664 3228 dispositionem
688 3149 720 3211 in
744 3159 850 3213 mente
878 3158 910 3214 et

159 3260 314 3325 corpore;
331 3244 377 3306 sic
399 3245 489 3307 cibus
510 3245 565 3308 ille
587 3246 725 3310 coelestis
745 3249 908 3313 bominem

159 3349 328 3405 conservat
355 3342 389 3403 in
417 3343 482 3405 vita
513 3344 634 3425 gratia,
664 3346 821 3411 confortat
854 3368 910 3431 po-
1184 3313 1431 3380 ARTICULUS
1456 3313 1496 3377 V·

159 3441 276 3502 iesslics
302 3440 429 3522 anime,
459 3451 492 3505 θῑ
518 3442 681 3507 h⁰mi¹¹0¹ss
709 3444 788 3509 sccii
820 3448 908 3511 omni
978 3466 1027 3524 De
1042 3464 1227 3523 rationibus
1242 3464 1279 3523 ob
1294 3482 1375 3541 quas
1391 3471 1631 3523 sacramentum
1645 3464 1703 3523 froc

159 3537 209 3600 die
235 3538 406 3621 proficere,
429 3540 540 3621 sicque
564 3542 604 3604 ad
629 3542 782 3606 virtutum
805 3544 910 3627 perie-
1151 3552 1309 3611 viaticum
1331 3554 1528 3627 appellatur.

160 3635 299 3699 ctionem
327 3638 485 3719 perducit,
513 3647 546 3701 et
573 3649 679 3704 mente
707 3661 744 3705 ae
777 3660 909 3725 corpore

160 3732 193 3795 in
207 3734 274 3798 lleo
288 3734 440 3814 letificat,
456 3737 546 3819 juxta
566 3739 651 3819 quod
667 3740 820 3822 scriptum
834 3750 883 3803 est
899 3766 906 3804 :
1006 3737 1151 3800 Ventris.
1168 3735 1369 3810 —Quamvis
1389 3735 1493 3817 passio
1508 3754 1579 3798 mea
1592 3735 1716 3799 dicatur

43 3844 59 3887 a
60 3860 146 3899 nnnnnn
160 3830 219 3894 (lor
238 3851 348 3895 meum
371 3842 403 3897 et
427 3852 502 3897 caro
526 3854 597 3898 mea
615 3837 852 3900 exsultaverunt
876 3840 908 3901 in
966 3836 1081 3899 fecisse
1091 3834 1201 3897 fienda
1215 3834 1300 3915 quod
1315 3834 1392 3897 fecit
1405 3834 1472 3916 jam
1486 3833 1581 3914 facta,
1598 3835 1657 3897 boc
1673 3843 1715 3897 ta·

43 3938 77 4025 ῑ,Ρ
106 3986 146 4024 m.
159 3929 260 3993 Deum
280 3930 400 3995 vivum.
421 3931 572 4015 Denique,
594 3934 678 3997 sicut
701 3954 828 4015 manna,
848 3938 909 4000 liu-
965 3954 1039 3997 men
1054 3941 1182 3997 nonest
1202 3931 1371 3997 omnifarie
1388 3931 1639 4013 intelligendum.
1657 3932 1714 3995 Ve

43 4036 60 4077 ’-
160 4027 317 4091 charistia
344 4028 441 4110 hujus
468 4030 584 4113 figura,
614 4032 708 4114 justis
741 4052 778 4097 ac
811 4036 909 4117 gratis
965 4052 1036 4095 rum
1061 4040 1110 4095 est
1130 4032 1277 4113 equidem
1302 4032 1385 4113 quod
1410 4031 1492 4093 sicut
1514 4030 1620 4113 passio
1643 4050 1715 4093 mea

160 4128 297 4191 contulit
310 4130 414 4192 omnis
429 4131 550 4213 saporis
566 4133 765 4214 suavitatem,
783 4134 827 4197 sie
842 4154 909 4218 ruy-
964 4130 1026 4193 fuit
1047 4148 1104 4212 pro
1118 4128 1267 4193 omnibus
1289 4129 1510 4208 satisfactoria,
1527 4129 1571 4192 ita
1592 4130 1714 4210 probis

159 4228 238 4291 stica
259 4228 321 4290 ista
336 4227 467 4292 refectio
488 4228 566 4293 tacit
586 4231 750 4295 hominem
772 4232 910 4296 delecta-
925 4228 1019 4310 oqui
1040 4227 1107 4291 fida
1121 4226 1256 4291 formata
1272 4227 1475 4291 crediderunt
1488 4246 1559 4290 cam
1574 4225 1714 4291 futuram

159 4324 267 4389 biliter
292 4326 442 4410 occupari
470 4335 502 4390 et
529 4329 682 4408 exerceri,
712 4348 777 4395 non
805 4332 908 4395 solum
965 4325 1130 4406 satisfecit,
1160 4324 1244 4389 sicut
1270 4342 1328 4408 pro
1356 4324 1407 4387 his
1440 4324 1495 4407 qui
1529 4344 1599 4388 earn
1627 4343 1713 4389 nunc

159 4423 193 4485 in
218 4444 285 4487 una
311 4425 439 4505 virtute,
465 4426 532 4490 imo
559 4428 660 4510 magis
689 4428 722 4491 in
750 4428 908 4494 universis
964 4425 1081 4488 factam
1097 4424 1239 4487 credunt.
1256 4423 1314 4487 Pro
1329 4422 1489 4501 omnibus,
1506 4422 1648 4505 inquam
1666 4442 1714 4486 sa·

159 4521 344 4602 virtutibus,
370 4524 413 4587 ita
435 4526 520 4607 qnod
546 4545 619 4589 cum
643 4528 761 4591 interni
786 4530 908 4612 saporis
964 4522 1140 4586 tisiactoria
1158 4520 1219 4584 fuit
1237 4529 1391 4603 quantum
1411 4522 1450 4583 ad
1470 4520 1711 4602 sufficientiam,

157 4620 329 4684 dulcedine
347 4630 427 4702 orat,
448 4622 629 4704 meditatur,
651 4625 799 4707 abstinet,
820 4646 909 4690 man·
964 4622 1020 4684 scd
1034 4628 1187 4703 quantum
1203 4620 1242 4682 cd
1262 4618 1482 4701 efficientiam,
1499 4637 1556 4700 pro
1576 4619 1626 4681 his
1645 4628 1714 4683 tan·

158 4719 291 4798 suescit,
307 4739 404 4802 seque
424 4720 582 4785 bumiliat.
963 4728 1031 4783 tum
1046 4720 1162 4801 quibus
1178 4718 1279 4780 virtus
1293 4736 1349 4780 seu
1363 4718 1510 4781 meritum
1522 4718 1592 4799 ejus
1607 4718 1714 4801 aliquo

197 4818 370 4882 Snoxnoos.
385 4852 427 4865 -
443 4820 527 4883 lleut
548 4840 599 4883 me
619 4820 782 4902 miserum,
803 4824 909 4888 Domi-
963 4819 1058 4882 modo
1073 4815 1260 4900 applicatur.
1273 4817 1379 4897 Porro,
1396 4816 1429 4879 in
1445 4818 1628 4899 evangeliea
1642 4818 1712 4901 lege

158 4930 199 4977 ne
215 4916 311 4995 Deua,
327 4916 382 4997 qni
404 4918 496 4981 toties
517 4918 626 4981 cibum
648 4920 733 4983 bunc
747 4929 779 4984 et
799 4930 909 5004 potum
964 4917 1004 4979 fit
1021 4916 1192 4999 applicatio
1212 4916 1272 4978 ista
1291 4934 1348 4997 per
1371 4916 1587 4979 ecclesiastiea
1609 4937 1713 4982 sacra·

158 5014 284 5095 sumpsi
311 5014 468 5095 divinum,
493 5023 526 5079 et
549 5016 651 5081 nihilo
674 5018 780 5081 minus
804 5021 908 5083 adbuc
963 5025 1082 5094 menta,
1110 5022 1318 5079 concurrente
1346 5013 1411 5077 fide
1441 5014 1511 5094 ejus
1535 5034 1711 5096 perquem

158 5112 369 5193 spiritualiter
382 5114 489 5177 aridus
504 5134 574 5178 sum
589 5124 621 5178 et
635 5118 910 5195 macer,niminm·
964 5113 1153 5195 applicatur,
1182 5122 1237 5175 aut
1271 5113 1341 5194 ejus
1376 5112 1426 5175 cui
1462 5112 1649 5195 applicatur.
1680 5114 1712 5176 Si

158 5227 222 5289 que
240 5210 389 5294 pusillus,
405 5232 442 5276 ac
463 5212 676 5295 spiritualium
697 5235 808 5298 expers
830 5217 910 5281 deli·
963 5221 1068 5275 autem
1099 5210 1269 5293 applicatio
1303 5211 1429 5273 realiter
1462 5210 1534 5273 fieri
1563 5218 1710 5291 nequeat,

159 5306 297 5388 ciarum,
317 5309 382 5373 inro
404 5312 444 5373 ad
468 5311 700 5375 irrationabiles
723 5314 908 5398 passionum
965 5310 1087 5374 sufficit
1122 5309 1238 5373 efficax
1266 5308 1456 5371 desiderium
1492 5307 1573 5389 ejus.
1605 5308 1714 5373 Sacra-
