4309 6259
446 466 503 531 tto
755 484 795 531 aa
815 486 905 533 cons
926 486 1061 535 seranus
1084 486 1202 543 sanari,
1225 486 1399 534 rnscrarus
1421 488 1453 534 n.
1476 506 1516 517 -
1530 488 1598 535 aar.
1623 482 1688 533 xvn
1726 446 1731 459 ⁵

444 653 583 739 ctionem
608 652 724 717 Doctor
745 654 874 717 divinus
899 655 932 717 in
959 656 1044 719 libro
1063 658 1103 718 de
1124 656 1195 717 Per·
1210 656 1232 717 Α
1250 656 1357 737 genti3
1385 657 1444 719 via
1469 657 1539 738 ejus
1564 656 1624 719 viae
1650 655 1800 738 pulchra,
1827 664 1857 719 et
1886 674 1993 721 omnes

445 751 584 815 sectione
616 752 758 815 iiliomm
787 754 841 816 itai
873 754 1006 835 pulchre
1042 774 1079 817 ac
1115 754 1194 816 mire
1249 755 1369 818 semitae
1384 754 1454 836 ejus
1470 756 1625 837 pacificae.
1643 756 1699 817 Dic
1714 756 1891 836 sapientiae,
1905 756 1995 819 Soror
2005 784 2102 830 mm,

445 850 610 912 describit.
1248 872 1319 915 mea
1334 874 1383 930 es;
1396 862 1427 915 et
1443 853 1643 934 prudentiam
1660 872 1737 917 voca
1752 853 1901 916 amicam.
1920 854 1994 915 Prac-

486 948 756 1012 Considerandum
784 970 923 1033 quoque,
949 953 1034 1033 quod
1061 951 1122 1013 ista
1148 970 1196 1013 sa·
1248 959 1333 1012 terea
1353 960 1481 1013 sanctus
1506 950 1563 1013 lob
1581 974 1587 1012 :
1607 952 1768 1032 Sapientia
1787 951 1920 1032 (inquit)
1945 952 1992 1014 ubi
2012 980 2103 1024 ratiti,

446 1047 574 1128 pientiae
589 1048 747 1128 tripartita
766 1049 942 1126 distinctio,
959 1058 1114 1113 consonat
1132 1049 1196 1111 dis·
1249 1048 1431 1111 inveniturl
1447 1058 1478 1110 et
1494 1049 1565 1129 quis
1580 1057 1628 1111 est
1647 1050 1735 1113 locus
1757 1048 1993 1130 intelligentlael
2008 1046 2032 1146 ἓξ
2046 1048 2069 1131 ξξ·
2081 1049 2096 1084 '³

446 1144 591 1207 tinctioni
619 1146 756 1209 triformi
787 1148 962 1229 prudentiae
986 1167 1080 1228 quarn
1106 1147 1196 1230 ponit
1249 1144 1352 1207 Nescit
1380 1145 1474 1208 bomo
1499 1146 1635 1227 pretinm
1666 1146 1747 1226 ejus
1775 1146 1842 1209 b'on
1872 1148 1995 1209 dabitur

447 1242 622 1304 Macrobius
646 1245 786 1307 secundo
811 1265 906 1326 super
934 1246 1099 1307 Somnium
1130 1245 1195 1306 Sci·
1249 1264 1359 1305 aurum
1385 1243 1534 1325 obryzum
1560 1262 1616 1325 pro
1641 1263 1698 1320 ea;
1729 1262 1791 1306 non
1817 1244 1996 1307 conferetur

447 1340 553 1422 pionis
570 1365 577 1401 z
594 1341 648 1403 Est
667 1342 842 1423 (inquiens)
862 1343 1030 1425 prudentia
1051 1343 1193 1426 politica,
1250 1341 1356 1402 tinctis
1378 1340 1474 1403 indiae
1501 1341 1673 1419 coloribuS,
1690 1362 1748 1405 nec
1772 1342 1867 1423 lapidi
1893 1342 1995 1405 sardo

446 1456 616 1520 perquam
636 1439 732 1503 bomo
757 1440 789 1501 in
816 1442 909 1503 rebus
934 1441 1083 1502 humanis
1113 1440 1193 1503 bene
1249 1438 1353 1519 nycho
1377 1438 1621 1520 pretiosissimo,
1639 1440 1689 1502 vel
1712 1440 1874 1521 sapphiro.
1892 1441 1994 1502 Perdi-

446 1556 480 1598 se
495 1536 606 1613 habet3
624 1547 672 1599 est
687 1545 718 1600 et
732 1538 901 1621 prudentia
916 1538 1109 1620 purgatoria,
1124 1558 1193 1619 quae
1250 1537 1294 1599 tio
1308 1545 1339 1599 et
1354 1556 1438 1599 mors
1458 1537 1605 1599 dixerunt
1623 1561 1629 1599 :
1647 1538 1783 1601 Auribus
1805 1538 1923 1601 nostris
1945 1559 1994 1601 au-

447 1642 559 1696 cuncta
583 1636 744 1698 mundana
773 1637 1042 1718 contemplatione
1070 1635 1195 1698 divino·
1249 1634 1388 1697 divimus
1403 1634 1519 1697 lamam
1536 1636 1617 1717 ejus.
1630 1637 1667 1698 Et
1682 1635 1715 1697 in
1732 1635 1813 1700 libro
1829 1636 1995 1718 Sapientia

446 1752 515 1794 rum
542 1733 728 1813 contemnit,
745 1743 775 1795 et
796 1734 829 1795 in
849 1735 918 1816 ipsa
937 1735 1046 1797 divina
1067 1753 1194 1796 omnem
1250 1732 1402 1814 scriptum
1428 1741 1475 1796 est
1499 1758 1505 1794 :
1528 1734 1672 1815 Cogitare
1691 1735 1730 1795 de
1750 1754 1799 1812 ea,
1816 1754 1931 1797 sensns
1952 1744 2103 1809 asinaria.

446 1830 617 1912 cogitatum
642 1831 776 1912 deligit,
802 1840 850 1894 est
875 1851 1001 1913 quoque
1026 1832 1195 1913 prudentia
1212 1828 1235 1889 ll
1250 1840 1509 1909 consummatus;
1530 1840 1561 1894 et
1586 1832 1639 1912 qui
1666 1832 1847 1913 vigilaverit
1870 1841 1996 1914 propter

445 1930 568 2012 purgati
589 1930 701 2007 animi,
723 1931 763 1992 ab
788 1932 875 1993 omni
895 1931 1006 1992 mundi
1026 1930 1122 2011 hujus
1142 1930 1196 1992 ad·
1250 1928 1349 2005 illam,
1367 1928 1429 1990 cito
1454 1928 1514 1990 erit
1539 1948 1680 2009 securus
1704 1937 1764 1992 etc.
1789 1930 1920 2010 Propter
1940 1931 1995 1993 hoc
2008 1950 2103 1994 ritant.

446 2029 594 2111 spargine
611 2048 688 2112 pure
702 2030 818 2091 detersi
840 2050 876 2092 ac
897 2029 1001 2107 liberi,
1020 2049 1077 2111 per
1100 2048 1194 2109 quam
1249 2027 1379 2107 (inquit)
1396 2026 1514 2108 optavi,
1532 2034 1562 2089 et
1581 2028 1673 2088 datus
1692 2035 1740 2089 est
1760 2028 1838 2089 mibi
1864 2047 1994 2105 sensns;
2008 2020 2025 2061 ⁸¹
2037 2018 2090 2061 '⁰¹¹¹‘

446 2128 625 2190 intellectus
641 2128 710 2209 ipsa
724 2128 835 2189 divina
850 2137 943 2209 atque
960 2147 1196 2209 superna,qna-
1251 2124 1410 2202 invocavi,
1432 2134 1463 2187 et
1488 2125 1628 2187 venitin
1650 2145 1701 2187 me
1723 2125 1853 2207 spiritus
1874 2126 1996 2207 sapien-

445 2225 472 2285 si
492 2226 578 2287 aliud
598 2225 677 2287 nihil
699 2225 752 2304 sit,
769 2227 1002 2308 contemplatur
1021 2246 1058 2288 ac
1078 2225 1193 2287 noscit.
1249 2223 1322 2299 tiae,
1340 2232 1370 2285 ct
1390 2224 1545 2305 praeposui
1568 2223 1656 2285 illam
1677 2224 1784 2305 regnis
1805 2232 1836 2286 et
1856 2225 1994 2305 sedibus,

445 2323 528 2385 Dicit
543 2323 638 2385 etiam
658 2332 802 2405 quartam
823 2344 893 2386 esse
914 2324 1128 2405 prudentiam,
1145 2343 1197 2385 ex·
1250 2330 1281 2383 et
1295 2321 1423 2383 divitias
1439 2321 1518 2383 nihil
1535 2341 1604 2383 esse
1625 2321 1690 2383 dixi
1707 2322 1739 2383 in
1760 2323 1996 2403 comparatione

445 2422 706 2503 emplarem,quae
720 2431 769 2484 est
783 2422 852 2505 ipsa
867 2423 1007 2485 increata
1023 2421 1196 2503 Sapientia,
1251 2420 1372 2501 ipsius,
1401 2439 1497 2502 super
1521 2420 1654 2482 salutem
1679 2430 1711 2483 et
1735 2420 1875 2502 speciem
1901 2420 1995 2484 dilexi

445 2542 496 2583 ars
510 2523 653 2585 omnium
670 2540 772 2584 rerum
791 2522 966 2584 rationibus
982 2521 1084 2601 plena.
1094 2520 1197 2583 Sumit
1251 2518 1349 2581 illam.
1368 2520 1528 2582 Venerunt
1549 2528 1654 2582 autem
1678 2518 1757 2581 mihi
1782 2520 1891 2582 omnia
1917 2521 1997 2583 bona

444 2628 550 2682 antem
580 2620 757 2683 Macrobius
787 2619 988 2702 prudentiam
1017 2619 1196 2682 communi·
1250 2617 1368 2697 pariter
1383 2635 1455 2679 cnm
1471 2617 1536 2679 illa.
1553 2616 1640 2679 Hanc
1662 2617 1765 2679 amavi
1788 2627 1820 2680 et
1840 2618 1996 2698 exquisivi
2009 2635 2105 2681 rauna.

445 2727 503 2796 ter,
520 2726 614 2800 prout
628 2718 666 2780 ad
684 2718 872 2800 sapientiam
896 2737 930 2779 se
951 2718 1103 2779 extendit.
1251 2714 1449 2795 ajuventute
1463 2734 1544 2793 mea,
1562 2722 1593 2777 et
1607 2715 1740 2796 quaesivi
1756 2734 1905 2797 sponsam
1931 2736 1996 2778 eam

1251 2813 1329 2874 mihi
1347 2832 1519 2891 assumere,
1536 2823 1568 2876 ct
1582 2822 1703 2877 amator
1722 2814 1825 2876 iactus
1845 2834 1917 2876 sum
1939 2815 1998 2879 ior-

631 2927 876 2991 ARTICULUS
900 2928 1009 2991 XVII,
1250 2930 1309 2973 mre
1324 2911 1421 2973 illius.
1438 2911 1481 2975 De
1495 2913 1555 2974 bac
1574 2931 1700 2993 qnoque
1720 2913 1875 2995 sapientia
1893 2914 1996 2996 accipi

1213 3009 1351 3092 Cpotest
1386 3012 1470 3092 qnod
1500 3011 1533 3073 in
1569 3011 1794 3074 Ecclesiastico
1823 3012 1960 3075 habetur
1988 3036 1995 3074 ε
2120 3036 2121 3105 l

1248 3109 1336 3172 Prior
1360 3109 1503 3172 omnium
1529 3118 1633 3173 creata
1657 3118 1706 3173 est
1730 3110 1907 3191 sapientia3
1931 3111 1997 3193 ipse
2020 3134 2104 3178 acerna

1249 3208 1455 3287 [ditissimus]
1472 3210 1592 3272 creavit
1610 3209 1698 3271 illam
1724 3209 1758 3271 in
1782 3210 1901 3292 Spiritu
1924 3202 2027 3273 San-⁹·
2040 3202 2064 3240 ¹⁰·

510 3306 621 3383 Onne,
639 3314 673 3368 ut
688 3306 843 3388 sapientia
859 3307 919 3369 ista
934 3306 1096 3369 ardentius
1111 3307 1194 3369 desi·
1248 3313 1311 3384 cto,
1338 3316 1369 3368 ct
1394 3307 1528 3388 praebuit
1553 3326 1622 3369 eam
1646 3307 1852 3388 diligentibus
1883 3328 1930 3371 se.
1957 3310 1997 3371 De

523 3406 661 3484 deretur,
679 3405 911 3469 indesinentius
927 3405 1115 3486 requiratur,
1133 3406 1195 3468 sol·
1247 3403 1309 3466 hoc
1325 3405 1488 3485 sapientiae
1502 3406 1585 3468 dono
1599 3404 1695 3467 isaias
1711 3413 1859 3468 testatur:
1872 3406 1997 3469 Divitia
2010 3404 2120 3474 inmari

444 3503 565 3566 licitius
593 3511 810 3582 conservetur,
837 3503 1071 3584 sublimiusque
1097 3502 1194 3584 perii·
1248 3502 1359 3563 salutis
1376 3502 1531 3583 sapientia
1546 3510 1576 3565 et
1592 3502 1740 3581 scientia3
1756 3513 1850 3584 atque
1865 3504 1998 3585 Aposto

444 3602 556 3680 ciatur,
575 3602 830 3683 tangendumest
846 3622 957 3684 parum
979 3602 1018 3664 de
1038 3601 1194 3683 dignitate
1248 3600 1297 3662 lus
1325 3624 1331 3662 :
1359 3600 1437 3663 Volo
1462 3619 1518 3664 vos
1547 3601 1707 3683 sapientes
1736 3621 1806 3664 esse
1836 3602 1868 3663 in
1897 3604 2112 3683 honestatae.

444 3700 556 3782 ipsius.
574 3701 629 3762 Est
642 3701 728 3763 enim
744 3700 933 3781 dignissima
948 3720 985 3763 ex
1001 3708 1089 3782 parte
1105 3700 1194 3781 obje-
1249 3699 1411 3781 simplices
1436 3700 1469 3760 in
1499 3699 1604 3776 malo;
1635 3708 1666 3763 et
1695 3700 1757 3762 alia
1785 3700 1895 3777 multa,
1927 3722 1996 3785 qnae

445 3798 499 3877 cti,
516 3818 614 3879 quum
632 3798 673 3861 sit
687 3799 773 3861 circa
787 3799 914 3877 divina;
932 3818 969 3860 ex
982 3807 1071 3880 parte
1088 3799 1194 3878 subje-
1248 3796 1342 3878 paulo
1364 3806 1436 3858 ante
1459 3796 1588 3859 inducta
1611 3806 1693 3860 sunt.
2008 3836 2105 3893 mm

446 3897 501 3975 cli,
530 3916 629 3977 quum
663 3898 705 3959 sit
734 3896 767 3957 in
799 3898 919 3960 ratione
949 3896 1106 3979 superiori
1137 3915 1193 3958 seu
1288 3896 1346 3957 Sed
1377 3896 1533 3959 dubitatio
1559 3896 1756 3959 rationabilis
1781 3897 1892 3975 oritur,
1921 3917 1998 3980 quo

446 3995 537 4075 apice
562 3994 762 4070 intellectus3
789 4014 827 4056 ex
852 4002 939 4075 parte
963 4014 1076 4072 causae,
1094 4013 1193 4075 quum
1248 3994 1342 4057 modo
1358 3994 1478 4057 dictum
1495 3994 1535 4055 sit
1554 3996 1592 4057 de
1614 3994 1778 4076 sapientia
1798 3996 1894 4073 dono,
1912 3998 1997 4078 quod

447 4092 487 4154 sit
514 4092 695 4154 immediate
722 4112 740 4153 a
763 4092 837 4169 lieo,
855 4111 915 4154 nec
939 4092 1067 4154 aliunde
1094 4092 1195 4175 possit
1248 4092 1355 4155 omnia
1370 4111 1438 4173 quae
1459 4092 1690 4173 desiderantur,
1708 4093 1781 4155 hnic
1804 4113 1867 4157 non
1891 4096 1998 4157 valent

298 4208 432 4261 uacuas.
448 4189 594 4270 conquiri
621 4213 628 4251 ε
655 4189 727 4252 lons
751 4190 837 4251 enim
862 4189 1035 4270 sapientia,
1060 4190 1192 4253 verbum
1208 4193 1233 4254 D
1249 4190 1435 4271 comparari,
1463 4209 1562 4270 quum
1588 4198 1692 4253 tamen
1718 4191 1849 4253 virtutes
1876 4192 1998 4256 theolo-

447 4288 503 4351 Dci
519 4288 552 4349 in
567 4288 711 4351 excelsis.
728 4288 881 4369 Denique,
899 4287 982 4350 sicut
1002 4307 1060 4369 per
1081 4290 1194 4351 carita·
1248 4287 1378 4369 gica,et
1392 4288 1528 4350 maxime
1545 4288 1670 4364 caritas,
1685 4288 1786 4370 ipsam
1801 4290 1996 4370 praecellant.

447 4394 511 4449 tem
536 4385 751 4448 assimilamur
771 4384 902 4466 Spiritui
925 4384 1051 4465 Sancto,
1067 4386 1121 4467 qui
1146 4394 1194 4449 est
1248 4386 1285 4447 Et
1312 4386 1578 4466 respondendum,
1606 4388 1690 4467 quod
1714 4386 1848 4449 virtutes
1876 4387 1999 4451 tbeolo

447 4504 590 4546 summus
623 4502 712 4547 amor
739 4491 771 4546 et
808 4482 946 4565 primum
975 4483 1107 4561 donum,
1138 4502 1194 4566 per
1247 4483 1995 4565 gicaesuntomninoperfectionisdivinae,nec
2116 4482 2117 4572 l

446 4584 530 4664 quod
545 4590 577 4645 et
593 4582 626 4643 in
641 4600 704 4663 quo
722 4600 817 4645 omne
837 4582 955 4643 donum
977 4581 1132 4657 donatur3
1150 4582 1194 4644 ila
1248 4582 1331 4644 inter
1353 4582 1436 4645 bona
1460 4591 1684 4664 computantur
1711 4583 1850 4646 hnmana
1876 4608 1883 4646 :
1912 4604 1999 4647 com-

446 4699 503 4762 per
543 4680 733 4763 sapientiam
772 4678 988 4741 assimilamur
1025 4679 1193 4760 Unigenito
1247 4680 1526 4743 mendatioautem
1546 4681 1613 4743 hac
1633 4682 1708 4744 doni
1730 4682 1895 4762 sapientia
1914 4683 1999 4746 acci-

296 4802 429 4852 rem-,cau
444 4780 513 4857 Dei,
529 4780 585 4861 qni
601 4787 649 4841 est
664 4778 821 4859 sapientia
836 4777 944 4839 Patris.
1247 4779 1363 4860 pienda
1376 4787 1424 4841 est
1439 4786 1592 4861 qnantum
1613 4779 1651 4841 ad
1672 4780 1804 4841 virtutes
1825 4780 1995 4843 humanas.
2115 4770 2116 4793 ¹

486 4878 528 4940 De
550 4877 646 4958 hujus
666 4876 829 4957 sapientiae
854 4874 1020 4937 nobilitate
1044 4875 1192 4939 Salomon
1247 4878 1302 4939 l'el
1323 4877 1462 4959 loquitur
1482 4880 1521 4941 de
1542 4878 1698 4959 sapientia
1718 4885 1810 4959 prout
1830 4878 1997 4942 caritatem

293 4960 430 5053 amenas,
446 4977 478 5039 in
495 4975 673 5040 Proverbiis
692 4976 736 5036 ait
753 4999 759 5035 :
777 4974 947 5037 Pretiosior
967 4984 1015 5037 est
1036 4975 1192 5057 sapientia
1247 4976 1380 5038 includit
1397 5000 1403 5037 :
1422 4994 1486 5039 non
1511 4977 1597 5038 enim
1623 4977 1760 5058 separari
1787 4976 1827 5038 ab
1854 4977 1996 5040 invicem

296 5066 329 5115 ¹⁴’
346 5066 379 5107 ¹⁷·
444 5076 570 5139 cunctis
593 5074 718 5155 opibus,
735 5081 767 5135 et
785 5073 893 5135 omnia
916 5091 986 5153 qua
1010 5072 1192 5136 desiderari·
1246 5073 1361 5151 valent,
1376 5074 1440 5136 imo
1456 5074 1488 5135 in
1503 5074 1614 5137 eodem
1630 5074 1911 5156 proportionaliter
1925 5095 1997 5158 pcr-

443 5184 506 5253 tur‚
532 5174 608 5236 huic
632 5190 697 5235 non
722 5172 830 5233 valent
857 5170 1055 5251 comparari3
1077 5171 1192 5235 melior
1246 5171 1399 5235 liciuntnr
1420 5180 1451 5235 et
1475 5180 1632 5250 crescunt,
1652 5174 1920 5254 quemadmodum
1942 5194 1997 5257 pa

443 5282 492 5339 eat
505 5271 675 5357 acquisitio
690 5270 761 5352 ejus
775 5268 990 5351 negotiatione
1011 5270 1079 5331 anri
1096 5278 1128 5333 et
1141 5290 1190 5334 ar-
1245 5270 1308 5333 lam
1330 5279 1493 5334 ostensum
1516 5279 1573 5333 est.
2007 5290 2043 5331 aa
2055 5296 2081 5325 n.

471 3061 520 3119 De
542 3060 707 3135 dignitate
730 3067 761 3117 ct
786 3061 884 3118 laude
909 3060 1167 3135 testimoniisque

544 3150 729 3223 Scriptura
748 3150 788 3206 de
808 3150 890 3206 dono
911 3148 1090 3222 sapientire.
