4309 6259
894 507 1052 557 uxroslrto
1071 510 1172 557 11le
1195 516 1201 554 :
1224 510 1262 559 UT
1283 510 1403 566 ouum
1423 511 1512 557 taxis

662 844 769 1037 nu
826 842 889 965 s
946 812 1274 967 Jonunu
1325 842 1741 968 aurursus

1070 1151 1334 1248 HYMNUS

667 1458 722 1519 Ad
749 1458 935 1529 Vesperas.

474 1592 504 1652 1.
522 1590 567 1653 Ut
585 1591 706 1671 queant
720 1589 805 1651 laxis
819 1604 971 1651 resonare
985 1582 1077 1650 fibris

450 1688 534 1752 Mira
552 1687 720 1767 gestorum
741 1686 857 1749 famuli
876 1688 1022 1765 tuorum,

450 1785 547 1850 Solve
566 1785 685 1865 polluti
705 1784 783 1847 labii
803 1786 943 1863 reatum,

560 1883 678 1947 Sancte
696 1883 851 1946 loannes.

468 2056 499 2118 2.
517 2054 663 2118 Nuntius
678 2054 765 2117 celso
780 2052 918 2115 veniens
937 2051 1093 2131 Olympo,

446 2153 491 2217 Te
506 2153 592 2234 patri
608 2169 767 2233 magnum
787 2151 857 2213 lore
871 2150 1090 2227 nasciturum,

445 2251 575 2315 Nomen
590 2252 623 2315 et
637 2250 714 2313 vitae
733 2249 852 2313 seriem
869 2246 1019 2328 gerendae

560 2349 684 2413 Ordine
702 2347 838 2429 promit.

470 2522 501 2586 3.
518 2521 579 2585 Ille
598 2518 755 2601 promissi
774 2517 897 2581 dubius
915 2516 1062 2597 superni,

446 2619 596 2684 Perdidit
614 2618 777 2699 promptae
792 2614 947 2679 modulos
961 2613 1121 2695 loquelae3

447 2718 511 2783 Sed
530 2715 718 2780 reformasti
736 2714 868 2795 genitus
886 2713 1064 2793 perempta

561 2814 692 2895 Organa
710 2812 813 2876 vocis.

471 2987 503 3049 4.
519 2984 653 3049 Ventris
666 2983 817 3046 abstruso
832 2981 992 3046 recubans
1007 2980 1120 3059 cubili,

450 3084 606 3148 Senseras
620 3082 746 3161 Regem
762 3079 908 3143 thalamo
923 3080 1131 3142 manentem:

450 3181 537 3243 Hinc
556 3196 675 3260 parens
693 3178 762 3240 nati
781 3178 909 3241 meritis
923 3179 1061 3256 uterquc

562 3276 684 3339 Abdita
701 3274 827 3356 pandit.

655 3413 710 3474 Ad
733 3412 948 3474 Matutinus,

474 3550 505 3611 5.
522 3546 626 3610 Antra
643 3546 776 3625 deserti,
792 3545 914 3609 teneris
932 3543 994 3607 sub
1013 3543 1120 3623 annis,

453 3646 585 3709 Civium
604 3647 731 3708 turmas
751 3644 893 3725 tugienS,
912 3642 1037 3723 petisti,

453 3745 503 3808 Ne
521 3744 586 3808 levi
605 3742 724 3807 saltem
743 3742 908 3805 maculare
928 3742 1030 3803 vitam

563 3841 700 3904 Famine
719 3858 846 3922 posses

475 4013 506 4075 6.
524 4010 671 4075 Praebuit
684 4010 808 4072 hirtum
824 4010 968 4089 tegimen
983 4009 1130 4072 camelus

452 4109 601 4173 Artubus
616 4107 730 4185 sacris,
747 4107 933 4188 strophium
948 4106 1098 4170 bidentes
1115 4127 1122 4167 :

451 4208 513 4272 Cui
532 4208 621 4271 latex
639 4207 808 4285 haustum,
826 4206 948 4269 sociata
967 4207 1100 4286 pastum

565 4304 663 4368 Mella
682 4304 831 4367 locustis.

477 4476 508 4537 7.
525 4474 632 4538 Ceteri
646 4475 761 4537 vatum
776 4472 922 4537 cecinere
940 4474 1082 4549 tantum,

456 4573 561 4636 Corde
578 4589 738 4653 praesago,
757 4570 856 4653 jubar
875 4570 1090 4651 adiuturum3

1251 1452 1302 1514 Tu
1315 1451 1450 1531 quidem
1465 1452 1581 1515 mundi
1595 1452 1703 1516 scelus
1716 1452 1922 1517 auferentem

1363 1549 1476 1613 Indice
1494 1551 1620 1631 prodis.

1274 1744 1305 1806 8.
1322 1745 1396 1808 Non
1413 1745 1476 1808 luit
1490 1748 1575 1810 vasti
1590 1749 1735 1829 spatium
1749 1766 1809 1829 per
1823 1749 1913 1813 orbis
1941 1761 1945 1766 ’

1251 1842 1401 1905 Sanctior
1415 1844 1591 1925 quisquam
1606 1847 1737 1926 genitus
1750 1848 1889 1924 Joanne,

1252 1939 1316 2013 Qui
1331 1941 1425 2004 nefas
1439 1943 1529 2005 saecli
1544 1944 1665 2007 meruit
1678 1944 1845 2008 lavantem

1364 2039 1502 2120 Tingere
1521 2041 1679 2123 lymphis.

1489 2181 1544 2239 Ad
1566 2181 1716 2241 Laudes.

1275 2308 1305 2370 9.
1323 2308 1350 2372 O
1366 2309 1466 2373 nimis
1486 2310 1575 2390 felix,
1597 2312 1773 2393 meritique
1792 2312 1883 2391 celsi,

1252 2407 1411 2470 Nesciens
1425 2407 1545 2486 labem,
1565 2410 1654 2473 nivei
1674 2411 1822 2490 pudoris

1251 2505 1443 2585 Praepotens
1462 2509 1598 2587 martyr,
1620 2508 1787 2589 eremique
1803 2509 1922 2589 cultor,

1364 2604 1508 2667 Maxime
1522 2607 1647 2668 vatum.

1277 2800 1329 2863 10.
1345 2800 1440 2865 Serta
1452 2804 1502 2865 ter
1517 2802 1611 2867 denis
1625 2804 1709 2867 alios
1722 2806 1881 2868 coronant

1252 2900 1359 2961 Aucta
1372 2901 1558 2980 crementis,
1576 2901 1743 2982 duplicata
1756 2903 1938 2984 quosdam;

1253 2995 1359 3059 Terna
1378 2999 1514 3060 centeno
1531 2998 1699 3061 cumulata
1718 3000 1828 3063 fructu

1364 3095 1421 3173 Te,
1443 3112 1545 3174 sacer,
1568 3099 1696 3159 ornant.

1277 3292 1432 3354 lt.Nunc
1440 3293 1567 3373 potens,
1578 3294 1833 3371 nostri‚meritis
1844 3295 1984 3377 opimis,

1253 3390 1402 3453 Pectoris
1415 3390 1516 3452 duros
1530 3390 1656 3471 lapides
1670 3393 1802 3472 repelle,

1253 3487 1418 3568 Asperum
1433 3488 1571 3567 planans
1589 3490 1663 3569 iter,
1679 3490 1713 3553 et
1730 3489 1870 3553 reflexos

1366 3585 1479 3665 Dirige
1498 3585 1609 3649 calles.

1278 3784 1330 3846 12.
1344 3784 1389 3846 Ut
1403 3783 1478 3864 pius
1493 3784 1610 3846 mundi
1624 3784 1721 3848 Sator
1732 3788 1765 3849 et
1778 3785 1990 3867 Redemptor

1129 3960 1135 3970 μ
1254 3881 1432 3961 MentibuS,
1450 3880 1545 3961 pulsa
1565 3882 1711 3962 luvione,
1731 3884 1836 3963 puriS,

1255 3980 1332 4043 Rite
1350 3980 1504 4059 dignetur
1522 3980 1658 4042 veniens
1676 3983 1821 4043 sacratos

1365 4078 1491 4140 Ponere
1507 4095 1650 4157 gressus,

1277 4274 1329 4337 13.
1341 4250 1511 4336 Laudibus
1526 4274 1614 4337 cives
1629 4273 1794 4337 celebrant
1806 4276 1944 4355 superni

1255 4372 1313 4451 Te,
1329 4373 1419 4435 Deus
1437 4371 1580 4452 simplex
1599 4372 1786 4452 pariterque
1801 4372 1907 4453 trine;

1256 4470 1429 4551 Supplices
1444 4470 1476 4531 et
1492 4486 1554 4532 nos
1573 4470 1702 4532 veniam
1719 4486 1913 4550 precamur:

1367 4568 1468 4630 Parce
1483 4567 1673 4648 redemptis.
1692 4567 1810 4631 Amen.

939 4852 1251 4940 EXPOSITIO
1293 4854 1481 4938 HYMNI

473 5103 697 5166 Pmsmcmrun
709 5098 742 5159 in
754 5114 792 5159 eo
803 5092 1184 5176 insigniaB.loannisBa-
1197 5092 1223 5153 A
1238 5098 1376 5172 paternae
1396 5091 1557 5168 reseratio,
1574 5091 1727 5156 habitatio
1742 5092 1774 5155 in
1797 5094 1934 5172 deserto,
1952 5096 1990 5158 in

433 5200 536 5284 ptistae
550 5196 730 5281 preconia:
745 5199 918 5273 conceptus
933 5211 950 5254 e
965 5191 1047 5254 coelo
1062 5191 1183 5253 denun-
1236 5188 1325 5251 victu
1346 5198 1378 5252 et
1398 5190 1516 5252 amictu
1538 5189 1715 5267 austeritas,
1732 5190 1920 5271 prophetica
1934 5213 1991 5258 ex-

433 5300 540 5377 tiatus,
562 5294 731 5361 exsultatio
752 5291 787 5355 in
809 5298 899 5355 utero
923 5288 1044 5369 matris,
1066 5288 1183 5370 liuguae
1238 5288 1396 5370 cellentia,
1409 5287 1523 5351 Christi
1537 5287 1718 5370 baptizatio,
1732 5288 1896 5371 virgineus
1910 5311 1992 5357 can·
