4309 6259
440 465 499 529 288

743 480 782 527 un
804 476 951 527 PASSIONB
972 477 1081 525 bomar
1103 476 1288 524 SALVATORIS
1310 476 1469 524 bracchus.
1492 496 1532 507 -
1552 478 1622 525 aur.
1647 480 1678 525 Xl

439 653 502 733 tia,
530 651 655 716 occasio
683 649 897 733 promerendi,
923 649 974 712 via
1001 646 1319 712 11110101111101
1347 666 1404 729 pro
1430 646 1525 711 totius
1549 654 1611 711 tua
1635 667 1778 730 persona
1802 649 1951 715 evasione
1973 671 1990 715 a

439 751 605 815 felicitatis
624 768 773 813 coronam
794 768 850 811 seu
871 767 1000 811 auream
1014 746 1189 809 aureolam-

440 869 503 931 que
517 849 690 925 deducens,
708 847 772 910 imo
794 854 825 908 et
840 845 1061 927 multipliciter
1082 843 1186 921 1111101,

440 957 472 1009 01
501 947 606 1030 ipsum
631 964 688 1009 suo
713 944 809 1027 capiti
835 944 957 1007 Christo
982 943 1188 1005 saluberrime

440 1045 688 1109 conformantes.
715 1044 761 1105 lta
789 1050 821 1105 et
849 1041 928 1105 mihi
959 1059 1016 1123 pro
1040 1049 1071 1102 te
1095 1058 1188 1121 passo

439 1145 537 1207 debes
564 1151 653 1205 tanto
680 1141 753 1223 plus
785 1140 935 1221 compati,
965 1148 1083 1220 quanto
1119 1157 1189 1219 pas·

439 1241 540 1305 sionis
568 1259 647 1303 meae
675 1239 833 1320 supplicia
862 1237 896 1299 in
925 1257 959 1300 se
986 1237 1064 1319 ipsis
1099 1244 1188 1298 erant

438 1338 602 1402 acerbiora
630 1345 662 1399 et
696 1334 983 1418 ignominiosiora3
1013 1342 1046 1396 ct
1078 1353 1187 1395 rursus

438 1446 557 1520 quanto
571 1455 630 1519 ego
644 1443 752 1499 mente
767 1434 979 1514 innocentior,
995 1432 1113 1511 mitior,
1130 1431 1188 1493 mi-

439 1534 640 1611 sericordior,
664 1532 804 1595 sanctior
828 1531 887 1609 fui,
908 1548 1040 1612 corpore
1061 1547 1187 1611 quoque

1245 754 1346 808 morte
1375 754 1406 809 et
1435 746 1598 827 punitione
1626 756 1744 810 aeterna
1768 768 1899 829 prorsus
1924 768 1991 831 gra-

1243 842 1385 920 vissima,
1408 842 1543 906 confixae
1568 852 1599 906 et
1624 843 1791 927 perforatae
1815 855 1889 908 sunt
1914 848 1990 909 mihi

1243 941 1343 1003 ambae
1357 960 1470 1002 manus
1487 961 1524 1003 ac
1539 943 1648 1023 pedes,
1664 950 1696 1005 et
1711 951 1895 1025 ceteraquae
1910 946 1990 1008 nosti

1243 1038 1378 1101 sustinui
1393 1039 1427 1100 in
1443 1039 1554 1120 spinea
1569 1041 1681 1123 capitis
1697 1041 1758 1104 mei
1774 1042 1989 1123 coronatione,

1242 1136 1274 1197 in
1304 1137 1400 1199 totius
1429 1138 1573 1219 corporis
1599 1137 1661 1201 mei
1689 1139 1910 1204 crudelissima
1936 1140 1991 1204 fla-

1242 1233 1425 1314 gellatione,
1453 1235 1675 1298 crudelissima
1698 1255 1734 1299 ae
1761 1237 1990 1303 violentissima

1242 1331 1434 1411 extentione,
1445 1340 1539 1413 atque
1554 1332 1587 1395 in
1603 1342 1667 1396 1111
1682 1334 1832 1398 diuturna
1848 1334 1880 1397 in
1897 1356 1990 1402 emec

1242 1430 1451 1510 suspensione
1463 1433 1474 1491 f

1284 1525 1453 1591 Silvanus.
1463 1564 1504 1575 -
1518 1528 1541 1592 Ο
1557 1530 1662 1593 cordis
1676 1530 1740 1593 mei
1754 1532 1889 1595 duritia!
1907 1535 1989 1615 qued

438 1633 577 1695 tenerior
611 1639 705 1713 atque
735 1629 884 1707 nobilior,
911 1637 1019 1710 utpote
1049 1626 1189 1708 comple-
1241 1645 1306 1689 non
1332 1626 1431 1708 magis
1457 1628 1621 1706 condoleo,
1647 1630 1732 1709 qnod
1756 1648 1819 1693 non
1844 1631 1990 1697 incenso

438 1731 540 1794 xionis
568 1729 753 1812 peroptimas
782 1736 815 1791 et
842 1745 958 1808 corpus
986 1726 1107 1788 habens
1136 1745 1187 1787 su·
1242 1723 1381 1786 labiliter
1401 1725 1502 1805 ploro,
1523 1726 1609 1805 quod
1630 1744 1695 1789 non
1717 1746 1790 1789 cum
1812 1728 1915 1791 electe
1938 1738 1989 1793 tuo

438 1828 683 1912 pematuraliter
702 1847 721 1890 a
741 1826 860 1908 Spiritu
881 1826 997 1888 Sancto
1014 1823 1185 1887 formatum
1205 1821 1420 1901 Bl'ranciscc,
1444 1842 1508 1904 prae
1533 1824 1762 1905 compassionis
1790 1827 1991 1891 vehementia

439 1947 478 1990 ex
507 1925 679 2009 purissimo
714 1924 869 2005 sanguine
902 1921 1041 2003 Virginis
1071 1921 1187 2002 glorio·
1242 1920 1398 1999 dolorosa,
1425 1920 1577 2002 gemitum
1602 1930 1634 1985 et
1658 1922 1844 2005 singultum,
1870 1923 1937 1988 imo
1960 1936 1990 1989 et

440 2046 503 2105 sae3
520 2034 551 2087 et
571 2026 676 2087 denuo
697 2030 816 2104 quanto
836 2022 908 2103 plus
926 2039 983 2102 pro
1005 2029 1047 2097 te,
1063 2020 1123 2081 hoc
1139 2028 1187 2082 est
1241 2018 1411 2082 clamorem
1436 2019 1558 2097 emitto,
1581 2028 1613 2081 ut
1637 2040 1709 2083 cum
1734 2031 1844 2085 sancto
1865 2024 1989 2087 10111-

440 2143 498 2207 pro
524 2121 726 2186 removendis
752 2140 770 2182 a
795 2129 825 2182 te
850 2119 912 2181 tuis
938 2118 1077 2200 peccatis
1100 2117 1186 2180 debi-
1240 2136 1313 2179 cere
1334 2135 1460 2198 possem
1478 2142 1484 2181 :
1501 2118 1679 2199 Antequam
1700 2122 1865 2183 comedam
1887 2123 1990 2205 suspi-
2002 2146 2098 2192 11111,

439 2222 554 2303 tisqua,
581 2221 645 2283 imo
667 2228 699 2280 et
721 2216 922 2281 eternalibus
947 2215 1052 2297 poenis
1077 2215 1184 2277 damni
1241 2233 1287 2295 ro,
1309 2225 1341 2277 et
1365 2223 1514 2296 tanquam
1537 2217 1722 2280 inundantis
1746 2238 1846 2301 aquae,
1867 2220 1915 2283 sic
1939 2242 1990 2283 ru·

439 2340 476 2382 ac
506 2337 629 2398 sensus,
658 2325 690 2379 et
717 2334 774 2398 pro
802 2314 982 2378 obtinendis
1010 2313 1066 2376 tihi
1094 2313 1185 2376 donis

438 2417 546 2499 gratiae
570 2435 608 2478 ac
630 2414 739 2497 gloriae
764 2412 977 2494 sempitemae,
1000 2410 1107 2475 omnia
1131 2411 1186 2473 illa

438 2515 583 2578 sustinui.
605 2513 655 2576 Sic
680 2513 799 2595 quippe
824 2529 881 2592 pro
902 2510 1052 2573 omnibus
1073 2528 1185 2591 passus

437 2633 520 2693 sum,
537 2613 597 2676 hoc
617 2620 665 2675 est
687 2619 773 2673 tanto
792 2608 932 2672 caritatis
950 2608 1062 2671 ardore
1078 2615 1110 2669 et
1131 2607 1185 2669 tali

436 2711 552 2773 mentis
578 2709 763 2786 intentione,
788 2707 873 2789 quod
898 2714 1051 2788 quantum
1076 2705 1110 2767 in
1134 2724 1186 2767 me

436 2808 497 2871 fuit
520 2817 552 2871 et
576 2815 635 2887 est,
660 2806 845 2869 maluissem
869 2814 901 2867 et
925 2805 1028 2867 adhuc
1056 2802 1185 2865 mallem
1239 2806 1279 2868 de
1307 2806 1446 2869 manerie
1475 2805 1651 2870 efficaciter
1678 2808 1850 2871 recolendi.
1877 2808 1991 2873 Nonne

439 2925 495 2988 pro
524 2924 715 2987 unoquoque
739 2904 868 2967 homine
894 2901 1056 2984 sigillatim
1080 2900 1186 2964 omnia
1241 2922 1338 2985 quum
1364 2912 1412 2966 ter
1436 2904 1558 2967 Patrem
1584 2924 1745 2987 rogassem
1770 2916 1942 2989 quatenus,
1964 2908 1991 2971 si
2015 2934 2109 2977 11111

438 3013 471 3068 et
491 3006 639 3067 universa
663 3002 718 3064 illa
743 3002 896 3083 perferre,
917 3019 1012 3081 quam
1034 2999 1184 3080 aliquem,
1203 3002 1393 3084 opossibile
1421 3011 1514 3082 esset,
1544 3003 1767 3067 transferretur
1790 3025 1808 3067 a
1831 3024 1882 3068 me
1910 2999 2068 3069 aarum·

1240 2313 1323 2395 gitus
1348 2332 1460 2391 meus,
1485 2322 1613 2377 etcum
1639 2314 1707 2379 viro
1732 2319 1908 2380 secundum
1936 2336 2062 2397 corrrq.
2074 2356 2106 2391 11,

1240 2420 1330 2476 tuum
1348 2436 1354 2473 z
1372 2413 1546 2494 llugiebam
1568 2433 1587 2475 a
1607 2413 1729 2495 gemitu
1750 2416 1855 2479 cordis
1876 2416 1954 2481 mei.
2003 2408 2101 2509 {zm

1280 2512 1450 2575 81111101.
1467 2548 1507 2557 -
1521 2512 1585 2574 1100
1605 2512 1732 2590 accidit,
1748 2514 1898 2595 quoniam
1919 2500 2037 2597 pas-vs
2098 2497 2107 2514 ”

1241 2610 1364 2672 sionem
1387 2628 1491 2673 meam
1517 2627 1581 2672 non
1606 2612 1720 2674 recolis
1742 2612 1832 2693 juxta
1857 2614 1989 2677 modum

1240 2726 1333 2789 quem
1349 2727 1444 2789 snpra
1459 2716 1489 2770 te
1508 2708 1613 2771 docui.
1630 2708 1817 2792 Exemplum
1836 2711 1911 2774 dedi
1934 2711 1990 2775 tibi

439 3111 592 3184 quantum
622 3102 655 3163 in
680 3119 732 3162 me
754 3108 813 3177 est,
840 3099 943 3181 perire
968 3097 1185 3180 permitterem

439 3210 471 3263 et
491 3199 646 3263 damnari.

479 3298 542 3361 Nec
562 3297 693 3360 dubium
712 3295 790 3377 quin
812 3303 899 3357 tanto
919 3294 1087 3357 cordialius
1109 3292 1186 3355 mihi

438 3395 653 3478 compatieris,
677 3402 795 3476 quanto
819 3392 899 3455 mihi
924 3391 1096 3455 dilectione
1121 3410 1187 3453 ma-

435 3494 498 3577 jori
526 3493 628 3556 fueris
656 3490 813 3555 counitus.
839 3491 985 3569 Attende,
1015 3490 1041 3551 si
1072 3508 1186 3551 manns

436 3601 491 3655 tua
510 3600 594 3655 esset
614 3590 670 3654 tibi
689 3590 730 3653 ab
749 3587 893 3651 hostibus
915 3587 1118 3668 amputanda,
1135 3605 1187 3648 ac-

438 3690 618 3770 cedensque
644 3696 734 3771 pater
757 3695 831 3749 tuus
857 3684 993 3747 carnalis
1021 3692 1075 3747 aut
1100 3684 1186 3746 filins

436 3797 498 3851 tuae
527 3787 644 3865 carnis,
675 3793 729 3849 aut
757 3792 842 3848 certe
873 3802 1007 3865 magnus
1036 3791 1068 3844 et
1095 3781 1187 3844 fami-

438 3886 527 3949 liaris
561 3885 696 3962 amicus,
730 3890 901 3964 exponeret
926 3900 1062 3963 ¹manum
1096 3900 1186 3944 suam

437 3985 663 4065 amputandam
685 4000 743 4064 pro
767 3990 821 4043 tua
845 3980 1004 4059 evasione,
1032 3987 1185 4059 quantum

438 4091 470 4146 et
494 4081 630 4164 qualiter
654 4078 840 4143 condoleres
861 4077 920 4156 illi,
945 4078 1021 4139 dum
1047 4078 1108 4140 sibi
1129 4096 1186 4159 pro

437 4189 469 4243 te
490 4198 621 4242 manum
641 4196 789 4241 cerneres
809 4175 978 4257 amputari.

478 4279 646 4342 Sanvhrus.
672 4312 713 4321 -
736 4279 873 4357 Apparet
894 4274 973 4335 mihi
999 4273 1084 4354 quod
1107 4274 1186 4336 tole-

435 4376 567 4441 rabilior
593 4375 673 4438 mihi
702 4381 786 4439 esset
820 4372 924 4454 passio
957 4372 1184 4453 amputationis

435 4495 549 4539 manus
564 4474 709 4557 propriae,
726 4491 822 4554 qnam
843 4470 1021 4552 compassio
1041 4480 1185 4552 amputa-

434 4574 530 4638 tionis
548 4591 662 4635 manus
683 4570 820 4651 alicujus
840 4569 988 4647 illorum;
1005 4588 1065 4630 nec
1081 4568 1184 4631 solum

434 4674 478 4735 ita
507 4679 704 4753 compaterer
731 4669 858 4750 quande
887 4667 1040 4747 viderem,
1067 4668 1122 4730 sed
1153 4676 1185 4731 et

434 4771 562 4853 quando
584 4768 768 4832 recolerem.

476 4870 649 4932 81111101.
671 4902 711 4913 -
734 4867 818 4928 Bene
846 4885 884 4927 10
911 4864 1036 4927 merito.
1063 4862 1184 4946 Nempe

435 4969 475 5031 ad
490 4966 667 5049 quemlihet
680 4965 785 5027 virum
804 4966 864 5027 hoc
880 4964 1017 5045 pertinet
1036 4962 1182 5043 probum.

435 5068 593 5142 Quantum
621 5062 719 5145 igitur
747 5062 826 5124 mihi
855 5061 946 5124 fratri
971 5070 1037 5138 tuo,
1063 5061 1129 5124 imo
1153 5070 1185 5124 et

1240 3100 1409 3181 passionis,
1422 3100 1525 3163 factus
1540 3100 1573 3163 in
1589 3103 1702 3183 agonia
1716 3103 1805 3166 oravi
1821 3104 1989 3185 prolixius,

1240 3206 1271 3261 et
1288 3197 1392 3261 factus
1412 3206 1460 3261 est
1479 3199 1576 3262 sudor
1594 3218 1684 3263 meus
1704 3201 1786 3264 sicut
1800 3210 1898 3283 guttae
1921 3222 1993 3266 san·

1240 3295 1346 3377 guinis
1374 3294 1405 3357 in
1436 3304 1552 3359 terram
1577 3297 1803 3360 decurrentisl
1828 3299 1993 3381 Legistine

1239 3394 1376 3475 qualiter
1396 3401 1427 3456 et
1448 3414 1486 3457 ex
1506 3412 1569 3475 qua
1591 3414 1686 3458 causa
1707 3396 1898 3479 contigeritf

1280 3491 1448 3555 81111101.
1472 3528 1512 3537 -
1536 3492 1633 3574 Legi;
1655 3494 1710 3557 sed
1737 3514 1756 3556 a
1779 3502 1821 3573 te,
1842 3495 1991 3575 Domine,

1240 3590 1348 3652 audire
1371 3590 1404 3651 id
1425 3590 1564 3653 mallem.

1281 3688 1453 3751 81111101.
1469 3724 1509 3733 -
1523 3688 1630 3751 llecita
1650 3691 1735 3771 quod
1757 3690 1872 3773 legisti.

1280 3786 1451 3850 81111101.
1468 3823 1509 3833 -
1523 3787 1638 3851 Dicunt
1658 3790 1853 3871 expositores
1875 3794 1994 3873 nostri,

1240 3886 1323 3968 quod
1343 3884 1424 3947 trina
1444 3885 1500 3948 illa
1517 3886 1660 3950 oratione
1676 3888 1843 3970 completa,
1865 3888 1901 3951 in
1924 3891 1995 3973 ipsa

1240 3984 1383 4048 oratione
1398 3992 1510 4065 sponte
1530 3992 1614 4047 0101
1629 3985 1869 4050 rationabilibus
1885 3990 1997 4052 causis

1222 4082 1432 4165 vproposuisti
1462 4082 1564 4145 oculis
1593 4091 1653 4145 tuae
1681 4083 1922 4166 imaginationis
1948 4088 1997 4150 in-

1202 4180 1428 4261 Dteriorisque
1454 4180 1716 4262 apprehensionis
1742 4184 1928 4247 universam
1958 4206 1996 4251 ac

1241 4287 1338 4343 totam
1361 4278 1541 4361 passionem
1563 4287 1650 4342 tuam
1671 4280 1914 4346 acerbissimam
1935 4285 1995 4347 tibi

1240 4376 1421 4454 instantem,
1442 4395 1516 4439 cum
1538 4376 1625 4439 omni
1647 4378 1855 4443 amaritudine
1877 4390 1912 4444 at
1935 4383 1997 4445 cir-

1241 4472 1438 4537 cumstantiis
1463 4474 1533 4555 ejus
1555 4498 1562 4537 1
1584 4494 1622 4537 ex
1645 4493 1709 4555 qua
1728 4474 1920 4558 imaginaria
1939 4500 1997 4563 ap-

1240 4572 1463 4656 prehensione,
1480 4572 1679 4635 nobilissima
1700 4583 1794 4655 atque
1817 4579 1997 4641 tenerrima

1240 4679 1351 4733 natura
1367 4678 1420 4733 tua
1434 4670 1593 4752 passibilis
1608 4679 1641 4733 et
1660 4672 1833 4753 appetitiva
1853 4674 1931 4755 ejus
1947 4678 1997 4739 vis

1240 4769 1392 4832 naturalis
1417 4777 1504 4833 tanto
1528 4769 1590 4832 fuit
1614 4770 1744 4833 horrore
1771 4792 1933 4838 concussa
1960 4796 1998 4839 ac

1240 4866 1435 4948 tremefacta,
1456 4869 1541 4948 quod
1567 4887 1632 4950 prae
1655 4868 1812 4933 ineffabili
1834 4875 1998 4954 angustia

1239 4966 1324 5029 illius
1353 4966 1553 5029 vehementia
1587 4968 1798 5047 sanguineum
1832 4974 1997 5037 emanasti

1241 5066 1399 5145 sudorem,
1423 5065 1483 5127 hoc
1509 5072 1557 5127 cst
1578 5066 1724 5129 sudorem
1747 5070 1905 5150 sanguine
1933 5073 1998 5135 tin-

436 5163 521 5249 patri
553 5171 619 5241 tuo,
654 5159 845 5223 fidelissimo
880 5158 1185 5241 incomparabilique
1241 5172 1338 5243 ctum,
1358 5163 1624 5245 quemadmodum
1649 5166 1864 5231 sacratissimo
1890 5168 1997 5235 latere
2010 5196 2117 5239 1.,111

436 5262 541 5327 amico
556 5260 694 5343 compati
708 5260 816 5338 debes,
832 5259 908 5320 dum
923 5256 1099 5320 recordaris
1113 5277 1186 5339 qua·
1239 5270 1294 5325 tno
1316 5260 1490 5325 transfosso
1510 5261 1607 5325 exivit
1628 5263 1757 5345 sanguis
1779 5273 1811 5328 et
1831 5285 1931 5349 aqua,
2010 5263 2042 5305 11.
2125 5266 2126 5329 3
