4309 6259
490 511 530 558 na
551 510 641 558 conis
664 510 800 557 screnus
820 510 939 570 sanari,
961 510 1135 559 reserares
1156 513 1199 559 ur.
1223 532 1263 543 -—
1283 513 1354 560 aar.
1377 510 1420 559 vir
1671 492 1731 559 alt

179 682 254 745 vita
279 690 379 745 status
403 680 567 763 permittit.
583 682 630 744 Ad
654 682 738 745 hanc
763 681 971 766 perfectiori
986 682 1140 764 pendens,
1157 682 1203 743 nil
1219 682 1304 745 eliud
1320 681 1490 763 speculari,
1506 690 1626 765 optare,
1642 700 1733 745 orare

179 800 255 843 nem
280 782 369 844 nulla
393 781 517 863 religio,
544 781 632 843 nulla
654 781 822 863 professio,
843 782 932 844 nulla
985 780 1145 861 dignatur,
1175 780 1238 843 nisi
1268 780 1372 861 ipsum
1401 782 1500 844 Deum
1530 780 1733 843 benedictum

181 879 424 943 circumstantia
437 879 557 961 obligat
573 903 580 940 ε
598 880 663 943 imo
684 880 740 961 qni
756 898 790 942 se
804 880 843 941 ad
859 898 930 941 eam
984 886 1016 939 et
1037 886 1182 941 sanctum
1199 879 1230 941 in
1247 898 1292 958 se,
1309 878 1356 940 illi
1372 878 1431 942 soli
1447 878 1544 957 uniri,
1560 878 1731 957 adherere,

180 978 307 1059 privato
326 987 401 1041 voto
420 977 641 1059 adstringeret,
658 977 932 1041 inconsultissime
984 994 1098 1039 vacare
1127 977 1345 1057 concupiens3
1376 995 1574 1058 nequaquam
1603 975 1732 1038 oculum

180 1086 299 1157 ageret.
983 1074 1099 1135 mentis
1119 1074 1158 1137 ad
1184 1094 1217 1137 se
1241 1074 1345 1155 ipsum
1366 1074 1547 1153 reflectens,
1564 1092 1623 1136 nec
1648 1074 1732 1153 quod

221 1174 282 1236 Sed
305 1193 391 1236 nunc
411 1173 524 1237 horum
549 1173 714 1237 distinctio
739 1172 930 1257 profundius
983 1171 1043 1234 sibi
1060 1172 1178 1235 bonum
1193 1192 1230 1235 ac
1247 1172 1323 1235 utile
1339 1180 1386 1235 est
1400 1190 1550 1253 pensans,
1567 1172 1621 1233 sed
1644 1188 1734 1251 pror-

179 1272 375 1335 advertenda
393 1280 452 1335 est.
468 1272 577 1333 Omnis
603 1272 657 1352 qui
683 1272 859 1353 regularem
884 1271 931 1333 vi·
982 1288 1036 1331 sus
1066 1271 1099 1332 in
1130 1270 1248 1333 divinae
1277 1279 1396 1333 nature
1424 1269 1552 1331 divitias
1584 1268 1732 1331 absorbe-

179 1377 246 1430 tam
271 1367 452 1450 profitetur,
469 1369 508 1431 ad
527 1368 587 1430 tria
605 1367 765 1448 obligatur
783 1367 928 1449 consilia,
983 1374 1084 1431 turae
1108 1368 1239 1449 rapitur,
1254 1376 1288 1430 ut
1303 1388 1343 1431 ne
1367 1388 1401 1430 se
1417 1368 1522 1448 ipsum
1536 1366 1665 1449 quidem
1680 1367 1732 1429 vel

179 1466 306 1529 scilicet
329 1466 496 1545 castitatis,
516 1465 712 1549 paupertatis
730 1474 762 1528 et
780 1466 931 1529 obedien·
983 1466 1146 1547 proprium
1162 1474 1268 1529 actum
1283 1466 1424 1529 attendat
1439 1465 1488 1527 vel
1509 1464 1635 1527 sentiat.
1653 1464 1732 1527 Prae-

179 1564 242 1627 tia.
260 1566 398 1627 Tenetur
420 1572 528 1627 autem
550 1565 590 1626 ad
615 1564 675 1626 ista
698 1583 763 1627 non
786 1563 930 1645 quolibet
983 1572 1069 1627 terea
1083 1564 1178 1627 horno
1198 1564 1255 1627 iste
1270 1564 1372 1627 adhuc
1388 1563 1482 1626 altius
1496 1563 1649 1625 scandere
1671 1570 1733 1625 sat

178 1663 285 1725 modo.
302 1664 440 1726 Tenetur
453 1662 540 1725 enim
560 1662 600 1724 ad
619 1662 797 1725 castitatem
812 1662 871 1741 sie,
887 1681 928 1725 ne
981 1662 1047 1743 agit
1070 1686 1077 1723 ε
1100 1680 1162 1724 non
1190 1661 1275 1723 enim
1303 1662 1405 1725 solum
1431 1660 1591 1740 propriam
1620 1659 1732 1723 volun-

178 1760 348 1823 mulierem
364 1769 545 1842 cognoseat,
562 1768 616 1823 aut
629 1768 715 1823 certe
735 1779 928 1842 cognoscere
981 1768 1077 1823 tatem
1106 1768 1259 1843 quantum
1283 1760 1453 1841 spopondit
1482 1757 1644 1840 relinquit,
1671 1777 1731 1821 nec

176 1879 217 1921 ex
251 1859 384 1923 rationis
416 1860 512 1941 pleno
543 1878 702 1922 consensu
734 1859 832 1937 relit;
861 1877 925 1922 non
945 1854 1019 1920 Bea
1046 1866 1169 1921 tantum
1198 1878 1291 1940 agere
1316 1866 1404 1920 curat
1432 1875 1502 1939 qua
1532 1856 1730 1937 bonamque

176 1965 285 2020 antem
311 1964 437 2019 tenetur
460 1965 567 2020 motus
591 1956 858 2039 concupiscentia
883 1975 929 2019 ra·
982 1957 1144 2021 meritoria
1158 1965 1298 2033 exstant3
1311 1957 1365 2019 sed
1381 1956 1427 2019 sie
1443 1955 1603 2038 propriam
1619 1956 1730 2018 volun-

176 2055 275 2118 tionis
298 2055 433 2137 imperio
452 2054 593 2137 perfecte
618 2054 788 2136 subjicere,
805 2055 929 2117 scilieet
980 2063 1077 2118 tatem
1100 2056 1262 2137 relinquit,
1278 2055 1367 2137 quasi
1393 2054 1524 2117 omnino
1544 2054 1648 2117 omnis
1676 2072 1731 2117 vo-

175 2163 299 2215 utnon
325 2154 502 2234 insurgant,
519 2153 574 2215 sed
595 2152 642 2215 sie
661 2172 702 2215 ue
722 2153 783 2236 ipsi
809 2172 928 2235 preva—
981 2152 1111 2215 luntatis
1132 2172 1169 2215 ac
1194 2152 1348 2215 libertatis
1371 2152 1412 2214 sit
1433 2170 1565 2232 expers;
1582 2151 1628 2213 aie
1650 2151 1731 2214 divi-

176 2252 275 2315 leant,
292 2252 343 2314 Sic
359 2268 486 2332 quoque
500 2251 539 2313 ad
555 2258 773 2333 paupertatem
788 2258 925 2329 tenetur,
980 2270 1029 2313 nat
1056 2250 1211 2313 voluntati
1234 2270 1267 2313 se
1289 2250 1478 2313 fidelissime
1503 2249 1731 2313 commendans

175 2349 209 2411 id
237 2358 288 2412 est
315 2350 505 2431 temporales
533 2368 571 2411 ac
599 2348 770 2412 exteriores
797 2348 927 2411 divitias
980 2349 1183 2427 adcredens,
1205 2348 1570 2429 utquidquidlleusde
1594 2365 1632 2410 eo
1658 2345 1729 2409 fieri

174 2466 242 2510 non
268 2447 451 2524 habendas;
467 2465 532 2509 non
555 2453 661 2509 autem
687 2453 813 2509 tenetur
835 2446 928 2527 spiri·
981 2447 1069 2524 velit,
1102 2446 1132 2507 id
1163 2446 1224 2509 sibi
1254 2444 1419 2527 potissime
1446 2445 1593 2525 placeat3
1621 2444 1730 2526 sicque

174 2546 279 2607 tuales
294 2545 433 2623 divitias,
442 2544 473 2606 id
489 2552 537 2607 est
550 2544 677 2626 dirinas
691 2544 927 2608 consolationes
979 2544 1090 2607 divina
1111 2544 1257 2607 voluntas
1279 2543 1422 2606 efficitur
1445 2562 1569 2606 summa
1597 2562 1654 2606 sua
1680 2543 1731 2625 ju-

173 2643 350 2724 dirinaque
365 2644 498 2706 donaae
513 2642 655 2725 praemia,
672 2661 736 2706 non
751 2644 924 2721 attendere,
980 2644 1138 2721 conditas,
1165 2644 1197 2705 in
1222 2650 1344 2705 tantum
1368 2643 1452 2724 quod
1477 2642 1502 2703 si
1527 2642 1610 2705 Deus
1635 2642 1730 2705 vellet

173 2760 241 2803 non
267 2741 459 2819 desiderare,
486 2758 549 2803 non
574 2740 794 2822 contemplari.
822 2740 924 2803 Simili
980 2761 1053 2805 eum
1082 2741 1237 2819 damnari,
1270 2740 1340 2822 plus
1369 2740 1520 2822 gauderet
1551 2739 1591 2801 de
1619 2740 1729 2803 divino

174 2838 273 2900 modo
296 2838 336 2899 ad
354 2837 568 2901 obedientiam
591 2838 750 2920 obligatur
773 2846 926 2919 quantum
980 2840 1101 2903 honore
1120 2848 1151 2901 et
1172 2840 1247 2903 item
1268 2840 1308 2902 de
1327 2838 1443 2901 divinae
1463 2838 1621 2918 equitatis
1642 2846 1730 2901 teno-

174 2936 215 2999 ad
231 2954 355 3017 eaquae
374 2936 501 2998 Ordinis
520 2937 568 2998 sni
591 2937 699 3017 regula
718 2936 786 2999 sive
812 2944 927 2999 statuta
981 2959 1026 3016 re,
1051 2957 1147 3020 quam
1175 2938 1352 3001 tristaretur
1376 2937 1415 2999 de
1447 2936 1574 3017 propria
1600 2936 1729 2999 damna-

174 3035 435 3116 complectuntur
461 3054 499 3099 ac
527 3035 702 3113 continent,
727 3054 792 3098 uon
820 3044 926 3098 autem
945 3034 1079 3100 Gtione.

174 3133 307 3213 adalia,
323 3133 407 3195 sient
424 3134 601 3196 Remardns
620 3142 652 3195 et
670 3134 805 3196 Thomas
826 3135 927 3196 mani·
1022 3135 1144 3197 Primus
1169 3133 1284 3215 gradus
1303 3132 1378 3194 doni
1399 3131 1526 3195 consilii
1551 3131 1590 3194 ad
1616 3130 1727 3192 fideles

46 3247 102 3289 aar.
131 3248 158 3297 n.
174 3233 259 3295 feste
283 3240 441 3294 testantur
457 3256 463 3294 :
481 3251 556 3294 nam
580 3240 612 3294 et
636 3232 771 3295 Thomas
795 3232 927 3295 Bernar-
981 3234 1035 3295 Dei
1051 3252 1171 3309 servos,
1189 3231 1348 3293 secundus
1362 3231 1400 3293 ad
1417 3238 1555 3292 secretos
1574 3227 1628 3291 Dei
1652 3229 1730 3290 ami-

32 3310 85 3427 ῒῖζ
102 3324 158 3360 ¹²¹¹·
174 3332 254 3394 dnm
275 3330 402 3411 allegat.
981 3350 1047 3409 cos,
1063 3330 1175 3393 tertius
1190 3329 1229 3391 ad
1245 3328 1386 3391 occultos
1410 3328 1546 3408 pertinet
1567 3325 1664 3389 filios.
1681 3326 1729 3387 ln-

214 3428 274 3503 Qui
311 3447 387 3491 vero
415 3428 549 3491 consilia
575 3428 689 3491 Christi
719 3427 859 3509 perfecte
888 3448 925 3491 ae
981 3437 1029 3490 ter
1051 3444 1131 3507 quos
1156 3427 1272 3489 Ductor
1299 3425 1428 3487 divinus
1453 3424 1729 3505 preclarissimam

173 3526 445 3588 excellentissime
471 3526 604 3607 implere
628 3535 771 3606 conatur,
796 3544 925 3589 omnem
980 3525 1220 3589 distinctionem
1251 3524 1373 3587 inducit
1399 3524 1430 3585 in
1455 3522 1536 3585 libro
1561 3523 1600 3584 de
1625 3521 1730 3584 Perfe-

173 3624 294 3707 satagit
325 3624 462 3687 carnalis
498 3624 766 3707 concupiscentiae
803 3633 924 3689 motum
981 3625 1087 3688 ctione
1113 3623 1254 3687 filiorum
1279 3622 1344 3683 Dei.
1363 3620 1482 3703 Nempe
1507 3620 1589 3683 servi
1615 3619 1728 3683 fideles

174 3723 331 3786 radicitus
353 3722 537 3803 exstirpare,
553 3740 745 3803 omnemque
769 3724 925 3785 sensualis
980 3724 1142 3799 dicuntur,
1159 3721 1213 3802 qui
1230 3721 1304 3783 licet
1325 3720 1466 3783 nondum
1489 3717 1726 3799 contemplativi

173 3820 351 3901 voluptatis
379 3819 619 3882 inclinationem
654 3820 780 3901 penitus
812 3820 926 3883 abhor-
980 3828 1074 3900 atque
1090 3819 1204 3882 interni
1222 3817 1330 3881 effecti
1347 3818 1422 3897 sint,
1439 3827 1543 3880 tamen
1560 3836 1632 3880 cum
1648 3816 1727 3879 cari-

174 3941 259 3998 rere,
289 3926 505 3997 contemnere,
534 3926 565 3981 et
592 3926 745 3999 qnantum
774 3919 925 4000 possibile
980 3927 1043 3981 tate
1067 3927 1098 3981 et
1122 3927 1231 3981 sancta
1250 3916 1426 3979 intentione
1446 3924 1602 3998 praecepta
1621 3916 1727 3979 obser-

173 4026 278 4082 exstat
306 4017 381 4079 vitae
414 4016 573 4097 presenti,
604 4034 732 4096 prorsus
761 4017 885 4079 nescire
915 4040 922 4078 z
980 4026 1067 4094 vent,
1085 4026 1178 4097 atque
1201 4014 1345 4078 mortalia
1361 4014 1438 4076 vitia
1453 4012 1589 4095 fugiunt.
1606 4011 1725 4075 Secreti

174 4126 334 4199 quatenus
348 4134 413 4178 non
427 4114 493 4196 jam
508 4114 669 4176 dumtaxat
684 4115 802 4178 mundo
817 4116 924 4194 corde,
980 4135 1056 4179 vero
1070 4115 1178 4194 amici,
1195 4114 1319 4176 interna
1337 4131 1374 4175 ac
1397 4111 1520 4175 fervida
1540 4112 1603 4173 Deo
1624 4110 1727 4173 adhar-

174 4217 231 4279 sed
254 4213 427 4295 tranquillo
450 4231 576 4295 quoque
600 4212 769 4295 quieteque
794 4232 926 4295 corpore
941 4213 966 4274 l)
980 4215 1070 4277 sione
1086 4214 1255 4291 cohaerent,
1272 4221 1303 4275 et
1317 4212 1355 4273 ad
1376 4210 1572 4292 spiritualem
1589 4230 1622 4273 se
1637 4228 1728 4291 sapo-

174 4314 302 4377 Cbristo
325 4313 494 4375 adhereat.
515 4312 580 4375 lloe
605 4320 653 4373 est
676 4313 760 4393 qnod
784 4312 927 4375 bortatur
981 4332 1047 4375 rem
1069 4312 1253 4389 extendunt,
1273 4311 1315 4373 ob
1336 4310 1428 4390 eujus
1450 4328 1590 4372 amorem
1612 4328 1648 4371 ac
1673 4328 1728 4390 gu-

46 4443 68 4469 .0
102 4443 159 4479 aa.
175 4412 348 4494 Apostolus
365 4434 372 4471 z
388 4409 574 4473 Mortificate
594 4409 927 4490 (inquiens)membra
981 4418 1064 4473 stum
1104 4409 1284 4490 corporales
1321 4408 1547 4471 delectationes
1588 4415 1727 4471 contem-

29 4494 49 4531 ⁵'
176 4520 283 4573 vestra
315 4528 385 4590 qum
413 4516 487 4571 sunt
515 4526 610 4589 super
638 4516 765 4570 terram,
795 4508 928 4589 lnsuper
981 4516 1071 4570 nunt,
1089 4508 1312 4569 Verumtamen
1327 4506 1463 4567 necdum
1484 4505 1560 4567 nudi
1582 4512 1613 4567 et
1634 4504 1726 4566 liberi

175 4609 274 4673 horno
288 4607 362 4670 talis
376 4624 440 4669 non
460 4615 582 4669 tantum
604 4606 784 4687 corporales
799 4606 927 4669 divitias
981 4604 1056 4668 facti
1072 4614 1157 4681 sunt,
1174 4604 1323 4685 quoniam
1344 4604 1484 4667 nondum
1507 4622 1634 4667 omnem
1656 4621 1728 4683 pro-

176 4706 313 4789 spernit,
331 4724 391 4768 nee
405 4704 552 4785 adspicit,
569 4724 628 4766 nec
645 4704 678 4766 in
699 4724 808 4767 earnm
823 4706 928 4768 consi·
982 4703 1147 4784 prietatem
1163 4702 1391 4777 deseruerunt3
1408 4720 1467 4763 nec
1489 4700 1549 4763 sibi
1573 4700 1651 4783 ipsis
1673 4719 1727 4781 pc-

175 4805 343 4869 deratione
370 4823 405 4866 se
431 4810 578 4883 occupat,
604 4804 660 4866 sed
688 4812 718 4866 et
747 4804 927 4885 spirituales
981 4802 1067 4863 nitus
1092 4800 1206 4862 mortui
1236 4808 1320 4877 sunt,
1346 4800 1400 4861 sed
1429 4798 1608 4880 aliqualiter
1636 4797 1729 4861 refle-

175 4903 319 4981 diritias,
346 4910 378 4963 et
405 4900 513 4964 omnia
541 4920 674 4963 munera
702 4902 768 4974 Dei,
798 4922 926 4966 omnem
982 4909 1109 4965 ciuntur
1123 4899 1162 4960 ad
1178 4918 1223 4975 se,
1239 4898 1388 4979 quoniam
1404 4899 1487 4961 dona
1501 4900 1568 4979 Dei,
1581 4900 1730 4962 videlieet

176 4998 399 5063 retributionis
412 4998 593 5061 mercedem
613 5000 701 5080 parvi
725 5002 846 5081 pendit,
863 5020 927 5064 non
982 4997 1230 5062 consolationem
1248 4996 1416 5058 mentalem
1432 4996 1620 5078 dulcemque
1635 4998 1730 5060 dero-

174 5099 326 5181 adspieit,
343 5116 407 5162 non
428 5097 561 5177 quaerit3
577 5116 637 5160 nec
663 5098 695 5159 in
720 5119 829 5163 eorum
854 5118 929 5163 con·
982 5097 1078 5159 tionis
1104 5096 1162 5177 pita
1181 5095 1345 5170 aflectum,
1363 5103 1469 5157 amant
1488 5114 1525 5157 ac
1545 5104 1696 5176 appetunt
1719 5118 1725 5156 :

176 5197 388 5278 templatione
402 5203 527 5274 tempus
546 5195 706 5275 expendit,
723 5197 778 5259 scd
800 5216 927 5260 omnem
983 5196 1066 5271 ideo,
1079 5195 1154 5256 dnrn
1171 5194 1271 5275 gratia
1287 5193 1358 5256 talis
1374 5194 1420 5256 eis
1436 5194 1640 5272 subtrahitur,
1655 5214 1729 5257 con-

177 5304 320 5361 creatum
349 5294 514 5357 entitatem
543 5294 769 5357 transcendens
792 5313 829 5358 ac
858 5295 929 5357 rili·
984 5293 1158 5371 cutiuntur,
1180 5293 1416 5372 contristantur,
1442 5301 1473 5355 et
1497 5293 1630 5357 Domino
1653 5312 1729 5357 con-
