4309 6259
430 500 471 547 or
491 497 649 548 reuocare
669 498 708 547 rr
727 497 891 547 proruam
911 499 1028 559 urata,
1050 499 1139 549 amm
1159 500 1181 549 r.
1204 518 1244 531 -
1264 502 1333 549 rur.
1356 499 1432 548 xxix
1645 482 1705 547 499

152 663 228 728 sinu
247 664 346 729 Patris
366 668 545 751 summique
564 668 723 734 Genitoris
742 671 837 733 corde
855 670 903 731 in·
917 668 943 732 Α
959 669 1091 734 Fontem
1115 670 1241 751 latitia,
1261 672 1378 755 Regem
1402 670 1511 754 gloria
1535 670 1706 753 Angelum-

152 765 425 829 commutabiliter
458 775 652 850 perseverat,
681 769 734 849 qui
764 777 903 851 paternae
957 787 1019 850 que
1033 770 1134 851 pacis,
1151 770 1186 832 in
1201 770 1271 852 ipso
1286 779 1340 833 tuo
1361 769 1546 833 dulcissimo
1561 788 1598 832 ac
1613 788 1706 831 mun·

151 861 272 924 mentis
286 862 498 946 intelligibilis
519 874 567 929 est
586 866 694 945 dictio,
711 866 807 948 plena
826 866 904 929 ima·
956 866 1089 932 dissime
1103 876 1203 946 utero,
1221 869 1342 931 ventris
1356 869 1402 931 tui
1419 868 1546 950 pignus,
1564 867 1704 930 fructum

152 978 206 1039 go,
223 960 385 1041 perfectus
405 962 602 1045 splenderet
619 965 717 1027 unica
737 965 854 1046 proles,
870 964 903 1026 in
957 963 1126 1047 filiumque
1146 966 1301 1047 gerebasf
1316 965 1510 1029 beatificabat
1532 966 1577 1045 (ni
1598 964 1705 1045 fallor)
1719 988 1759 1033 rs.
1771 1002 1816 1041 nv,
1831 992 1851 1033 a.

152 1057 261 1121 medio
275 1060 358 1122 uteri
372 1060 429 1141 tui,
446 1069 520 1125 tuus
534 1079 662 1144 quoque
676 1061 764 1125 filins
785 1061 901 1142 factus,
957 1061 1103 1126 fluminis
1131 1064 1268 1146 impetus
1297 1063 1415 1144 aulam,
1445 1062 1644 1126 domicilium
1673 1070 1706 1126 et

153 1157 324 1238 requievit.
959 1159 1035 1223 item
1057 1162 1232 1225 thalamum
1254 1162 1348 1244 Regis
1370 1162 1552 1244 sponsique.

194 1254 293 1329 Quam
322 1256 456 1339 insuper
480 1258 701 1322 vehementem
725 1257 903 1322 dulcedinis

152 1353 297 1431 odorem,
312 1363 528 1437 quantamque
543 1356 759 1437 clementiam,
776 1364 809 1419 et
825 1355 903 1419 item

153 1451 295 1515 caritatis
318 1452 525 1517 affectionem
549 1472 644 1536 quam
669 1454 845 1536 ingentem,
865 1474 903 1517 ex
1134 1468 1380 1534 ARTICULUS
1403 1470 1529 1534 XXIX,

153 1557 219 1612 mm
244 1550 396 1614 diuturna
413 1552 469 1616 Dei
489 1553 523 1615 in
542 1562 573 1615 te
591 1553 758 1617 mansione
780 1554 905 1616 viscera

152 1655 210 1710 tua
224 1649 334 1712 sortita
349 1652 509 1714 censenda
523 1659 609 1732 sunt,
624 1671 644 1716 0
658 1650 826 1715 benedicta
844 1651 905 1715 Ma.
1024 1646 1072 1704 De
1096 1644 1272 1703 nativitate
1298 1645 1489 1705 Desiderati
1511 1646 1638 1705 cunctis

154 1746 223 1809 rial
240 1745 372 1831 Nempe,
389 1749 417 1811 si
440 1748 473 1811 in
499 1769 596 1814 mauu
619 1750 776 1833 quispiam
801 1748 904 1813 odori·
1249 1734 1410 1809 dedfl'but·

153 1844 261 1907 ferum
284 1845 403 1928 aliquid
427 1856 600 1929 retentans,
617 1849 804 1911 suavitatem
827 1847 945 1915 hinoB

152 1944 325 2023 contrabit,
354 1953 449 2026 alque
477 1946 603 2028 abjecto
630 1948 698 2027 illo,
724 1948 903 2010 dulcedinis
1024 1950 1287 2019 ETHLE'HE'M,
1302 1950 1419 2009 civitas
1437 1951 1500 2011 Dei
1519 1951 1651 2021 summi,
1666 1970 1707 2009 ee·
1721 1971 1853 2025 naam,

152 2043 260 2105 adbuc
281 2042 432 2126 reliquias
456 2054 561 2109 servat
584 2069 592 2108 ε
613 2054 732 2127 quanto
755 2045 867 2128 magis,
883 2064 903 2109 o
1038 2055 1068 2106 te
1082 2048 1169 2106 acciet
1183 2049 1548 2116 Demaraten-traebat
1562 2066 1707 2125 egressus
1721 2039 1742 2087 *t
1757 2039 1777 2078 ⁵·

152 2139 275 2221 Regina
290 2141 439 2219 coelestis,
452 2143 673 2207 amantissima
686 2164 723 2207 ac
737 2144 904 2227 praeelecta
958 2146 1030 2221 ejus
1043 2146 1128 2204 sicut
1143 2164 1163 2203 a
1174 2146 1354 2221 principio,
1370 2164 1390 2205 a
1411 2146 1523 2206 diebus
1544 2148 1708 2206 (sternito-

152 2246 186 2300 et
200 2239 298 2301 unica
312 2239 380 2319 uei,
396 2248 427 2303 te
441 2260 480 2303 ex
495 2249 583 2304 tanta
596 2242 666 2324 ejus
682 2242 715 2304 iu
730 2250 762 2305 te
783 2242 904 2305 habita-
959 2244 1014 2313 tis,
1028 2253 1059 2303 et
1074 2244 1345 2319 magnificabitur
1364 2244 1400 2301 in
1419 2244 1525 2303 medio
1546 2244 1709 2304 univerae

151 2336 241 2398 tione
269 2337 325 2418 qui
354 2338 512 2402 universa
545 2340 691 2403 consistit
723 2340 904 2403 dulcedinis
960 2349 1081 2410 terrae,·
1094 2348 1125 2400 et
1140 2358 1211 2416 pac
1228 2342 1294 2399 erit
1318 2342 1356 2401 in
1380 2349 1471 2401 terra
1496 2349 1607 2401 nostra
1629 2343 1708 2400 dum

153 2434 288 2498 fontana
301 2436 403 2518 origo,
419 2437 472 2499 cui
491 2439 657 2521 proprium
678 2447 727 2501 est
747 2439 901 2517 misereri,
960 2440 1097 2497 venerit.
1114 2437 1273 2500 Laetantur
1291 2436 1374 2516 coeli,
1391 2445 1422 2499 et
1445 2438 1579 2500 exsultet
1603 2446 1707 2515 terra3
1724 2464 1858 2515 ramur.

152 2542 185 2595 et
210 2533 266 2614 qui
289 2534 477 2599 naturaliter
499 2535 603 2600 bouus
630 2536 905 2618 essentialiterque
959 2535 1095 2616 jubilate
1115 2535 1258 2613 Domino,
1275 2553 1386 2598 omnes
1406 2534 1469 2597 filii
1489 2536 1556 2597 Dei.
1572 2536 1709 2598 Laudate
1722 2561 1858 2613 10st

152 2631 273 2694 caritas
291 2641 404 2712 exstat,
421 2635 615 2698 contraxisse
633 2635 739 2699 odoris
764 2634 905 2717 fragran-
960 2653 1045 2713 euru,
1067 2633 1114 2697 sol
1139 2641 1171 2695 et
1195 2632 1281 2715 luna,
1308 2652 1382 2696 cum
1404 2633 1498 2696 astris
1523 2632 1708 2711 matutinis;
1724 2628 1764 2731 ᾖ.
1777 2699 1850 2730 Μ

154 2730 245 2808 tiam,
273 2730 403 2811 pietatis
431 2733 672 2796 exuberantiam
700 2734 905 2815 caritatisque
960 2731 1166 2813 magnificate
1182 2732 1291 2811 Deum,
1308 2750 1420 2795 omnes
1439 2730 1513 2793 coeli
1533 2730 1656 2793 militiae
1679 2740 1711 2793 et
1725 2754 1746 2793 a.
1853 2718 1858 2737 '

153 2827 468 2909 supereffluentiam,
485 2832 615 2894 credere
629 2851 687 2913 par
701 2840 750 2894 est
770 2840 907 2894 rectum·
961 2830 1066 2893 sidera
1079 2838 1213 2907 cuncta3
1230 2829 1379 2911 tripudia,
1390 2836 1534 2892 creatura
1549 2828 1709 2909 universa,

153 2928 241 3007 quel
256 2926 381 3009 Optime
396 2926 526 3007 (fateor)
540 2928 609 3009 tibi,
625 2947 645 2993 o
659 2929 766 3008 Maria,
783 2948 907 3012 compe
961 2928 1110 3009 quoniam
1140 2946 1215 2990 ecce
1250 2926 1405 2990 annuntio
1435 2926 1527 2991 vobis
1556 2928 1709 3008 gaudium
1726 2954 1809 3007 aaa,
1826 2957 1860 3007 ω,

36 3054 137 3103 ,ηιμ
153 3025 195 3086 tit
209 3025 294 3105 quod
310 3025 528 3107 scriptumest
545 3050 552 3089 :
568 3028 670 3102 Quum
692 3036 776 3091 esset
797 3047 851 3090 rex
872 3029 906 3090 iu
926 3032 1113 3109 Cmaguum
1128 3049 1134 3087 :
1148 3025 1223 3108 quia
1237 3025 1379 3088 Christus
1394 3025 1557 3104 Dominus,
1566 3044 1621 3087 rex
1634 3025 1712 3087 llas-
1726 3023 1759 3062 ¹¹·

152 3124 307 3186 accubitu
332 3142 402 3204 suo,
428 3126 547 3188 nardus
572 3144 643 3189 mea
666 3125 754 3189 dedit
775 3127 906 3190 odorem
962 3124 1036 3202 sias,
1062 3124 1257 3206 exspectatio
1284 3123 1427 3205 gentium
1456 3131 1488 3185 et
1516 3123 1712 3187 desideratus
1729 3150 1784 3195 eea.
1805 3164 1860 3203 ruz.

36 3239 75 3281 aa.
77 3252 137 3289 11111
152 3239 273 3298 suum3
296 3229 328 3283 et
352 3220 458 3285 denuo
475 3244 482 3283 :
499 3222 588 3285 Sicut
612 3221 851 3286 cinnamomum
875 3231 907 3285 et
961 3240 1084 3302 aarum,
1101 3230 1194 3285 natus
1210 3230 1258 3285 est
1271 3221 1382 3299 vobis,
1399 3227 1503 3284 ortum
1524 3230 1573 3284 est
1594 3222 1712 3285 mundo
1726 3214 1860 3318 {finisti

36 3332 39 3345 ·
151 3316 337 3380 balsamum
352 3319 561 3383 aromatizans
579 3322 711 3385 odorem
732 3322 816 3383 dedi.
834 3322 907 3383 Por·
962 3320 1071 3382 lumen
1100 3328 1265 3399 aeteruum,
1297 3318 1382 3381 salus
1417 3328 1580 3401 perpetua,
1610 3320 1714 3383 bonor

36 3441 136 3487 annai.
152 3434 202 3495 ro,
220 3418 246 3479 si
261 3418 392 3481 odorem
408 3418 574 3481 suavitatis
593 3418 770 3483 holocausti
790 3419 908 3481 sancti·
962 3417 1137 3481 immensus
1165 3440 1172 3479 ι
1194 3416 1345 3499 quoniam
1370 3417 1451 3479 Deus
1477 3418 1545 3499 ipse
1569 3417 1658 3479 veuit
1681 3425 1713 3480 et
1727 3436 1860 3489 ramas.

151 3514 273 3578 monia
300 3516 451 3579 odoratus
479 3524 528 3578 est
556 3516 719 3595 Dominus,
746 3518 906 3598 quomodo
962 3516 1098 3579 salvabit
1112 3534 1180 3579 nos.
1198 3516 1384 3593 Jerusalem,
1401 3535 1459 3579 cur
1479 3534 1615 3579 moerore
1637 3535 1712 3580 cou-
1725 3541 1858 3595 ursana.

152 3631 221 3676 nou
242 3613 354 3695 utique
373 3614 592 3677 mundissimae
609 3633 736 3696 quoque
756 3624 816 3678 tuae
839 3635 907 3677 car·
961 3614 1118 3677 sumerisf
1146 3613 1305 3695 Numquid
1336 3612 1535 3677 consiliarius
1569 3632 1634 3677 non
1663 3622 1712 3677 est

152 3711 216 3789 nis,
233 3719 270 3774 ut
283 3712 324 3773 de
337 3711 453 3793 spiritu
468 3711 632 3795 paulisper
645 3714 769 3791 sileam,
781 3714 907 3776 castita-
961 3712 1029 3789 tibi,
1045 3712 1121 3794 quia
1137 3710 1301 3775 innovavit
1315 3720 1346 3773 te
1360 3711 1466 3774 dolori
1477 3712 1621 3792 Agnosce
1637 3731 1712 3793 qno·

153 3810 196 3873 tis
216 3809 510 3892 fragrantissimum
529 3812 659 3875 odorem
680 3811 830 3875 odoratus
849 3832 907 3895 pu·
961 3810 1047 3871 niam
1063 3817 1192 3891 propter
1206 3808 1338 3871 nimiam
1354 3808 1516 3871 caritatem
1536 3828 1626 3871 suam
1648 3828 1710 3891 qua
1724 3828 1810 3885 apaan.
1835 3843 1856 3883 ιι,

151 3908 298 3971 tabiturf
322 3908 477 3972 Odoratus
504 3916 554 3972 est
581 3909 704 3991 utique,
730 3910 906 3973 delectatus
961 3907 1070 3971 dilexit
1089 3915 1119 3969 te
1139 3908 1232 3987 Deus,
1249 3906 1365 3969 Filium
1390 3925 1483 3969 suum
1509 3905 1709 3970 liberatorem
1723 3894 1745 3935 ⁴·

38 4042 136 4082 mnu,
151 4014 187 4069 et
211 4005 395 4069 affectatus.
420 4007 459 4070 ut
483 4027 524 4071 en
553 4006 646 4089 cujus
675 4008 829 4072 fortitudo
858 4016 907 4071 est
960 4006 1019 4069 tibi
1040 4005 1139 4069 misit.
1156 4006 1224 4067 Jam
1245 4022 1320 4087 ergo
1339 4004 1458 4084 audite,
1475 4004 1557 4083 coeli,
1574 4024 1644 4087 qua
1665 4006 1711 4070 le-
1723 4024 1857 4079 casamo,

151 4105 241 4169 sicut
254 4103 503 4183 rhinocerotis,a
517 4104 696 4168 castissima
710 4105 840 4187 Virgine
855 4126 907 4170 ca·
960 4123 1060 4188 quar,
1077 4104 1183 4167 audiat
1198 4112 1281 4166 terra
1295 4104 1393 4166 verba
1408 4103 1471 4166 oris
1488 4104 1562 4166 mei.
1578 4104 1708 4185 Latara,
1725 4090 1744 4131 ¹·

149 4202 254 4287 pitur,
269 4209 365 4283 atquo
383 4206 432 4283 (ut
452 4203 499 4266 sic
518 4202 665 4283 dixerim)
679 4204 859 4287 attrabitur,
875 4203 945 4269 etl)
960 4202 1057 4281 orbis,
1074 4209 1107 4265 et
1128 4202 1254 4285 suscipe
1272 4202 1372 4265 Deum
1397 4209 1572 4265 creatorem
1596 4210 1707 4267 tuum:

149 4301 245 4365 velut
257 4300 362 4363 viatus
376 4301 669 4383 comprehenditur.
687 4301 842 4384 Denique,
858 4304 905 4368 sie
960 4300 1015 4383 qui
1028 4300 1107 4365 olim
1121 4300 1276 4384 principis
1299 4300 1501 4364 tenebrarum
1522 4299 1629 4364 fueras
1648 4301 1710 4365 illi-

149 4399 260 4464 lfariat
273 4400 387 4463 carim
401 4399 502 4464 Deum
515 4400 549 4462 in
564 4400 646 4464 banc
662 4401 774 4464 mundi
789 4401 905 4465 vallem
959 4418 1023 4482 que
1051 4400 1219 4480 servieras,
1246 4418 1331 4462 nunc
1359 4398 1453 4480 Regis
1477 4418 1600 4480 regum,
1627 4400 1708 4465 lucis

148 4497 260 4579 traxit,
277 4498 389 4580 sicque
409 4518 483 4561 eum
508 4498 630 4577 affecit,
646 4508 682 4562 ut
704 4517 770 4563 non
795 4500 906 4565 incon·
959 4498 1116 4562 luminum
1131 4497 1333 4581 ooelestisque
1347 4497 1470 4562 Domini
1484 4496 1633 4578 efficere,
1646 4498 1708 4581 ipsi

149 4616 235 4680 grue
262 4596 324 4679 ipsi
348 4615 485 4680 sponsus
508 4597 649 4662 eoelestis
672 4597 791 4680 profari
815 4599 905 4663 volu·
959 4596 1117 4660 ministra.

40 4704 134 4755 uma.
150 4697 216 4759 erit
241 4718 248 4757 ε
276 4695 455 4759 Vulnerasti
481 4715 680 4776 cormeum,
706 4714 796 4761 soror
819 4718 902 4782 mea,
999 4695 1090 4759 blodo
1112 4694 1219 4777 igitur,
1241 4693 1338 4775 Virgo
1361 4701 1481 4771 saneta,
1507 4692 1603 4756 fdater
1626 4692 1708 4759 divi-

41 4804 294 4877 n.v1,i.sp0nsa;
321 4802 354 4857 et
380 4796 486 4859 denuo
516 4818 524 4857 ε
551 4794 665 4859 dvorte
692 4797 803 4860 oculos
832 4804 903 4862 tuos
959 4814 1011 4875 na,
1029 4792 1176 4856 illumina
1195 4792 1372 4871 mundum,
1389 4790 1519 4855 effunde
1534 4801 1566 4855 et
1584 4794 1706 4875 produc

149 4911 252 4972 ame,
268 4891 421 4973 quoniam
434 4892 496 4974 ipsi
512 4912 563 4956 me
578 4893 705 4957 avolare
721 4893 877 4959 fecerunt.
957 4891 1178 4956 absconditum
1193 4890 1226 4953 in
1242 4900 1271 4953 te
1286 4892 1395 4953 lumen
1410 4898 1585 4970 aeternum3
1602 4900 1708 4955 osten·

191 4990 269 5064 One
291 4998 405 5071 erat,o
429 4990 612 5055 beatissima
635 4991 741 5071 illaria,
758 4993 902 5057 vicissim
957 4993 997 5056 de
1011 4991 1128 5055 secuto
1142 4989 1294 5073 opificem
1309 5010 1417 5068 suum3
1434 4990 1595 5072 aperiatur
1610 4999 1704 5069 terra,
1720 5020 1753 5069 1„
1763 5034 1812 5075 ω,
1825 5022 1846 5068 0,

147 5086 356 5171 ubertimque
380 5089 513 5153 interior
534 5089 591 5152 tibi
614 5090 810 5172 jucunditas,
826 5093 901 5156 dum
957 5100 989 5155 et
1011 5090 1170 5172 germinet
1194 5088 1409 5167 Salvatorem3
1434 5088 1508 5152 vitra
1533 5089 1706 5171 salutisque

147 5186 270 5251 Christi
285 5206 402 5269 corpus
416 5188 624 5251 sacerrimum
638 5188 765 5252 intrate
780 5208 903 5255 cresca-
957 5189 1146 5273 principem,
1160 5187 1282 5266 mortis,
1296 5185 1414 5250 infami
1429 5195 1462 5250 et
1475 5188 1705 5270 desperationis

147 5304 187 5350 re
217 5284 356 5365 sensisti,
386 5286 507 5350 moveri
535 5294 629 5368 atque
657 5288 794 5367 nutriri;
823 5290 900 5353 dum
956 5291 1186 5353 destructorem
1202 5285 1386 5349 bominibus
1401 5284 1507 5367 gigne,
1524 5304 1543 5349 o
1561 5305 1636 5351 vere
1657 5286 1706 5349 in-
