4309 6259
472 474 532 538 430
613 494 654 540 ns
668 492 870 541 ascahhamo
892 493 1022 540 acrama
1043 492 1082 541 ΕΤ
1101 492 1200 540 mssa
1221 492 1450 541 cuthuutttottu
1472 496 1631 543 ulacoous.
1654 515 1696 525 -
1715 496 1785 543 aar.
1807 498 1877 545 ml

468 672 576 726 autem
590 663 705 727 Christi
721 673 815 747 prout
828 672 978 746 operatur
991 663 1024 725 in
1039 683 1220 727 sacramen·
1235 664 1260 725 A
1278 684 1433 745 persona3
1454 666 1559 746 tertio,
1586 668 1707 730 ratione
1736 668 2008 751 praedestinationis

469 762 521 839 tis,
547 762 607 824 tria
638 772 712 825 sunt
736 763 977 827 consideranda.
1003 762 1143 825 Primum
1171 770 1220 825 θεῖ
1274 770 1398 825 aeternae
1414 763 1495 827 hanc
1509 764 1643 845 gratiam
1663 766 1876 847 preparantis.
1893 767 2007 829 -llac

468 859 605 923 effectus
629 879 724 941 quem
753 861 887 941 inducit,
912 860 967 941 qui
996 869 1044 923 est
1073 860 1219 923 remissio
1276 870 1405 923 sanctus
1426 860 1551 926 hoctor.

469 965 697 1040 peccatorum:
715 959 798 1039 quod
813 958 954 1039 tangitur
974 976 1073 1038 quum
1089 957 1216 1035 dicitur,
1315 958 1518 1022 Vumms-
1539 960 1701 1023 Catholica
1725 969 1800 1023 sunt
1822 960 1887 1025 hec
1908 963 2005 1041 verba,

469 1055 527 1129 Qui
541 1074 599 1167 prq
619 1056 710 1120 vobis
729 1065 761 1119 et
780 1075 837 1138 pro
856 1056 965 1118 multis
985 1054 1132 1118 effundet
1119 1064 1170 1119 tur
1185 1056 1218 1117 in
1275 1054 1308 1117 in
1324 1055 1440 1137 quibus
1455 1058 1539 1137 quod
1554 1058 1739 1121 dictumest
1758 1060 1798 1123 de
1813 1058 1942 1123 formis
1935 1062 2004 1137 1stis,
2105 1046 2106 1157 i

470 1154 691 1216 remissionem
716 1163 930 1235 peccatorum.
960 1154 1141 1217 Secundum
1170 1162 1218 1216 est
1274 1153 1503 1234 sapientialiter
1524 1154 1713 1218 declaratur
2105 1222 2106 1237 ,

468 1252 610 1315 medium
639 1271 702 1333 quo
730 1253 790 1315 iste
817 1251 988 1315 effectus'
981 1272 1014 1314 m
1048 1252 1128 1315 alios
1157 1260 1218 1313 tra-
1314 1251 1547 1316 siccanea-
1571 1253 1639 1315 lam
1663 1254 1702 1317 de
1729 1253 1927 1317 mirabilibus
1952 1263 2005 1317 tam

468 1350 608 1430 ducitur,
623 1350 708 1432 quod
728 1359 776 1412 est
797 1348 889 1428 fides,
907 1368 970 1430 qua
989 1350 1148 1412 mediante
1163 1349 1217 1411 ha·
1275 1349 1609 1432 incomprehensibilis
1625 1352 1814 1415 sacramenti
1831 1372 1879 1416 me
1892 1353 1976 1417 doce.

469 1449 522 1512 bet
550 1448 703 1511 effectum
732 1456 796 1511 tam
824 1449 858 1510 in
886 1448 936 1510 his
965 1448 1019 1529 qui
1050 1467 1218 1529 praecesse-
1315 1448 1460 1512 Verums.
1477 1451 1560 1511 -Α
1586 1449 1755 1532 principali
1783 1452 1941 1533 proposito
1962 1470 2004 1515 me

467 1554 543 1608 runt
567 1566 663 1627 quam
684 1546 717 1608 in
739 1546 790 1609 his
811 1546 865 1628 qui
888 1554 1085 1627 sequuntur3
1107 1553 1139 1609 et
1156 1547 1217 1609 hoc
1272 1546 1415 1609 abducis.
1442 1546 1572 1629 Nempe,
1600 1556 1635 1611 ut
1659 1557 1778 1612 tactum
1801 1560 1859 1629 est,
1884 1550 2004 1613 intentio
2015 1565 2083 1619 eutr.

467 1645 608 1726 tangitur
633 1664 732 1726 quum
761 1644 889 1723 dicitur,
913 1644 1096 1725 llysterium
1126 1644 1215 1707 fidei.
1273 1643 1334 1707 fuit
1349 1644 1382 1706 in
1403 1645 1462 1709 isto
1484 1648 1638 1727 opusculo
1659 1648 1698 1709 de
1720 1647 1779 1709 hac
1801 1648 1869 1729 ipsa
1889 1650 2004 1711 materia

467 1743 555 1817 Quod
570 1744 699 1824 quidem
714 1750 818 1825 potest
839 1742 950 1805 referri
972 1752 1035 1805 tam
1051 1744 1091 1805 ad
1113 1742 1216 1825 ipsam
1273 1742 1526 1823 devoticnaliter,
1539 1764 1602 1809 non
1618 1745 1806 1809 scholastice
1821 1746 1916 1828 loqui.
1928 1748 2005 1829 lguo

467 1842 660 1923 passionem,
687 1861 756 1923 qum
784 1849 832 1903 est
860 1841 1043 1923 mysterium
1069 1840 1158 1919 fidei,
1183 1849 1218 1903 ut
1236 1841 1259 1901 B
1274 1858 1324 1901 ras
1339 1841 1422 1920 quod
1438 1842 1591 1923 scriptum
1607 1842 1794 1920 est,rlltiora
1810 1852 1839 1905 te
1853 1862 1892 1905 ue
1906 1845 2005 1925 quasi·
2025 1870 2097 1915 rene

466 1939 628 2003 occultum
643 1940 802 2022 quoddam
824 1940 925 2002 latens
946 1940 978 2000 in
1001 1938 1066 2001 fide
1090 1948 1218 2002 cuncte
1274 1937 1348 2016 eris,
1365 1946 1397 2000 et
1410 1937 1542 2001 fortiore
1556 1946 1587 2001 te
1601 1959 1642 2002 ne
1657 1947 1815 2003 scrutatus
1836 1940 1945 2019 fueris,
1959 1942 2004 2004 sed
2015 1938 2039 1976 ²²·

467 2058 537 2101 rum
552 2037 710 2116 fidelium,
726 2038 887 2121 praecipue
902 2037 1116 2119 antiquorum,
1134 2038 1218 2119 apud
1273 2054 1343 2116 quae
1364 2036 1515 2118 pracepit
1538 2037 1596 2100 tihi
1621 2037 1714 2118 Deus,
1733 2037 1787 2101 illa
1811 2038 1914 2121 cogite
1936 2059 2005 2102 sem-

467 2156 546 2218 quos
571 2136 633 2199 fuit
657 2137 690 2198 in
715 2136 866 2218 mysterio
889 2136 1086 2212 abscondita,
1115 2136 1219 2198 diver·
1273 2152 1340 2215 per,
1356 2141 1389 2195 et
1403 2134 1436 2195 in
1451 2134 1595 2215 pluribus
1610 2134 1760 2217 operibus
1774 2135 1899 2217 ejusne
1920 2136 2005 2199 fueris

467 2235 589 2298 simode
610 2233 768 2316 figurata3
785 2254 881 2316 quam
901 2235 940 2297 ad
964 2234 1069 2317 ipsum
1093 2234 1220 2315 sangui·
1274 2230 1441 2293 curiosusf
1456 2231 1607 2314 Itemque,
1625 2232 1714 2295 Sicut
1727 2234 1783 2315 qui
1803 2234 1863 2297 mal
1883 2235 2097 2299 comediam.

467 2352 541 2395 nem
571 2341 606 2395 ut
641 2333 674 2394 in
703 2341 902 2395 sacramento
938 2340 1122 2395 contentum
1159 2332 1217 2395 suh
1274 2329 1421 2409 multum,
1437 2347 1500 2393 non
1523 2338 1571 2392 est
1590 2330 1620 2393 ei
1646 2332 1776 2409 honum,
1795 2332 1840 2394 sic
1859 2334 1913 2414 qui
1933 2320 2040 2395 seru-¹²·

467 2431 634 2512 speciebus
658 2430 738 2508 viui,
761 2432 846 2512 quod
870 2430 966 2492 hahet
992 2429 1217 2493 difficultatem
1274 2434 1354 2490 tator
1369 2436 1418 2490 est
1431 2428 1618 2509 majestatis,
1635 2430 1984 2513 opprimituragloriaf
2106 2440 2107 2511 t

467 2530 638 2593 maximam
666 2530 705 2592 ad
735 2529 949 2606 eredendum3
977 2536 1106 2609 propter
1134 2529 1217 2609 quod
1313 2525 1482 2589 Sacranos.
1499 2526 1659 2591 —Nihilc
1683 2527 1790 2591 minus
1810 2529 1923 2593 iterum
1941 2530 2005 2592 scri-
2106 2536 2107 2609 l

466 2627 718 2692 antonomastice
752 2626 871 2690 dicitur
905 2625 1091 2707 mysterium
1125 2625 1214 2689 fidei.
1273 2632 1362 2704 ptum
1386 2631 1434 2686 est
1455 2648 1462 2686 :
1485 2624 1638 2688 llirahilia
1662 2626 1844 2690 testimonia
1868 2636 1930 2710 tua,
1944 2628 2003 2691 ideo
2014 2652 2107 2693 ran

467 2726 607 2789 Tertium
627 2734 675 2788 est
697 2724 775 2787 finis
799 2724 838 2787 ad
863 2742 959 2806 quem
985 2724 1141 2805 perducit,
1162 2723 1217 2805 qui
1273 2730 1410 2784 scrutata
1425 2730 1473 2785 est
1486 2742 1524 2786 ea
1537 2724 1644 2787 anima
1659 2743 1740 2789 mea.
1754 2725 1792 2788 Et
1810 2746 1915 2790 nonne
1934 2716 2047 2790 Scri-¹²⁹·

467 2832 515 2886 est
549 2824 705 2887 bonorum
741 2822 904 2905 perceptio
939 2830 1140 2901 aeternorum,
1178 2822 1217 2885 ad
1272 2828 1364 2901 ptura
1387 2820 1551 2884 beatificat
1574 2822 1621 2885 sic
1645 2832 1787 2905 agentes,
1803 2824 1889 2887 Beati
1902 2826 2078 2907 (inqui-nar.

466 2942 562 3004 quem
586 2922 728 2985 Christus
753 2920 928 2984 introducit
948 2939 1006 3001 per
1027 2920 1217 3001 sanguinem
1272 2920 1342 2999 ens)
1357 2918 1412 3000 qui
1427 2928 1609 2983 scrutantur
1622 2921 1805 2985 testimonia
1818 2923 1937 3005 ejus,in
1951 2932 2004 2987 toto

466 3020 603 3102 propriae
624 3018 781 3101 passionis
804 3041 811 3080 ε
834 3018 867 3080 in
892 3037 956 3100 quo
979 3036 1099 3080 novum
1123 3012 1253 3081 testa-C
1272 3017 1367 3079 corde
1386 3018 1558 3098 exquirunt
1578 3021 1673 3081 euml
1690 3018 1745 3081 Est
1763 3038 1850 3103 ergo,
1866 3040 1884 3085 o
1899 3022 2004 3084 Veritas

466 3126 611 3180 mentum
626 3116 846 3197 confirmatur,
860 3136 924 3180 non
939 3116 1127 3199 promittens
1143 3125 1218 3179 tem-
1273 3134 1408 3196 summa,
1438 3117 1581 3197 quedam
1610 3120 1821 3200 perscrutatio
1849 3120 2003 3197 moderata,

467 3215 599 3298 poralia‚
622 3222 657 3277 ut
679 3222 771 3276 vetus
792 3222 1029 3293 testamentum,
1053 3215 1109 3277 sed
1130 3222 1219 3277 aeter·
1272 3232 1335 3294 qua
1363 3214 1435 3295 quis
1461 3214 1550 3296 juxta
1574 3215 1623 3277 sui
1649 3216 1858 3297 capacitatem
1887 3216 2002 3299 ingenii,

467 3333 519 3376 na.
550 3313 588 3375 Et
617 3320 771 3393 quantum
800 3314 839 3375 ad
866 3312 928 3376 hoe
955 3312 1074 3375 dicitur
1106 3336 1111 3373 :
1138 3312 1216 3375 Novi
1273 3330 1346 3373 cum
1362 3312 1552 3390 reverentia,
1569 3314 1726 3377 modestia
1741 3334 1778 3378 ac
1793 3316 1907 3379 timore
1924 3334 2005 3378 cona-

467 3420 499 3475 et
512 3410 622 3474 aemrni
642 3410 834 3474 testamenti.
850 3410 1014 3492 Quumque
1034 3410 1111 3472 finis
1130 3410 1219 3493 prior
1272 3417 1323 3471 tur
1337 3428 1447 3473 eorum
1462 3428 1532 3490 quaa
1547 3410 1648 3474 credit
1662 3411 1804 3493 aliquam
1826 3431 1953 3477 noscere
1966 3432 2004 3474 ra-

468 3510 509 3572 sit
529 3511 562 3572 in
578 3509 767 3590 intentione,
784 3509 855 3572 ideo
876 3508 945 3571 fine
967 3509 1144 3591 praemisso,
1161 3529 1218 3591 per
1272 3507 1391 3570 tionem
1414 3531 1421 3569 ι
1445 3506 1529 3570 sicut
1551 3528 1608 3590 per
1632 3510 1752 3573 donum
1778 3511 1954 3575 intellectus
1974 3529 2005 3571 ea

467 3608 608 3671 medium
629 3608 669 3670 ad
690 3605 844 3670 effectum
867 3606 1024 3689 passionis
1049 3608 1218 3671 ostenden·
1272 3624 1341 3686 quae
1365 3604 1442 3669 fidei
1468 3614 1552 3683 sunt,
1569 3607 1707 3687 quodam
1731 3610 1879 3672 acumine
1902 3608 2003 3671 mentis
2107 3684 2108 3689 ἵ

467 3707 542 3769 dum
572 3705 683 3769 formae
707 3706 805 3769 verba
830 3706 1020 3787 perducunt.
1045 3741 1086 3751 -
1111 3706 1218 3767 Testa·
1272 3702 1411 3785 perspici
1441 3721 1478 3765 ac
1506 3704 1666 3786 penetrari
1694 3704 1856 3787 dicuntur,
1883 3708 2004 3771 rationes
2107 3690 2108 3719 ¹

467 3814 610 3868 mentum
635 3812 742 3867 autem
766 3803 894 3887 proprie
915 3810 964 3865 est
984 3803 1142 3867 institutio
1163 3804 1218 3866 he·
1272 3801 1502 3863 credendorum
1518 3801 1684 3865 sinceriter
1698 3802 1862 3883 intuendo,
1870 3806 1919 3868 vel
1933 3814 2004 3867 certe

467 3904 608 3966 reditatis
632 3902 846 3985 percipiendae
865 3900 943 3963 filiis
964 3921 982 3964 a
1007 3910 1094 3983 patre
1116 3925 1123 3963 :
1146 3902 1217 3966 ideo
1271 3898 1310 3961 ad
1329 3899 1585 3980 persuadendum
1604 3899 1675 3963 aliis
1694 3920 1731 3963 ea
1754 3920 1825 3983 quaa
1847 3903 2002 3979 credimus,

467 4002 595 4084 pmprie
624 4009 745 4083 spectat
773 4000 811 4063 ad
840 3999 1084 4082 promissionem
1119 4000 1218 4065 bono·
1271 4005 1325 4059 aut
1352 3998 1390 4059 ad
1419 3998 1676 4079 respondendum
1704 3998 1938 4065 incredulorum
1964 4001 2003 4061 iu-

467 4120 538 4163 rum
559 4119 630 4181 qum
651 4099 744 4163 nohis
767 4119 785 4161 a
810 4098 898 4161 Patre
919 4098 1133 4179 disponuntur
1154 4118 1217 4162 coe-
1272 4096 1408 4177 stantiis,
1430 4097 1697 4177 quemadmodum
1722 4098 1922 4163 beatissimus
1944 4099 2004 4162 hor

467 4198 549 4261 lasti.
578 4197 715 4260 Vocatur
739 4215 864 4278 quoque
888 4204 1113 4259 testamentum
1143 4198 1214 4277 hoc,
1232 4202 1355 4264 Dtetur
1379 4194 1528 4277 princeps
1549 4196 1771 4277 Apostolorum
1789 4197 1911 4261 :Parati
1935 4216 2004 4259 sem·
2020 4217 2096 4261 rnen

466 4313 586 4359 novum
604 4317 611 4356 ε
628 4293 744 4377 primo,
762 4294 883 4357 ratione
906 4293 1095 4357 sacramenti
1111 4294 1214 4375 istinc,
1272 4311 1328 4374 per
1352 4293 1391 4355 ed
1416 4292 1666 4357 satisfactionem
1687 4295 1774 4358 omni
1793 4294 1934 4377 poscenti
1956 4286 2037 4357 vos¹²

467 4394 551 4474 quod
580 4392 613 4454 in
641 4391 753 4454 mundi
782 4392 1021 4456 renovationem
1049 4400 1098 4455 est
1126 4392 1216 4454 insti·
1271 4390 1427 4455 rationem
1460 4390 1499 4453 de
1533 4409 1571 4454 ea
1598 4410 1668 4472 quaa
1696 4393 1730 4455 in
1759 4393 1851 4457 vohis
1879 4401 1924 4457 est
1949 4391 2002 4454 hde

467 4499 592 4569 tutum3
609 4491 760 4569 secundo,
778 4491 900 4554 ratione
916 4490 1138 4572 promissionis
1159 4510 1216 4573 per
1271 4498 1303 4552 et
1325 4508 1391 4571 spe.

466 4589 582 4652 Christi
602 4589 790 4671 sanguinem
811 4588 1019 4668 confirmatae,
1035 4607 1106 4669 quae
1125 4597 1215 4651 vetus
1311 4588 1457 4651 Veamas.
1474 4587 1640 4663 -Quanti
1655 4589 1751 4652 etiam
1773 4590 1847 4653 honi
1870 4590 1938 4668 viri,
1953 4585 2002 4651 suh

467 4687 731 4770 impedimentum
764 4688 996 4767 consequenda
1030 4686 1215 4750 hereditatis
1270 4686 1331 4749 hoc
1357 4686 1463 4750 colore
1488 4686 1578 4768 quasi
1605 4706 1678 4749 cum
1704 4688 1920 4752 moderamine
1938 4703 2002 4769 quo

467 4787 586 4850 amovit
609 4810 616 4847 ε
643 4794 675 4849 et
703 4786 749 4849 sic
778 4785 942 4849 innovatio
972 4786 1116 4865 quadam
1145 4804 1216 4867 pro-
1270 4785 1343 4846 dam
1367 4792 1534 4867 coeperunt
1556 4786 1596 4848 de
1620 4785 1718 4866 hujus
1744 4786 1941 4849 mirabilibus
1962 4803 2002 4846 sa·

466 4884 630 4947 missionis
658 4903 716 4967 per
743 4891 876 4947 mortem
902 4881 1016 4944 Christi
1045 4890 1093 4945 est
1117 4883 1212 4946 lacta.
1272 4883 1424 4945 crementi
1450 4884 1595 4963 scrutari,
1619 4884 1769 4966 cogitare,
1795 4885 1958 4963 discutere,
1977 4888 2002 4945 et

466 4982 587 5046 Dicitur
615 4982 691 5045 item
716 4982 800 5045 idem
826 4990 1049 5045 tastamentum
1077 4982 1141 5045 alia
1169 5002 1216 5045 re·
1271 4981 1412 5043 animum
1427 4981 1632 5063 profundere,
1649 4982 1704 5062 qui
1720 4982 1961 5046 immoderanter
1971 4998 2001 5042 ac

467 5082 553 5145 tione
573 5088 726 5144 aternum
744 5103 751 5141 ι
768 5079 882 5163 primo,
903 5080 978 5160 quia
996 5088 1113 5143 aterna
1133 5082 1216 5143 hona
1271 5080 1397 5161 longius
1422 5080 1641 5162 procedentes,
1664 5078 1852 5145 defecemnt
1875 5084 2093 5145 scrutinatam?-

467 5178 653 5254 concernit3
685 5178 835 5255 secundo,
866 5176 987 5240 ratione
1023 5178 1214 5241 sacramenti
1271 5187 1318 5241 tes
1334 5178 1497 5258 scrutinia,
1508 5186 1601 5259 atque
1616 5196 1674 5261 pro
1688 5178 1767 5242 fidei
1784 5178 2001 5242 illuminatione

467 5277 560 5343 istius
574 5275 767 5341 continentis
782 5275 948 5354 Christum,
965 5274 1020 5355 qui
1034 5283 1084 5337 est
1097 5283 1214 5339 aeterna
1272 5282 1513 5357 reportaverunt
1536 5284 1633 5359 caput
1656 5276 1781 5339 debile!
1805 5277 1844 5339 llt
1866 5277 1944 5341 sicut
1962 5292 2001 5338 re
