4309 6259
435 451 493 517 ¹40
587 470 628 519 llll
648 472 795 519 moerens
815 470 1018 518 sanctissume
1038 471 1075 516 ET
1097 469 1262 518 lNDlVlDUAE
1281 470 1463 529 ΤΒΙΝΙΤΛΤΙΒ,
1486 472 1544 518 PER
1564 471 1670 519 HGDUH
1690 470 1839 519 nomm!

474 644 532 719 Qui
557 643 635 707 lacit
658 642 815 706 mirabilia
837 660 951 723 magna
979 641 1077 722 solus,
1102 660 1181 723 quo-
1193 641 1219 703 Α
1233 642 1383 705 ldundum
1398 650 1505 706 mente
1519 662 1643 725 gerens,
1660 642 1823 724 similique
1841 640 1988 724 imagine

435 742 521 806 niam
537 742 569 805 in
584 750 737 806 aeternum
751 739 1063 822 misericordiaejus.
1315 739 1468 804 formans.

474 840 533 915 Oui
558 839 636 903 lecit
659 839 756 902 coelos
777 838 811 899 in
832 838 1009 918 intellectu,
1028 838 1179 921 quoniam
1234 838 1290 918 lla,
1319 839 1413 919 Deus,
1442 847 1609 922 augustam
1638 838 1737 903 menti
1766 838 1988 903 conscendere

435 938 468 1001 in
484 947 636 1002 aternum
651 936 867 999 misericordia
881 936 962 1017 ejus.
1316 939 1436 1017 sedem,

474 1036 531 1111 Oui
554 1034 693 1098 firmavit
715 1042 829 1097 terram
854 1054 950 1117 super
974 1052 1083 1115 aquas,
1104 1053 1181 1115 quo-
1235 1036 1280 1099 Da
1293 1036 1414 1100 fontem
1429 1037 1561 1099 lustrare
1575 1035 1664 1115 boni,
1680 1036 1721 1099 da
1734 1036 1807 1099 luce
1821 1042 1949 1117 reperta

434 1135 520 1198 niam
536 1134 568 1196 in
583 1141 736 1196 aeternum
751 1132 970 1196 misericordia
983 1134 1065 1214 ejus.
1235 1135 1270 1197 ln
1284 1143 1315 1198 te
1330 1134 1519 1217 conspicuos
1533 1134 1632 1197 animi
1647 1134 1789 1217 defigere
1803 1133 1904 1213 visus,

473 1232 529 1307 Oui
567 1231 643 1294 lecit
670 1230 840 1293 luminaria
873 1249 1000 1312 magna,
1030 1230 1181 1312 quoniam
1236 1234 1337 1313 Atque
1365 1241 1419 1295 tuo
1447 1233 1615 1315 splendore
1642 1232 1736 1295 mica.
1767 1233 1813 1295 Tu
1845 1250 1988 1313 namque

433 1331 466 1393 in
482 1338 636 1394 eternum
650 1328 869 1392 misericordia
883 1329 965 1411 ejus.
1317 1350 1477 1411 serenum,

474 1430 578 1492 Solem
603 1428 637 1490 in
662 1436 850 1509 potestatem
875 1428 951 1506 diei,
972 1427 1123 1509 quoniam
1148 1426 1181 1489 in
1237 1429 1283 1492 Tu
1311 1428 1436 1510 requies
1468 1428 1639 1510 tranquilla
1668 1428 1753 1511 piis;
1782 1434 1812 1491 te
1840 1448 1985 1509 cernere,

433 1536 587 1591 aeternum
601 1525 819 1589 misericordia
834 1526 917 1606 ejus.
1317 1526 1405 1590 linis.

472 1626 593 1688 Lunam
615 1632 647 1687 et
668 1624 775 1687 stellas
797 1624 829 1686 in
853 1632 1041 1707 potestatem
1065 1624 1180 1705 noctis,
1236 1627 1341 1691 Goetus
1356 1626 1389 1688 in
1404 1625 1538 1689 excelsis
1552 1634 1584 1689 te
1598 1626 1706 1688 laudat
1720 1625 1851 1689 coelicus
1865 1625 1985 1707 omnis,

433 1724 584 1807 quoniam
599 1723 632 1786 in
646 1732 800 1787 aeternum
814 1722 1033 1788 misericordia
1047 1724 1128 1805 ejus.
1236 1724 1275 1786 Et
1298 1721 1439 1786 mortalis
1458 1723 1564 1801 homo,
1588 1721 1707 1805 pariter
1724 1741 1850 1804 quoque
1868 1730 1987 1785 cuncta

473 1823 580 1888 Gloria
592 1822 687 1885 Patri.
1194 1815 1218 1876 Β
1317 1830 1433 1885 creata.

339 1940 347 1982 r
390 1954 419 1991 v..
472 1925 554 1985 Aut.
570 1922 665 1984 Beato
686 1928 720 1983 et
741 1921 798 1983 soli
820 1920 952 2002 potenti,
968 1921 1046 2003 Regi
1069 1940 1181 2002 regum
1236 1920 1294 1995 Qui
1318 1920 1425 1983 stellas
1448 1940 1608 1998 numeras,
1635 1938 1770 2001 quarum
1793 1928 1830 1982 tu
1852 1920 1986 1984 nomina
2001 1946 2129 1994 mm

434 2030 466 2085 et
485 2020 619 2084 Domino
640 2018 886 2099 dominantium,
902 2019 956 2100 qui
978 2020 1064 2083 solus
1086 2020 1183 2083 habet
1317 2018 1415 2097 solus,

434 2119 715 2196 immortalitatem,
732 2125 763 2180 et
777 2118 882 2179 lucem
903 2118 1023 2181 habitat
1042 2118 1183 2181 inacces-
1236 2116 1343 2199 Signa,
1373 2125 1554 2198 potestates,
1580 2135 1704 2196 cursus,
1729 2116 1811 2197 loca,
1840 2123 1987 2199 tempora

435 2218 570 2296 sibilum,
587 2216 688 2279 honor
702 2223 733 2278 et
747 2215 918 2298 imperium
938 2216 1178 2298 sempiternum.
1317 2214 1413 2278 nosti.

708 2316 908 2390 Capitulum.
1235 2312 1441 2394 Principium,
1458 2321 1577 2393 vector,
1593 2314 1668 2392 dux,
1690 2310 1812 2391 semita,
1828 2312 1987 2376 terminus

285 2437 419 2489 tumet,
473 2413 604 2475 Factum
633 2418 682 2474 est
716 2418 832 2491 autem,
863 2411 936 2474 Jesu
965 2412 1122 2495 baptizato
1150 2421 1182 2476 et
1315 2411 1411 2474 idem.

285 2502 319 2543 ²²·
433 2518 554 2590 orante,
575 2518 719 2592 apertum
744 2517 792 2572 est
816 2509 944 2591 coelum,
967 2518 998 2573 et
1016 2510 1181 2574 descendit
1235 2508 1351 2589 Gloria,
1372 2509 1441 2571 laus
1465 2516 1497 2571 et
1520 2508 1624 2572 honor
1644 2507 1702 2571 tibi
1727 2507 1779 2587 sit,
1799 2508 1864 2572 lien
1887 2508 1984 2588 trine,

434 2608 570 2691 Spiritus
585 2608 718 2670 Sanctus
732 2606 889 2688 corporali
906 2608 1011 2690 specie
1026 2607 1110 2671 siout
1130 2628 1183 2673 co-
1316 2607 1451 2670 Creator.
1474 2607 1585 2669 Arnen.

435 2706 544 2770 lumba
558 2705 590 2767 in
606 2706 726 2788 ipsum;
743 2712 775 2768 et
789 2723 849 2767 vox
864 2705 903 2767 de
918 2706 999 2769 coelo
1014 2705 1098 2769 lacta
1112 2715 1179 2769 est:
1276 2718 1308 2768 r.
1326 2705 1423 2768 Patris
1437 2712 1469 2767 et
1489 2704 1560 2766 Filii
1583 2713 1615 2767 et
1635 2702 1771 2787 Spiritus
1791 2704 1898 2769 Sancti
1919 2726 1987 2769 una

296 2823 422 2877 narrum,
436 2807 481 2868 Tu
505 2824 539 2867 es
558 2803 656 2866 Filius
680 2823 770 2866 mens
793 2803 940 2884 dilectus,
957 2804 989 2865 in
1013 2823 1077 2885 quo
1102 2805 1182 2867 mihi
1237 2812 1285 2867 est
1299 2802 1461 2866 divinitas.

285 2888 318 2929 ¹⁷·
436 2902 625 2986 complacui,
1278 2922 1310 2976 n.
1326 2900 1466 2982 AEqualis
1481 2899 1593 2983 gloria,
1609 2908 1767 2965 coeterna
1780 2902 1942 2983 maiestas.

474 3020 506 3076 n.
523 3000 587 3063 Deo
601 2999 728 3081 gratiae.
1198 2998 1220 3060 G
1278 3003 1333 3062 Ad
1345 2998 1546 3077 Benedictus,
1562 3003 1641 3062 Aut.
1659 2997 1716 3072 Qui
1732 2999 1809 3063 lecit
1822 3000 1941 3064 stellas.

274 3130 415 3187 mm
472 3119 505 3173 n.
535 3097 657 3161 Gratias
685 3096 810 3178 agimus
838 3097 908 3176 tibi,
938 3098 1070 3161 Domine
1099 3099 1181 3161 Deus
1517 3099 1700 3159 Canticum.

431 3196 646 3278 omnipotens,
672 3195 727 3276 qui
756 3214 801 3273 es,
826 3204 858 3257 et
885 3195 939 3277 qui
970 3215 1050 3275 eras,
1075 3200 1095 3277 †
1122 3196 1180 3271 eui
1276 3194 1465 3259 Benedictus
1491 3195 1644 3258 Dominus
1668 3196 1751 3259 lleus
1775 3197 1882 3275 lsrael,
1908 3198 1986 3279 quia
2003 3225 2127 3275 tuno.

433 3294 585 3377 accepisti
615 3293 765 3356 virtutem
794 3302 880 3357 tuam
905 3313 1054 3375 magnam
1077 3304 1109 3358 et
1133 3316 1181 3359 re·
1236 3293 1773 3376 visitavit,etiecitredemptionem
1787 3295 1891 3377 plebis
1905 3315 1984 3359 sum.

431 3391 548 3475 guasti,
566 3392 704 3455 alleluia.
1275 3392 1314 3455 Ut
1341 3392 1410 3454 sine
1434 3391 1558 3470 timore,
1585 3392 1623 3454 de
1652 3410 1750 3454 manu
1778 3392 1986 3456 inimicorum
2000 3420 2133 3464 racanas.

296 3520 416 3571 mm
472 3503 503 3555 r.
540 3490 758 3555 Confiteantur
792 3490 862 3569 tibi,
893 3491 1037 3571 Domine,
1071 3493 1180 3555 omnia
1235 3499 1415 3555 nostrorum
1437 3489 1574 3567 liberati,
1591 3489 1766 3553 serviamus
1788 3490 1847 3553 illi.

284 3586 318 3627 ¹⁰·
431 3608 528 3673 opera
549 3598 614 3669 tua,
635 3598 667 3651 et
691 3588 798 3651 Sancti
823 3589 869 3651 tui
892 3589 1083 3653 benedicant
1107 3590 1176 3653 tibi.
1275 3590 1309 3650 ln
1325 3588 1489 3652 sanctitate
1510 3595 1543 3650 et
1555 3586 1680 3668 justitia
1694 3605 1800 3653 coram
1819 3588 1899 3671 ipso,
1915 3608 1986 3653 om·

430 3690 488 3764 Qui
511 3688 673 3771 accepisti.
1236 3687 1331 3749 nibus
1351 3686 1463 3749 diebus
1485 3686 1612 3749 nostrie.

471 3800 503 3851 r.
519 3787 626 3851 Gloria
639 3786 732 3849 Patri.
750 3785 896 3849 Alleluia.
1275 3786 1332 3848 Per
1353 3784 1475 3847 viscera
1494 3784 1721 3848 misericordia
1739 3784 1795 3848 Dei
1819 3785 1931 3863 nostri,
1949 3786 1984 3849 in
2001 3812 2136 3858 ruam

724 3888 886 3962 Hymnus.
1235 3882 1351 3965 quibus
1372 3882 1513 3945 visitavit
1533 3900 1603 3963 nos,
1619 3883 1725 3947 oriens
1746 3903 1785 3947 ex
1805 3884 1880 3947 alto.

336 4018 397 4062 ΒΜ,
471 3982 495 4046 0
523 3982 577 4064 qui
606 3989 759 4065 perpetua
786 3982 941 4044 mundum
970 3981 1091 4045 ratione
1123 4002 1181 4064 gu-
1274 3981 1457 4044 llluminare
1471 3980 1522 4043 his
1536 3980 1591 4062 qui
1607 3980 1640 4043 in
1655 3981 1796 4045 tenebris
1810 3990 1842 4045 et
1861 3981 1895 4044 in
1914 4003 1984 4045 urn-

270 4080 418 4155 P⁰C⁰¹¹w¹¹l
513 4081 638 4160 barnas,
1235 4080 1292 4143 bra
1319 4079 1430 4143 mortis
1459 4080 1580 4159 sedent,
1607 4080 1646 4142 ad
1673 4080 1858 4162 dirigendos
1884 4083 1984 4164 pedes

269 4144 306 4251 ¹⁹⁸³
317 4158 347 4195 ¹¹¹⁸
358 4148 419 4187 Μ’
432 4181 598 4242 Terrarum
624 4177 759 4260 coelique
785 4184 889 4257 sator3
910 4179 964 4259 qui
988 4185 1115 4261 tempus
1140 4179 1180 4241 ab
1197 4178 1359 4242 Duostros
1381 4178 1413 4240 in
1436 4178 1520 4241 viam
1544 4178 1642 4260 pacis.

511 4294 579 4341 aevo
1276 4275 1381 4340 Gloria
1394 4276 1489 4339 Patri.

430 4378 478 4440 lre
496 4376 601 4458 jubes,
619 4373 804 4458 stabilisque
826 4394 969 4454 manens,
986 4376 1042 4438 das
1064 4383 1180 4438 cuncta
1274 4375 1428 4449 Antoni
1453 4374 1530 4439 iecit
1554 4376 1672 4455 stellas,
1689 4377 1741 4440 hic
1760 4386 1809 4441 est
1825 4378 1909 4441 Deus
1926 4396 1986 4442 no
2000 4402 2116 4445 amm
2131 4367 2150 4444 .'

512 4474 655 4554 moveri3
1236 4482 1310 4551 ster,
1327 4482 1358 4537 et
1372 4492 1436 4537 non
1451 4474 1658 4537 estimabitur
1676 4476 1758 4538 alius
1779 4477 1820 4540 ab
1841 4476 1908 4541 illo.
1924 4476 1984 4540 llic
2001 4466 2085 4506 ²⁵⁴⁸·

431 4576 529 4651 Quem
562 4592 626 4637 non
661 4582 797 4637 exterum
833 4572 1024 4654 pepulerunt
1052 4572 1178 4653 fingere
1235 4572 1399 4636 adinvenit
1412 4591 1539 4636 omnem
1554 4572 1639 4635 viam
1653 4572 1882 4655 disciplinae,et
1894 4575 1985 4639 dedit

511 4693 615 4737 causae
1235 4672 1322 4734 illam
1347 4670 1442 4733 Jacob
1466 4688 1565 4753 puero
1590 4689 1658 4749 suo,
1686 4680 1718 4735 et
1741 4672 1836 4735 lsrael
1865 4673 1984 4739 dilecto

430 4772 564 4836 Materia
602 4770 760 4834 fluitantis
797 4788 889 4852 opus,
929 4787 1040 4832 verum
1083 4768 1178 4832 insita
1234 4769 1294 4832 sibi
1309 4792 1318 4847 ;
1334 4777 1364 4831 et
1386 4777 1458 4851 post
1477 4769 1545 4831 haec
1567 4787 1663 4850 super
1682 4778 1797 4832 terram
1813 4770 1901 4833 visus
1921 4780 1982 4853 est,

512 4870 627 4933 summi
1234 4876 1266 4931 et
1287 4887 1361 4930 oum
1382 4866 1566 4932 hominibus
1586 4876 1793 4932 conversatus
1814 4877 1871 4933 est.

429 4970 542 5034 Forma
557 4968 644 5047 boni,
662 4966 761 5031 livore
781 4984 893 5029 carens
910 4988 917 5027 z
934 4974 967 5029 tu
990 4973 1106 5029 cuncta
1127 4986 1179 5029 su·
1518 4970 1608 5027 Laus
1621 4968 1692 5028 Dei.

510 5085 610 5150 perne
1273 5062 1396 5127 Gratias
1410 5082 1541 5145 agamus
1560 5063 1694 5127 Domino
1712 5065 1777 5127 Deo
1795 5073 1915 5129 nostro.
1931 5067 1987 5130 lli-

429 5166 526 5231 Ducis
553 5164 593 5228 ab
621 5163 778 5246 exemplo,
805 5163 975 5245 pulchrum
1003 5162 1179 5246 pulcherri·
1233 5180 1332 5245 gnum
1358 5169 1390 5223 et
1412 5160 1534 5241 justum
1558 5168 1616 5239 est,
1634 5179 1692 5224 nos
1717 5160 1776 5223 tibi
1802 5181 1929 5245 semper
1951 5174 1987 5228 ct

511 5284 583 5327 mus
604 5261 673 5345 ipse
1234 5260 1353 5343 ubique
1366 5258 1482 5340 gratias
1496 5278 1600 5341 agere,
1613 5257 1745 5324 Domine
1759 5267 1880 5341 sancte,
1890 5261 1988 5327 Pater
