4309 6259
484 524 524 571 118
546 524 636 571 1101115
657 523 791 570 saluatus
812 522 932 583 saecri,
955 522 1129 569 meratus
1152 524 1182 569 ll.
1205 542 1246 552 -
1267 524 1337 569 alix.
1361 522 1402 569 XV

175 702 204 759 ta
217 694 331 757 mentis
352 693 484 758 affectio
504 694 589 757 circa
611 693 799 775 temporalia
819 700 851 755 et
864 692 954 755 carl

174 794 261 871 duca,
284 792 536 856 sincerissimam
558 792 675 855 divinae
696 791 836 854 caritatis
861 811 918 873 pu-

176 892 295 953 lllllssffl
309 890 460 969 ⁰fs¹¹⁸⁰⁰lr
472 891 637 973 ipsamque
651 890 816 953 callmlflm
831 888 917 951 lffldll
973 908 1065 975 Quod
1078 910 1200 967 donum
1216 909 1386 983 sapientire
1400 918 1431 968 et
1447 912 1554 969 virtus
1568 910 1722 969 caritatis

174 998 264 1070 alque
292 990 438 1052 debilitat
465 997 618 1070 quantum
647 989 686 1051 ad
716 989 785 1070 ejus
813 988 918 1049 fervo-
1012 998 1138 1056 divinae
1149 998 1603 1073 proportionalitercrercant
1621 999 1721 1058 simul

175 1107 259 1165 rem3
289 1088 336 1150 sic
365 1088 581 1151 inordinatum
605 1088 746 1149 studium
770 1106 919 1168 quarum-
1013 1096 1110 1165 atque
1125 1089 1324 1147 decrescent.

175 1186 247 1247 libet
269 1186 474 1248 scientiarum
495 1186 563 1248 sive
581 1185 747 1265 librorum,
767 1205 786 1247 a
810 1203 918 1266 perce-

175 1286 279 1367 ptione
295 1284 483 1347 incrementi
500 1303 581 1347 verae
596 1283 760 1366 sapientiae
774 1284 917 1345 animum

176 1383 314 1464 impedit.
336 1381 551 1444 inordinatum
576 1400 651 1445 vem
675 1381 814 1475 studium
838 1400 919 1442 nun-

174 1499 265 1561 cupo,
291 1481 367 1542 dum
396 1481 544 1560 leguntur
567 1488 622 1541 aut
644 1480 827 1558 audiuntur,
854 1497 918 1541 non
973 1485 1023 1540 est
1038 1502 1046 1538 :
1062 1478 1096 1539 ln
1112 1478 1315 1541 meditatione
1332 1499 1401 1541 mea
1420 1480 1602 1543 exardescet
1625 1480 1719 1562 ignis.
1735 1501 1794 1543 aar
1796 1511 1868 1548 2222222

173 1597 238 1659 qua·
259 1577 361 1658 magis
382 1577 554 1658 expediunt
573 1577 612 1639 ad
636 1576 851 1639 innocentiam
873 1576 920 1637 vi·
975 1577 1102 1655 l'erurn,
1133 1576 1159 1637 si
1188 1577 1227 1637 ad
1261 1578 1424 1639 caritatem
1458 1577 1623 1642 sufficeret
1654 1566 1755 1641 sola*

173 1684 220 1753 tac,
235 1676 276 1737 ad
301 1676 406 1737 cordis
430 1674 632 1753 munditiam,
653 1676 691 1737 ad
716 1675 918 1756 adeptionem
975 1674 1119 1753 seientia,
1136 1682 1229 1755 atque
1244 1674 1282 1735 ad
1298 1682 1403 1737 actum
1423 1676 1563 1739 caritatis
1583 1676 1650 1739 sola
1670 1695 1723 1739 co-

173 1775 337 1851 virtutum,
362 1774 418 1835 sed
441 1794 511 1855 quae
534 1773 637 1855 magis
660 1774 841 1852 oblectant3
868 1774 917 1835 vel
975 1773 1087 1853 gnitio,
1106 1772 1150 1834 illi
1168 1772 1309 1854 profecto
1331 1773 1429 1836 Deum
1449 1784 1591 1837 amarent
1610 1776 1722 1837 arden-

172 1874 244 1935 dum
271 1873 412 1934 studium
436 1890 500 1934 non
525 1872 691 1934 ordinatur
713 1873 751 1933 ad
776 1872 918 1934 debitum
937 1870 960 1931 B
976 1871 1050 1951 tius,
1067 1872 1120 1951 qui
1137 1872 1270 1934 acutiori
1287 1872 1425 1952 gaudent
1441 1872 1580 1954 ingenio,
1598 1892 1634 1936 ac
1650 1874 1724 1936 sub-

172 1970 271 2033 finem
289 1994 296 2031 ε
313 1978 346 2032 et
366 1971 512 2050 quamvis
534 1969 687 2031 naturalis
710 1969 919 2051 philosophiae
976 1968 1134 2031 tilioribus
1163 1969 1471 2032 considerationibus
1501 1970 1586 2033 circa
1613 1970 1722 2033 divina

172 2068 312 2130 studium
338 2068 371 2129 in
397 2087 430 2129 se
455 2068 573 2129 malum
598 2086 662 2129 non
687 2067 739 2145 sit,
763 2075 868 2129 tamen
892 2067 918 2128 si
976 2066 1175 2149 prefulgent.
1188 2067 1288 2149 Hujus
1303 2076 1408 2129 autem
1422 2069 1604 2149 oppositum
1620 2068 1723 2131 cerni-

173 2184 233 2228 non
259 2166 426 2229 ordinetur
454 2168 493 2227 ad
518 2185 626 2228 veram
651 2165 787 2247 Spiritus
813 2165 919 2227 Sancti
976 2184 1058 2226 mus.
1085 2164 1170 2227 Multi
1197 2166 1282 2227 enim
1308 2166 1502 2247 simpliciani
1531 2186 1567 2229 ac
1597 2165 1723 2229 feminas

171 2263 372 2346 sapientiam,
399 2283 517 2325 vanum
541 2262 694 2325 eflicitur.
721 2262 920 2325 Maledictum
978 2282 1092 2344 magna
1117 2262 1171 2325 Dei
1196 2264 1367 2326 dilectione
1396 2265 1628 2345 devotioneque
1657 2264 1724 2325 lan-

170 2382 296 2443 quoque
321 2372 368 2424 est
394 2362 544 2438 studium,
569 2362 714 2443 quamvis
738 2361 920 2423 divinorum
976 2366 1085 2441 guent,
1111 2360 1219 2421 multis
1248 2362 1430 2424 doctoribus
1454 2371 1547 2443 atque
1571 2362 1724 2424 studenti-

171 2461 338 2539 librorum,
355 2479 428 2522 cum
446 2479 510 2541 quo
525 2459 697 2541 negligitur
711 2467 764 2521 aut
780 2467 864 2521 certe
881 2458 922 2519 ir·
977 2459 1046 2535 bus,
1064 2478 1137 2520 cum
1163 2458 1229 2520 suis
1255 2458 1482 2522 subtilitatibus
1506 2480 1543 2523 ac
1567 2460 1722 2538 scientiis,

172 2567 356 2621 reverenter
376 2558 568 2640 persolvitur
588 2558 733 2621 divinum
755 2556 918 2619 Officium.
976 2556 1074 2617 Deum
1094 2575 1153 2618 nec
1173 2556 1379 2637 diligentibus
1399 2577 1501 2638 neque
1526 2558 1721 2620 timentibus.

169 2656 314 2738 Insuper,
325 2675 461 2737 quorum
476 2655 634 2738 pmlessio
648 2655 801 2717 naturalis
816 2655 921 2717 studio
977 2654 1200 2716 Verumtamen
1226 2654 1286 2717 hoc
1305 2674 1322 2715 a
1343 2656 1496 2737 sapientia
1516 2676 1586 2737 quae
1605 2663 1652 2718 est
1670 2656 1726 2718 do-

171 2754 382 2836 philosophiac
406 2773 471 2818 non
491 2763 573 2835 eget,
595 2753 687 2817 valde
711 2753 849 2815 inaniter
869 2772 922 2816 oc·
977 2770 1052 2812 num
1085 2751 1221 2833 Spiritus
1251 2752 1368 2829 Sancti,
1399 2754 1491 2835 longe
1520 2753 1559 2816 fit
1587 2773 1722 2834 semper.

170 2862 340 2934 cupantur,
356 2853 432 2914 dum
455 2854 487 2914 in
509 2851 740 2934 philosophicis
761 2851 852 2914 libris
874 2850 922 2911 in·
978 2850 1100 2923 0110010
1119 2850 1204 2911 eninr
1227 2850 1257 2912 in
1277 2850 1387 2914 divina
1405 2852 1575 2914 dilectione
1594 2872 1630 2914 ac
1651 2872 1725 2913 vera

170 2951 263 3031 genia
278 2970 337 3011 sua
353 2949 486 3030 fatigant
504 2974 510 3011 z
528 2970 608 3032 opus
629 2951 715 3013 enim
737 2950 821 3031 quod
838 2950 870 3011 in
886 2970 920 3011 se
977 2948 1093 3010 mentis
1108 2948 1305 3029 perfectione
1320 2948 1391 3031 quis
1407 2949 1643 3031 proficit,tanto
1657 2949 1724 3012 haec

170 3049 289 3110 bonum
322 3048 479 3126 consistit,
510 3068 567 3130 per
600 3049 749 3111 accidens
780 3046 1133 3126 redditurCsapientia
1154 3048 1253 3128 magis
1275 3047 1307 3108 in
1327 3066 1364 3109 eo
1383 3049 1630 3123 concrescit3et
1649 3049 1724 3110 dum

170 3146 336 3223 vitiosum,
362 3146 437 3208 dum
467 3166 485 3208 a
510 3146 633 3209 meliori
660 3166 716 3208 seu
741 3146 919 3225 obligatiori
979 3144 1094 3205 caritas
1110 3144 1251 3225 perfecta
1266 3145 1726 3227 efficitur,fitsapientiaque-

169 3254 240 3306 actn
256 3252 307 3306 est
324 3244 557 3326 impeditivurn.
978 3262 1040 3323 que
1056 3241 1209 3323 perfecta,
1226 3263 1296 3324 quae
1312 3244 1343 3304 iu
1360 3262 1435 3307 vero
1450 3264 1486 3306 ac
1502 3245 1611 3325 sapido
1632 3244 1726 3307 ratio-

1175 750 1419 817 ARTICULUS
1443 752 1517 817 XV.

1044 1281 1137 1345 crt's
1172 1282 1275 1364 itaque
1305 1284 1444 1346 caritatis
1473 1304 1509 1346 ex
1538 1284 1720 1366 cognitione
1736 1304 1867 1361 010111.

1058 1380 1212 1461 procedit,
1256 1383 1523 1461 quemadmodum
1566 1383 1720 1465 scriptum

208 3343 311 3423 lgitur
324 3342 379 3422 qui
397 3362 477 3404 verre
499 3342 661 3423 sapientiai
682 3350 809 3423 gustum
829 3360 923 3423 expe

169 3441 222 3502 riri
240 3441 414 3516 desiderat,
427 3447 459 3502 et
475 3439 507 3501 in
523 3442 607 3502 dono
622 3440 785 3520 sapientiae
800 3460 922 3502 cresce-

169 3558 213 3612 re,
232 3538 487 3601 inordinatorum
504 3538 680 3601 studiorum
695 3538 922 3601 delectationes

169 3645 369 3714 contemnat,
396 3656 499 3717 neque
529 3637 563 3698 in
592 3636 712 3719 proprii
743 3637 923 3699 intellectus

169 3734 343 3797 sententiis
358 3734 522 3815 glorietur,
535 3735 590 3797 sed
607 3734 640 3796 in
656 3753 731 3796 vera
745 3734 923 3796 humilitate

169 3854 203 3895 se
218 3834 348 3910 fundet,
363 3833 395 3894 in
411 3834 520 3895 divina
535 3834 665 3896 caritate
681 3832 820 3895 radicem
836 3852 925 3895 men-

170 3931 210 3993 tis
226 3931 365 4013 deligat,
380 3931 606 4011 occupationes
627 3930 855 4013 cogitationum
872 3951 924 3993 va-

169 4050 286 4092 narum
311 4028 463 4110 abjiciat,
485 4029 595 4109 sicque
617 4029 726 4110 pieac
749 4038 857 4092 sancte
879 4030 925 4092 vi-

171 4129 291 4205 vendo,
309 4128 391 4189 hanc
408 4128 596 4209 sapientiam
611 4146 675 4189 non
698 4128 835 4210 propriis
850 4128 925 4189 viri-

978 3342 1028 3402 nis
1047 3342 1169 3421 judicio
1190 3342 1276 3404 circa
1299 3342 1408 3405 divina
1434 3344 1588 3405 consistit.
1605 3344 1726 3417 Quanto

978 3448 1084 3501 autern
1108 3440 1181 3519 quis
1206 3440 1343 3520 amplius
1372 3441 1511 3503 carnalia
1540 3450 1726 3522 terrenaque

979 3538 1101 3618 abjicit,
1120 3546 1205 3599 tantu
1224 3538 1263 3599 de
1279 3538 1398 3599 divinis
1422 3540 1526 3601 verius
1546 3540 1678 3620 judicat,
1696 3548 1727 3603 et

980 3656 1036 3718 per
1063 3654 1262 3717 consequens
1291 3636 1456 3717 limpidius
1484 3658 1521 3699 ea
1550 3639 1724 3719 cognoscit.

978 3734 1051 3807 Ouae
1079 3734 1174 3795 etiarn
1200 3734 1340 3815 cognitio
1368 3743 1454 3797 tanto
1478 3736 1607 3797 suavius
1631 3738 1724 3817 sapit,

979 3840 1097 3912 quante
1112 3831 1226 3893 caritas
1243 3832 1310 3913 ipsa
1325 3832 1495 3912 perfectior
1507 3832 1727 3897 fucrit.Nihilo

980 3930 1097 4005 minus,
1114 3930 1273 4011 loquendo
1288 3930 1326 3992 de
1342 3931 1497 4010 sapientia
1511 3940 1605 4012 atque
1625 3932 1727 3994 scien-

980 4030 1024 4090 tia
1044 4046 1114 4109 quae
1135 4037 1207 4089 sunt
1226 4028 1352 4090 habitus
1379 4028 1608 4093 intellectuales
1633 4038 1727 4111 atque

980 4127 1018 4188 ad
1033 4127 1151 4209 gratias
1166 4126 1263 4207 gratis
1278 4127 1366 4189 datas
1382 4128 1641 4208 pertinentes,nil
1657 4147 1728 4210 pro-

169 4226 242 4305 bus,
261 4224 322 4287 sed
344 4244 362 4287 a
385 4224 608 4287 liberalissima
630 4225 774 4307 largitate
790 4226 925 4306 Spiritus
941 4226 966 4287 D
981 4224 1069 4287 hibet
1084 4244 1155 4287 eum
1172 4224 1226 4305 qui
1243 4226 1350 4287 minus
1365 4226 1480 4307 diligit,
1499 4226 1531 4287 in
1547 4227 1727 4307 cognitione

170 4324 282 4385 Sancti
311 4322 417 4385 sortiri
443 4332 585 4400 conetur,
612 4323 762 4405 quoniam
788 4325 925 4385 vereda
981 4323 1145 4386 meliorem
1168 4323 1360 4404 precellere.

87 4456 125 4483 m
169 4442 208 4484 ea
232 4429 369 4483 sanctus
392 4420 450 4483 Job
474 4421 549 4483 ait:
574 4420 723 4483 Trahitur
746 4430 852 4483 autem
878 4443 926 4484 sa·
1020 4420 1126 4500 Porro,
1143 4422 1226 4501 quod
1247 4421 1421 4482 secundum
1446 4422 1563 4485 divinae
1588 4423 1727 4485 caritatis

37 4506 96 4547 lali.

170 4519 298 4601 pientia
313 4520 353 4580 de
368 4518 513 4596 occultis,
530 4538 588 4581 nec
612 4520 774 4582 invenitur
788 4520 821 4581 in
843 4529 925 4583 terra
983 4520 1177 4582 incrementa
1197 4519 1230 4579 in
1253 4519 1402 4581 cordibus
1417 4520 1544 4595 nostris,
1562 4520 1630 4601 ipsa
1651 4540 1728 4600 quo-

170 4616 320 4677 suaviter
334 4614 523 4691 viventium,
539 4615 571 4676 id
586 4624 633 4677 est
650 4616 681 4677 in
697 4616 845 4679 cordibus
860 4636 927 4679 car·
981 4636 1043 4698 quc
1077 4616 1232 4697 sapientia
1267 4616 1467 4678 convalescat
1501 4618 1727 4699 aequaliterque

36 4734 153 4787 rernm,
169 4714 282 4777 nalem
300 4713 398 4775 vitam
413 4712 774 4776 ducentiumdnimalis
790 4735 926 4796 uariaque
982 4723 1176 4793 concrescat,
1207 4721 1338 4776 testatur
1367 4714 1542 4777 Richardus
1576 4716 1657 4779 libro
1689 4718 1727 4780 dc

36 5092 49 5135 Ι,
58 5122 76 5132 ..

169 4811 271 4875 1101110
296 4829 360 4873 non
385 4811 521 4893 percipit
543 4831 580 4874 ea
602 4831 671 4892 quae
694 4821 766 4873 sunt
791 4814 926 4894 Spiritus
981 4812 1261 4893 Coriternplatione,
1274 4813 1349 4873 dum
1366 4812 1408 4874 ait
1426 4836 1432 4873 :
1449 4813 1605 4887 Quamdiu
1618 4815 1729 4897 hujus-

167 4910 239 4972 oei.
265 4910 352 4971 Hine
375 4910 494 4971 etenim
515 4917 624 4972 mouet
644 4910 772 4971 divinus
796 4913 928 4992 Apostn
982 4911 1066 4973 modi
1084 4910 1245 4992 sapientia
1268 4930 1323 4971 seu
1346 4910 1573 4973 revelationum
1595 4914 1728 4977 ebricta-

41 5024 153 5072 uaen,
169 5008 221 5069 lus
247 5028 255 5065 ι
282 5007 319 5069 Si
340 5007 582 5069 consurrexistis
605 5028 677 5070 curn
700 5008 833 5087 Christo,
857 5029 926 5089 quae
982 5017 1159 5090 temetque
1184 5027 1332 5070 excessus
1356 5027 1419 5071 non
1444 5011 1634 5090 experimur,
1651 5012 1727 5092 quid

167 5126 305 5168 sursum
333 5114 407 5167 sunt
430 5106 542 5186 sapite,
568 5124 631 5168 non
656 5123 727 5186 quae
747 5126 844 5189 super
867 5115 928 5170 ter·
981 5108 1066 5169 aliud
1095 5108 1134 5169 de
1164 5106 1255 5168 nobis
1283 5106 1439 5168 aestimare
1472 5107 1635 5185 dehemus,
1665 5110 1727 5171 nisi

167 5224 251 5269 ram.
265 5203 341 5268 Non
355 5222 431 5285 ergo
446 5224 583 5286 superna
597 5224 708 5286 sapere
724 5206 818 5285 valet,
831 5225 926 5286 quem
981 5206 1066 5286 quod
1082 5206 1187 5266 minus
1201 5204 1375 5285 diligimur,
1394 5204 1457 5266 imo
1471 5207 1555 5285 quod
1570 5214 1602 5268 et
1622 5207 1728 5270 minus

166 5305 320 5370 mundus
336 5303 394 5366 iste
409 5303 460 5366 vel
475 5322 548 5366 caro
562 5304 709 5367 delectat.
981 5304 1146 5385 diligimus
1157 5306 1168 5363 l
1185 5302 1216 5365 Si
1232 5302 1318 5365 enim
1333 5302 1472 5384 perfecte
1492 5322 1527 5365 ac
1547 5306 1641 5387 plene
1656 5306 1728 5369 dili-
