4309 6259
394 466 453 532 326
943 486 1034 533 ΗΘΜ
1054 485 1095 533 DE
1116 486 1263 533 resstoltn
1278 482 1392 533 potum

435 675 469 731 a.
490 655 713 739 Caligaverunt
730 657 816 721 oculi
837 658 900 720 mei
920 676 939 719 a
956 658 1047 737 fletu,
1070 657 1143 739 quia
1158 658 1183 719 Α
1198 657 1348 740 peccatis,
1365 656 1601 721 convivificavit
1622 674 1680 721 nos
1698 653 1835 733 Christo,
1852 652 1949 735 cnjus

397 753 563 837 elongatus
584 764 632 818 est
650 775 668 819 a
687 773 739 819 me
759 756 814 838 qui
832 755 1056 820 consolabatur
1079 774 1141 819 me.
1199 754 1298 836 gratie
1320 773 1430 818 sumus
1452 754 1576 819 salvati.

260 875 345 920 ram.
367 890 382 928 t,
397 853 520 934 Videte,
544 871 656 918 omnes
678 854 799 937 populi,
824 857 844 937 †
862 854 894 917 Si
918 861 967 917 est
990 854 1081 918 dolor
1104 854 1145 917 si·
1239 864 1271 916 r.
1289 853 1434 934 Domine,
1450 853 1574 932 exaudi,
1591 864 1648 916 etc.

396 952 480 1015 milis
502 952 584 1016 sicut
604 953 694 1018 dolor
714 972 815 1017 meua.
1239 972 1272 1028 a.
1288 952 1326 1015 Et
1341 952 1460 1017 clamor
1474 972 1576 1033 meus,
1592 962 1652 1016 etc.

250 941 283 983 Β.

436 1063 469 1115 r.
486 1051 510 1114 0
527 1069 585 1116 vos
608 1070 719 1115 omnes
738 1052 793 1135 qui
811 1051 950 1115 transitis
969 1052 1142 1135 perviam,
1501 1052 1643 1117 Oramus.

398 1149 550 1214 attendite
565 1158 597 1213 et
610 1150 726 1213 videte.
744 1149 775 1211 Si
789 1157 839 1213 est
851 1149 952 1213 dolor.
1239 1150 1372 1214 Domine
1387 1170 1441 1213 rex
1455 1150 1670 1234 omnipotens,
1685 1150 1759 1213 lesu
1781 1149 1875 1227 hone,
1893 1146 1953 1230 qui

438 1259 471 1311 t.
487 1246 594 1312 Gloria
607 1247 701 1311 Patri.
717 1247 822 1312 Dolor.
1198 1254 1245 1312 tot
1259 1265 1317 1330 pro
1337 1267 1389 1312 me
1410 1248 1568 1331 pertulisti
1586 1255 1754 1325 tormenta,
1771 1246 1811 1309 da
1829 1252 1864 1309 ut
1887 1264 1952 1309 nec

267 1370 384 1422 rama.
438 1357 471 1409 t.
488 1346 637 1427 Benedic,
653 1345 760 1409 anima
773 1364 856 1425 mea,
872 1344 1016 1409 Domino.
1199 1345 1233 1407 in
1254 1344 1415 1428 prosperis
1434 1364 1538 1427 neque
1557 1345 1589 1408 in
1610 1343 1751 1408 adversis
1770 1363 1788 1406 a
1807 1350 1838 1407 te
1857 1343 1953 1407 elon-

438 1463 471 1518 a.
496 1443 536 1506 Et
562 1444 627 1509 noli
657 1442 804 1507 oblivisci
828 1462 939 1508 omnes
963 1442 1144 1507 retributio-
1198 1460 1255 1525 ger
1269 1451 1323 1506 aut
1336 1463 1475 1526 separer,
1491 1462 1550 1507 uec
1564 1444 1598 1506 in
1613 1451 1669 1507 tuo
1683 1460 1773 1506 sacro
1791 1441 1953 1523 obsequio

397 1561 455 1605 nes
476 1542 558 1624 ejus.
1198 1541 1363 1624 negligens
1378 1550 1432 1605 eut
1446 1542 1535 1625 piger
1548 1540 1684 1619 efficiar,
1693 1541 1747 1605 sed
1761 1559 1841 1622 opus
1855 1548 1954 1604 tuum

437 1644 517 1703 Ant.
534 1638 627 1704 Deus.
1198 1639 1338 1721 quotidie
1362 1640 1462 1722 magis
1487 1647 1669 1703 reverenter
1692 1637 1901 1720 adimpleam,
1919 1638 1953 1700 in

678 1740 860 1801 Canticum.
1198 1738 1300 1819 gratia
1314 1746 1369 1800 tua
1382 1738 1613 1802 incessabiliter
1628 1756 1781 1816 crescam,
1797 1737 1831 1799 in
1846 1736 1956 1801 reior-

250 1862 382 1915 rmw.
437 1834 527 1900 Nunc
555 1835 689 1899 dimittis
717 1856 845 1899 servum
870 1844 971 1914 tuum,
997 1836 1141 1916 Domine,
1157 1842 1180 1905 B
1199 1836 1336 1900 mationa
1371 1836 1486 1900 animae
1520 1835 1700 1919 proficiam.
1730 1834 1754 1897 0
1786 1835 1892 1897 virtus
1923 1844 1957 1898 et

251 1928 285 1969 ⁸²·
397 1936 574 1998 secundum
596 1935 729 1998 verbum
750 1942 841 1996 tuum
863 1934 895 1995 in
918 1954 1006 2016 pace.
1200 1934 1359 2017 Sapientia
1373 1935 1428 1998 Dei
1443 1936 1553 2014 Patris,
1570 1934 1691 1998 Christe
1713 1934 1881 2014 altissime,
1902 1934 1956 1998 fac

436 2033 515 2107 Quia
529 2033 678 2096 viderunt
692 2033 776 2096 oculi
799 2032 863 2095 mei
883 2033 1019 2095 salutare
1040 2042 1140 2096 tuum.
1199 2053 1251 2096 me
1271 2033 1411 2096 inomni
1431 2034 1496 2096 vita
1515 2052 1586 2096 mea
1611 2033 1643 2095 in
1668 2042 1699 2096 te
1723 2052 1798 2096 vere
1822 2032 1959 2113 sapien·

435 2131 523 2206 Quod
539 2130 655 2211 parasti
671 2138 744 2193 ante
760 2130 875 2193 faciem
890 2131 1033 2193 omnium
1048 2149 1144 2212 popu·
1200 2140 1275 2211 tem,
1302 2149 1494 2208 morosum,
1521 2140 1553 2194 et
1576 2130 1692 2195 fortem
1721 2149 1756 2193 ac
1786 2130 1955 2209 stabilem,

396 2231 512 2293 lorum.
1199 2228 1322 2309 tibique
1337 2248 1464 2312 semper
1478 2229 1634 2293 sincerius
1649 2230 1878 2293 adherentem.
1893 2228 1957 2305 Qui

437 2327 557 2389 Lumen
590 2327 628 2388 ad
662 2326 890 2390 revelationem
924 2327 1079 2408 gentium,
1113 2336 1145 2389 et
1200 2326 1294 2389 vivis.

397 2424 533 2507 gloriam
553 2424 658 2506 plebia
680 2431 742 2487 tuae
762 2424 869 2487 lsrael.
1239 2437 1272 2488 r.
1288 2425 1432 2504 Domine,
1450 2426 1576 2507 exaudi,
1592 2434 1649 2487 etc.

439 2521 546 2585 Gloria
559 2522 652 2584 Patri.
1239 2543 1271 2598 a.
1288 2523 1577 2602 Etclamormeus,
1592 2533 1650 2586 etc.

259 2642 347 2698 apua.
362 2656 384 2693 n,
438 2623 517 2682 Ant.
534 2620 616 2682 Deus
631 2626 736 2682 autem
750 2619 804 2701 qui
819 2620 908 2683 dives
927 2627 975 2682 est
996 2620 1029 2682 in
1051 2620 1146 2683 mise·
1240 2633 1272 2684 t.
1289 2621 1518 2685 Benedicamus
1532 2621 1677 2686 Domino.

252 2708 305 2755 Μ·
399 2718 545 2799 ricerdis,
567 2726 695 2800 propter
715 2718 845 2781 nimiam
870 2718 1034 2781 caritatem
1054 2737 1145 2781 suam
1239 2739 1272 2793 p.
1289 2719 1353 2782 Deo
1368 2719 1495 2801 gratias.

400 2834 463 2897 qua
490 2815 600 2879 dilexit
626 2834 695 2896 uos,
725 2835 823 2897 quum
852 2835 995 2878 essemus
1028 2816 1145 2880 mortui
1240 2828 1272 2880 t.
1290 2816 1409 2880 Auimae
1424 2817 1567 2881 omnium
1580 2816 1737 2895 fidelium,
1753 2827 1813 2880 ete.
