4309 6259
469 474 528 539 460
748 496 788 541 ott
809 494 1010 541 sadducum
1032 492 1241 541 EUGEAElSl'lAE
1263 493 1420 541 SEEMONES
1442 494 1510 540 SEX.
1534 511 1574 523 -·
1595 492 1692 543 sanilo
1714 493 1736 539 ll

468 664 600 727 evidens
621 664 817 746 experientia
838 684 908 729 esse
929 664 1077 728 ostendit.
1094 664 1129 726 ln
1150 664 1256 727 θεῖ-Α
1272 671 1393 745 septem
1414 671 1621 740 sacramenta,
1639 670 1790 745 tanquam
1812 662 1995 725 medicinalia

469 761 564 825 nibus
592 780 718 844 quoque
749 763 933 826 hominibus
966 762 1088 825 finxisti
1121 771 1215 844 atque
1271 782 1356 839 vasa,
1375 761 1408 823 in
1422 762 1538 843 quibus
1557 770 1589 825 θῖ
1602 781 1659 844 per
1678 780 1747 843 quac
1766 760 1849 824 sicut
1867 779 1921 841 per
1939 780 1996 823 sen-

468 860 620 923 mentitus
644 880 678 923 es
702 862 851 923 eumdem
872 879 1005 923 numero
1028 880 1099 923 csse
1123 860 1215 922 intel·
1271 859 1377 921 sibilia
1402 860 1493 939 signa
1516 860 1653 941 gratiose
1673 879 1710 921 ac
1735 857 1996 941 supernaturaliter

469 958 587 1021 lectum
611 982 618 1019 :
642 959 727 1039 quod
753 959 854 1022 multo
879 958 1047 1021 absurdius
1076 966 1108 1021 et
1138 959 1215 1021 irra-
1271 968 1411 1021 nostram
1435 966 1583 1039 operatur
1608 958 1753 1021 salutem.
1769 957 1903 1021 Noverat
1924 976 1995 1019 nam-
2088 962 2089 1031 t

469 1056 652 1119 tionabilius
675 1065 724 1119 θεῖ
750 1076 846 1138 quam
874 1058 958 1139 quod
987 1064 1096 1119 sancta
1124 1057 1214 1139 plebs
1271 1076 1332 1137 que
1353 1056 1514 1139 Sapientia
1534 1057 1587 1119 illa
1602 1065 1730 1137 aeterna,
1746 1055 1868 1119 bomini
1889 1074 1925 1118 ex
1942 1056 1995 1117 ani-

469 1154 642 1218 cbristiana
657 1154 841 1236 confitetur,
858 1156 1002 1218 eamdem
1018 1173 1151 1217 numero
1167 1174 1215 1217 es·
1270 1174 1322 1217 ma
1346 1162 1378 1218 et
1400 1173 1532 1237 corpore
1556 1154 1738 1232 constituto,
1766 1172 1837 1217 esse
1864 1162 1994 1216 connata
2088 1172 2089 1217 t

468 1252 602 1314 sentiam
636 1272 706 1316 θεεθ
740 1253 774 1315 in
806 1253 909 1316 tribus
942 1252 1214 1335 superbenedictis
1270 1253 1334 1315 rale
1349 1272 1407 1335 per
1434 1252 1589 1316 naturalia
1617 1271 1654 1315 ac
1683 1252 1849 1316 sensibilia
1871 1252 1908 1314 ad
1931 1251 1993 1313 divi·

467 1350 616 1413 increatis
631 1349 787 1415 Personis.
804 1352 883 1415 Hinc
897 1352 982 1431 justo
1001 1351 1123 1432 judicio
1143 1351 1215 1413 reli·
1269 1370 1310 1413 na
1333 1359 1364 1414 et
1392 1350 1570 1433 spiritualia
1598 1351 1782 1429 manuduct,
1807 1350 1943 1433 adjuvari
1966 1369 1991 1411 ac
2088 1362 2089 1425 l

467 1448 538 1530 quit
555 1457 585 1511 ῖθ
604 1450 698 1529 Deus,
715 1458 747 1513 ct
767 1450 800 1511 in
820 1448 1147 1513 irrationabilissimos
1167 1468 1215 1511 er·
1269 1449 1360 1530 erigi.

469 1565 555 1609 rores
581 1546 645 1610 labi
674 1548 830 1629 permisit,
858 1547 902 1610 ita
930 1549 1014 1630 quod
1043 1547 1214 1609 affirmasti
1309 1547 1470 1627 Praeterea,
1501 1548 1535 1610 in
1564 1548 1625 1611 boc
1653 1548 1753 1610 fidem
1782 1555 1991 1629 nostrumnon
2088 1600 2089 1637 ,

468 1645 591 1707 animas
618 1646 784 1709 hominum
813 1646 913 1708 instar
947 1646 1111 1709 brutorum
1144 1665 1214 1709 esse
1269 1647 1472 1710 mediocriter
1508 1646 1645 1725 roborat,
1677 1647 1761 1728 quod
1798 1654 1909 1709 cuncta
1937 1664 1991 1726 qua

467 1744 627 1805 mortales.
652 1743 849 1826 impietatem
873 1763 999 1826 quoque
1023 1751 1150 1806 secutus
1179 1763 1213 1807 as
1269 1744 1428 1808 credimus
1446 1745 1512 1826 jam
1529 1752 1667 1826 peracta,
1684 1746 1718 1806 in
1738 1744 1831 1807 libris
1850 1744 1992 1825 Propheta-

416 1907 420 1914 ,
468 1841 594 1921 reprobi
615 1841 829 1924 invidiosique
848 1842 936 1919 Cain,
954 1843 1009 1923 qui
1031 1842 1065 1903 in
1085 1842 1214 1905 exordio
1231 1846 1253 1908 Β
1270 1861 1339 1905 rum
1361 1842 1532 1925 Synagogae
1553 1842 1689 1924 legimus
1704 1850 1769 1904 tam
1790 1842 1889 1904 diuet
1906 1841 1992 1923 copie

341 1957 377 2012 cr.
404 1961 420 2000 ι.
436 1956 452 2008 ι,
468 1938 655 2003 saeculorum
679 1940 761 2003 dixit
783 1942 822 2003 ad
847 1939 1071 2004 fidelissimum
1099 1940 1177 2003 Abel
1205 1964 1211 2001 :
1269 1964 1302 2006 se
1328 1944 1546 2026 praenuntiata.
1572 1942 1607 2004 ln
1631 1943 1746 2024 quibus
1769 1950 1802 2005 et
1824 1943 1904 2004 istud
1925 1942 1991 2023 quod

323 2034 345 2075 ¹²·
358 2020 425 2063 ¹²⁶⁸·
467 2034 535 2098 Non
560 2045 608 2100 est
631 2038 842 2119 providentia,
859 2056 963 2119 neque
985 2037 1153 2119 judicium.
1170 2039 1215 2100 lta
1268 2042 1307 2105 de
1323 2049 1519 2104 sacramento
1534 2042 1593 2105 boc
1608 2041 1779 2119 credimus,
1796 2040 1991 2124 prophetatum

467 2143 499 2197 et
514 2143 548 2196 tu
561 2136 683 2217 negasti
699 2136 930 2217 providentiam
940 2136 994 2198 Dei
1009 2135 1048 2198 ad
1065 2136 1215 2200 inferiora
1268 2140 1482 2221 agnoscimus,
1499 2139 1626 2202 dicente
1646 2139 1685 2201 de
1701 2138 1826 2202 Christo
1846 2138 1878 2200 in
1892 2138 1991 2200 Psalmo

466 2232 535 2295 haec
554 2242 585 2296 et
604 2235 644 2296 ad
664 2235 818 2298 humanos
837 2234 1017 2316 pertingere
1037 2242 1139 2313 actus,
1155 2254 1214 2297 uec
1271 2246 1380 2301 sancto
1409 2236 1572 2301 Psalmista
1593 2260 1600 2299 :
1621 2237 1689 2299 Erit
1717 2236 1943 2300 firmamentum
1965 2234 2078 2303 innixae.

467 2331 613 2395 homines
635 2333 771 2415 desuper
793 2334 981 2414 judicandos
1000 2333 1211 2396 concessisti:
1269 2343 1363 2414 terra,
1380 2336 1413 2397 in
1429 2335 1562 2398 summis
1583 2334 1750 2398 montium.
1768 2334 1826 2397 Ubi
1848 2334 1906 2397 alia
1916 2334 1991 2395 babet

468 2449 526 2512 per
557 2431 654 2511 quod,
671 2437 834 2512 'quantum
866 2432 900 2493 in
930 2441 960 2495 te
995 2431 1066 2511 fuit,
1099 2432 1213 2495 dedisti
1269 2432 1432 2495 translatio
1458 2452 1466 2490 ε
1492 2432 1559 2494 Erit
1586 2431 1805 2511 frumentum;
1830 2431 1890 2494 alia
1912 2454 1918 2491 :
1940 2429 1991 2492 Erit

467 2527 649 2591 bominibus
673 2548 783 2591 ausam
807 2530 960 2611 sequendi
986 2529 1214 2611 concupiscen-
1269 2530 1476 2594 memorabile
1490 2529 1829 2593 triticumlranslatio
1843 2547 1912 2592 vero
1924 2526 1992 2590 tuct-

468 2625 528 2689 tias
556 2627 676 2707 absque
704 2626 806 2690 freno.
836 2628 1008 2706 Postremo,
1039 2629 1151 2691 stando
1179 2628 1213 2689 in
1269 2628 1372 2706 daica,
1390 2627 1472 2709 apud
1492 2627 1638 2690 Hebraecs
1658 2645 1786 2707 quoque
1808 2624 1988 2689 authentica:

467 2724 537 2806 lege
552 2725 688 2788 naturali
703 2725 782 2789 etin
802 2726 1082 2807 Peripateticorum
1098 2727 1214 2789 doctri·
1268 2729 1335 2791 Erit
1358 2728 1489 2809 (inquit)
1513 2728 1659 2808 placenta
1684 2727 1783 2789 tritici
1810 2726 1843 2787 in
1867 2735 1938 2788 terra
1956 2723 1990 2801 (id

465 2842 518 2901 na,
535 2842 598 2887 non
623 2823 753 2905 potuisti
778 2823 899 2886 salvare
924 2843 962 2887 ea
982 2843 1052 2905 quae
1077 2824 1213 2886 ubertim
1268 2826 1363 2887 estin
1379 2824 1528 2886 militanti
1544 2823 1696 2903 Ecclesia,
1714 2842 1785 2903 qua
1799 2821 1990 2904 peregrinatur

465 2931 496 2983 et
512 2922 595 2983 clare
611 2929 720 3002 patent
742 2923 924 2985 adsensum
943 2944 950 2982 :
968 2929 1003 2984 ut
1024 2922 1107 3002 quod
1122 2922 1215 2983 inter·
1269 2924 1301 2985 in
1327 2925 1434 3002 terra),
1451 2922 1485 2983 in
1510 2921 1644 2983 summis
1669 2921 1837 2999 montium,
1854 2920 1883 2983 id
1906 2927 1945 2981 est
1964 2916 1989 2977 in

466 3020 542 3082 dum
558 3040 595 3082 ex
611 3038 674 3082 uno
689 3021 864 3101 eodemque
878 3038 933 3083 ore
952 3020 1100 3099 amentis,
1118 3020 1213 3082 simul
1233 3023 1255 3085 C
1269 3023 1428 3105 capitibus
1442 3023 1654 3085 sacerdotum.

466 3125 498 3179 et
523 3118 620 3180 semel
654 3118 780 3180 diversa
812 3118 963 3182 idiomata
997 3117 1212 3199 proferuntur,
1309 3120 1461 3202 Denique,
1478 3119 1561 3182 sicut
1584 3118 1722 3199 providit
1745 3137 1783 3181 ac
1808 3114 1989 3181 contulitho

466 3215 562 3277 etiam
585 3214 640 3277 illa
660 3233 731 3295 quae
748 3216 816 3297 ipse
838 3236 947 3279 amens
966 3225 1060 3278 antea
1082 3216 1217 3279 nescivit
1270 3219 1347 3281 mini
1369 3218 1561 3300 inpeccatis
1581 3225 1747 3299 concepto,
1763 3224 1795 3280 et
1815 3236 1884 3279 cum
1901 3213 1989 3277 fomite

467 3332 527 3375 nee
556 3313 677 3391 didicit,
704 3333 763 3376 nec
792 3324 935 3377 cessante
964 3314 1104 3377 amentia
1132 3315 1217 3377 valet
1270 3326 1356 3396 nato,
1372 3336 1409 3380 ae
1424 3317 1555 3398 perboc
1571 3316 1780 3398 spiritualiter
1794 3306 2074 3383 monceau-cae

467 3410 621 3493 proferre.
1271 3416 1313 3479 lio
1329 3416 1394 3493 irae,
1412 3422 1645 3477 sacramentum
1662 3413 1830 3496 baptismi,
1845 3431 1904 3495 quo
1916 3408 1989 3491 spiri-

508 3509 550 3571 Te
574 3528 649 3591 ergo
674 3528 747 3572 oum
769 3509 914 3590 perfidiis
937 3510 999 3571 tuis
1021 3517 1214 3591 contempto,
1270 3514 1398 3577 tualiter
1419 3520 1612 3591 renascatur,
1630 3520 1661 3573 θῖ
1681 3520 1908 3575 sacramentum
1928 3508 1989 3571 ter-

468 3626 526 3670 nos
541 3607 722 3686 Christiani,
739 3608 773 3669 in
794 3608 909 3687 quibus
931 3608 1007 3671 solis
1023 3616 1071 3669 θεῖ
1092 3608 1216 3688 sapien·
1270 3611 1474 3687 firmationis,
1511 3628 1574 3691 quo
1610 3608 1820 3691 spiritualiter
1851 3608 1989 3671 roboretur

321 3723 454 3776 aetram,
468 3706 512 3768 tia
532 3704 690 3787 salutaris,
714 3724 783 3787 quae
804 3706 843 3768 de
865 3706 945 3769 coelo
967 3706 1215 3787 produxitque
1271 3729 1307 3773 ac
1328 3709 1487 3790 spirituali
1507 3707 1629 3770 militiae
1650 3707 1864 3786 adscribatur,
1881 3706 1922 3768 sic
1935 3701 1988 3765 tali-

321 3788 342 3830 ⁴·
469 3804 657 3868 confirmata
685 3814 734 3866 est
763 3805 796 3866 in
825 3822 895 3884 nos,
926 3812 1123 3867 contestante
1151 3805 1214 3867 Deo
1270 3814 1410 3871 tornato
1430 3814 1461 3869 et
1483 3806 1628 3870 roborato
1649 3800 1986 3884 consecravitdonarit,

467 3904 564 3967 variis
585 3903 685 3985 signis
705 3910 737 3965 et
756 3903 910 3984 portentis
930 3910 1023 3984 atque
1043 3903 1213 3965 virtutibus
1271 3905 1401 3986 reliquit
1415 3911 1647 3966 sacramentum
1662 3921 1726 3984 quo
1742 3900 1938 3984 spiritualiter
1953 3916 1989 3957 re

467 4010 498 4065 θῖ
517 4001 652 4083 Spiritus
670 4001 776 4063 Sancti
799 4000 1087 4079 distributionibus,
1104 4000 1159 4080 qui
1182 4009 1213 4062 et
1271 4003 1398 4066 ficiatur
1426 4010 1457 4065 et
1486 4010 1618 4081 crescat,
1644 4020 1681 4064 ac
1709 4000 1939 4065 convenientem
1966 4001 1989 4055 et

467 4101 663 4182 synagogam
684 4098 812 4179 reliquit
826 4098 900 4179 quia
920 4100 953 4159 in
968 4099 1126 4161 Christum
1146 4116 1210 4161 non
1270 4102 1409 4165 debitam
1434 4100 1607 4182 spiritualis
1631 4099 1842 4163 consistentia
1860 4104 1988 4160 staturam

360 4222 364 4227 *
466 4198 612 4276 credidit,
629 4205 660 4259 et
674 4196 834 4258 mirabilia
848 4196 903 4257 ilfa
917 4215 987 4277 quaa
1005 4196 1082 4259 olim
1098 4198 1130 4258 in
1146 4197 1212 4277 ple·
1230 4205 1253 4265 D
1270 4220 1306 4263 ac
1327 4218 1507 4263 mensuram
1529 4198 1747 4281 adipiscatur:
1764 4207 1797 4261 et
1814 4199 1870 4260 hoc
1890 4202 1929 4259 est
1944 4192 1990 4254 llu-

467 4297 506 4359 be
519 4294 692 4357 israelitica
706 4293 793 4373 fecit,
806 4296 845 4356 ad
860 4294 1035 4356 Ecclesiam
1050 4296 1212 4357 transtulit
1268 4298 1426 4362 charistia
1446 4304 1690 4377 sacramentum,
1707 4298 1741 4358 in
1757 4315 1819 4378 quo
1832 4312 1894 4357 non
1908 4292 1988 4356 solum

466 4394 639 4471 Christi,iu
654 4412 716 4474 qua
730 4393 825 4455 etiam
841 4391 1049 4455 ineffabiliter
1063 4393 1154 4473 plura
1174 4413 1211 4457 ac
1266 4398 1363 4477 (sicut
1390 4396 1423 4458 in
1451 4396 1522 4459 aliis
1547 4394 1769 4475 sacramentis)
1795 4392 1926 4457 Christus
1946 4406 1988 4470 per

471 4493 593 4574 majora
612 4493 689 4556 fecit
705 4491 858 4554 miracula
874 4510 969 4571 quam
989 4491 1066 4554 olim
1087 4492 1120 4553 in
1135 4492 1211 4573 Syn·
1267 4495 1400 4577 gretiam
1420 4502 1451 4557 et
1472 4494 1622 4557 virtutem
1642 4494 1908 4576 multiplicemque
1927 4486 1987 4551 effe

466 4612 566 4674 agoga
587 4616 594 4653 :
612 4610 668 4655 nos
687 4592 843 4671 (inquam)
868 4590 1050 4668 Christiani,
1071 4590 1125 4671 qui
1153 4591 1210 4653 soli
1267 4603 1365 4672 ctum,
1382 4593 1437 4655 sed
1459 4592 1555 4655 etiam
1580 4612 1655 4655 rere
1674 4611 1732 4674 per
1753 4592 1913 4656 essentiam
1931 4584 1987 4647 sub

466 4692 621 4754 babemus
647 4710 721 4754 vera
743 4710 780 4753 ac
803 4688 1023 4771 propriissime
1045 4689 1131 4752 dicta
1154 4689 1212 4751 mi·
1268 4691 1456 4754 stantialiter
1484 4690 1673 4753 continetur.
1702 4690 1837 4769 Etenim,
1866 4696 1897 4752 ut
1920 4683 1987 4748 vido

468 4792 585 4869 racula,
609 4796 720 4869 utputa
741 4787 798 4851 soli
824 4787 1034 4869 omnipotenti
1056 4789 1120 4850 Deo
1142 4805 1213 4869 pos·
1267 4809 1349 4867 mus,
1371 4790 1404 4851 in
1427 4790 1514 4852 omni
1534 4788 1646 4853 ordine
1667 4808 1704 4851 ac
1723 4808 1839 4869 genere
1857 4800 1947 4849 rerum
1962 4779 1986 4840 in

468 4889 586 4967 sibilia,
609 4886 786 4950 certissime
815 4886 975 4948 credimus
1003 4886 1111 4949 omnia
1142 4905 1211 4947 esse
1267 4907 1331 4969 quo
1360 4896 1435 4950 sunt
1462 4887 1553 4967 plura
1582 4905 1639 4968 per
1672 4886 1936 4969 participationem
1958 4894 1986 4939 at

467 4986 723 5066 verissimaque
742 4986 781 5046 de
795 4984 857 5047 boc
876 4985 1090 5048 sacratissimo
1111 5004 1213 5047 sacra·
1268 4987 1466 5068 imperfecta,
1482 4992 1531 5048 θεῖ
1552 5004 1652 5048 unum
1672 4985 1813 5066 primum
1834 5003 1886 5065 per
1903 4994 1988 5043 essen·

466 5094 573 5149 mento
587 5084 633 5147 ait
646 5083 807 5165 Scriptura
821 5091 853 5145 et
867 5091 954 5145 tenet
964 5083 1115 5159 Ecclesia,
1125 5091 1214 5165 utpu·
1268 5086 1345 5147 tiam
1372 5092 1404 5147 et
1428 5083 1618 5166 perfectum.
1645 5084 1811 5165 Quumque
1837 5082 1918 5164 plura
1942 5072 1988 5153 (ῖί-

321 5209 452 5259 iconiae.
467 5195 499 5249 ta
513 5184 597 5266 quod
612 5183 753 5246 Christus
773 5181 929 5262 sapientia
942 5181 1051 5261 Patris,
1067 5183 1150 5244 Deus
1166 5181 1214 5241 in·
1268 5181 1384 5245 delicet
1411 5184 1545 5264 septem)
1567 5181 1631 5243 sint
1653 5181 1732 5263 legis
1754 5178 1933 5263 evangelice
1952 5190 1988 5232 sa·

469 5290 627 5369 carnatus,
639 5279 790 5344 Ecclesiae
804 5299 868 5344 suae
883 5279 1021 5343 instituit
1034 5300 1071 5343 ac
1087 5281 1213 5362 reliquit
1271 5286 1442 5361 eramenta,
1480 5279 1625 5343 ordinem
1660 5280 1742 5342 inter
1781 5298 1816 5342 se
1852 5268 1988 5359 dignitatis
