4309 6259
529 516 569 562 or
590 515 680 564 nours
701 516 835 564 srrnrrus
857 516 975 575 saum,
996 516 1172 565 marsius
1193 517 1237 563 ur.
1259 535 1300 546 —
1321 516 1392 563 aar.
1414 516 1523 563 nxvn
1749 496 1810 561 235

254 710 433 757 conversus
454 696 503 751 est
522 706 579 769 per
600 688 759 770 proprioru
779 688 945 766 unitatem,
961 686 1006 751 sio
1023 686 1048 749 A
1062 686 1246 751 cordialiter
1260 686 1376 767 largus,
1393 661 1578 749 mansuetus
1600 702 1637 747 ac
1652 683 1724 767 pius
1738 683 1812 748 affr-

256 809 387 872 sampor
414 788 454 851 ad
482 804 594 850 omues
621 794 782 848 creaturas
808 794 1007 849 extrovorsns
1061 785 1154 848 citur.
1178 785 1227 847 Fit
1247 803 1373 867 quoque
1397 784 1549 861 vivacior,
1573 784 1698 865 Daoque
1724 782 1811 846 simi-

258 898 313 951 est
339 908 397 970 per
425 886 574 969 pietatem
602 903 641 946 ac
669 884 813 965 gratiam.
842 884 1007 966 Quumque
1059 882 1133 961 lior,
1156 892 1189 947 et
1214 884 1245 945 in
1268 902 1306 947 co
1321 883 1508 964 quietiorem
1534 901 1568 945 sa
1594 881 1690 943 scutit
1714 900 1809 961 quam

255 988 409 1071 pietatem
429 985 522 1047 istam
544 982 718 1063 accipimus
738 983 821 1045 intra
842 1002 901 1047 nos
922 1002 1008 1045 aaru-
1061 991 1155 1045 antea
1182 980 1286 1045 fuerat
1317 1006 1324 1043 :
1353 981 1532 1044 similitudo
1559 998 1635 1043 vero
1662 988 1693 1043 et
1722 980 1811 1061 quies

257 1105 325 1168 que
339 1083 504 1161 sentimus,
516 1081 546 1144 ei
560 1100 618 1144 nos
632 1081 762 1144 obedire
776 1090 911 1162 oportet.
925 1081 1007 1143 Deus
1063 1088 1150 1145 tanto
1168 1081 1197 1143 ei
1221 1080 1348 1144 suavius
1370 1080 1506 1162 sapiunt,
1522 1086 1641 1161 quanto
1663 1078 1732 1161 ipse
1748 1077 1811 1142 Deo

255 1184 418 1266 siquidem
444 1180 537 1244 nobis
565 1179 707 1243 infundit
734 1180 853 1243 donum
882 1179 1007 1242 consilii
1063 1178 1199 1242 similior
1214 1180 1316 1242 factus
1332 1188 1390 1242 ast.

257 1289 389 1364 propter
403 1276 678 1353 introversionem,
686 1277 804 1339 donum
819 1295 895 1340 sem
910 1276 1007 1358 pieta-

255 1379 300 1441 tis
316 1386 441 1462 propter
460 1374 736 1439 extrovarsionam
753 1374 900 1437 Habitare
919 1374 1006 1436 anim
1213 1388 1458 1453 ARTchLUS
1481 1385 1656 1452 xxxvn,

255 1479 414 1541 debemus
443 1476 527 1537 intra
554 1473 718 1536 caritatem
743 1472 886 1535 divinam
912 1481 1007 1554 annua

254 1574 431 1637 fraternam
449 1596 456 1633 :
474 1572 584 1653 sicque
599 1571 772 1653 putarimus
787 1589 845 1633 nos
860 1586 1005 1632 amorosa

254 1674 345 1736 intus
358 1692 396 1735 ac
416 1671 503 1735 foras
521 1678 706 1733 convertere
723 1669 811 1751 juxta
831 1668 1008 1732 inclinatio

258 1791 337 1833 nem
351 1769 477 1833 amoris.
1124 1766 1219 1831 UCET
1234 1768 1330 1847 (reor)
1346 1786 1383 1828 ar
1397 1765 1503 1841 dictis,
1520 1764 1606 1846 quia,
1624 1772 1658 1827 ut
1672 1763 1808 1826 Thomas
1823 1786 1863 1825 aa.
1874 1794 1948 1824 una

299 1869 450 1950 Denique,
467 1867 659 1949 pardonum
674 1866 799 1947 piatatis
813 1865 1047 1928 morosam-B
1138 1865 1264 1945 fatetur,
1291 1866 1410 1927 donum
1446 1864 1571 1945 piatatis
1606 1862 1725 1925 directa
1758 1860 1808 1923 vel
1822 1844 1963 1961 ,fffqffi

252 1987 322 2050 qua
345 1967 523 2029 versionem
553 1965 591 2026 ad
615 1972 712 2040 extra,
735 1964 835 2027 oritur
857 1964 891 2024 in
914 1964 1006 2026 nobis
1062 1964 1221 2045 praecipua
1236 1962 1320 2025 circa
1334 1962 1433 2025 Deum
1448 1970 1601 2038 versatur,
1614 1960 1735 2023 faciens
1750 1977 1808 2022 nos
1822 1982 1842 2011 r·
1857 1971 1864 2011 ¹
1877 1938 1960 2011 '⁸⁶³‘-

251 2066 361 2129 virtus
383 2062 545 2146 praeclara,
568 2081 638 2142 quaa
662 2062 879 2125 misericordia
899 2062 1007 2143 appel·
1063 2062 1195 2125 filialem
1212 2062 1328 2124 habero
1349 2060 1502 2123 affectum
1524 2060 1563 2122 ad
1578 2059 1682 2140 ipsum
1696 2082 1704 2136 3
1720 2058 1810 2121 deiu-

252 2164 353 2241 latur,
368 2180 427 2224 nos
442 2162 528 2223 intus
543 2158 748 2238 mollificans,
761 2166 856 2240 atqua
872 2158 1006 2223 inomni
1063 2163 1102 2224 de
1124 2180 1162 2223 ex
1183 2160 1390 2239 consequenti
1412 2158 1450 2221 ad
1472 2156 1631 2241 proximos
1647 2164 1805 2238 oporatur,

255 2260 448 2324 necessitate
483 2257 712 2340 compatientes
746 2257 903 2319 efficiens.
933 2257 1005 2320 llaec
1062 2259 1136 2341 quia
1158 2258 1211 2339 qui
1234 2266 1342 2320 sancte
1364 2256 1395 2318 iu
1418 2256 1482 2319 Deo
1503 2255 1654 2335 officitur,
1677 2273 1749 2317 mox
1770 2254 1809 2316 ad

253 2360 362 2423 virtus
390 2367 439 2421 est
465 2356 570 2420 oleum
599 2356 708 2418 omnia
735 2356 867 2418 vulnera
896 2355 1006 2419 valeus
1062 2357 1276 2420 auxiliandum
1292 2375 1328 2418 ac
1341 2354 1603 2417 benefaciendum
1618 2353 1743 2417 cunctis
1758 2352 1812 2415 ho·

253 2476 372 2520 sanare
399 2480 406 2517 :
431 2454 550 2517 idcirco
573 2453 727 2516 dabamus
747 2473 817 2516 eam
841 2453 874 2515 in
898 2461 1006 2516 nostro
1063 2455 1202 2517 minibus
1218 2454 1447 2516 inflammatur.

254 2555 362 2617 libero
374 2553 517 2636 appetitu
535 2570 662 2635 semper
683 2560 819 2633 portare.
836 2551 1008 2613 &bemus-
1104 2554 1164 2616 Sed
1186 2553 1232 2615 uti
1251 2572 1289 2614 ax
1309 2552 1502 2633 praeinduoto
1522 2558 1645 2613 constat
1665 2548 1810 2629 articula,

254 2672 325 2735 qua
348 2659 477 2735 propter
499 2650 555 2713 Dei
578 2650 733 2713 honoram
758 2650 846 2713 omni
870 2649 1008 2712 necessi·
1063 2651 1178 2715 Doctor
1198 2652 1326 2713 divinus
1348 2650 1500 2728 affirmat,
1523 2650 1607 2729 quod
1631 2648 1731 2729 piatas
1752 2647 1812 2711 isto

253 2751 363 2813 tudini
387 2749 579 2824 condolara;
601 2756 677 2809 tuuc
701 2749 830 2810 demum
854 2748 1008 2810 dabamus
1063 2750 1156 2812 nobis
1171 2750 1290 2811 directa
1312 2748 1491 2811 infunditur
1511 2756 1639 2829 propter
1654 2756 1812 2810 extraver-

254 2851 295 2913 iu
316 2857 424 2911 nostra
444 2846 633 2908 necessitate
654 2844 841 2907 affluentem
857 2846 910 2908 llai
932 2846 1010 2907 libe-
1064 2847 1185 2911 sionem
1215 2847 1280 2909 siva
1309 2846 1440 2924 exitum,
1467 2853 1574 2927 utpote
1603 2844 1724 2907 faciens
1753 2863 1812 2908 nos

254 2946 419 3011 talitatem
434 2962 578 3007 amorosa
600 2943 797 3025 conspicare,
812 2952 908 3023 atque
923 2943 955 3004 in
972 2962 1009 3005 ea
1063 2944 1247 3007 hominibus
1271 2944 1483 3021 auxiliativos,
1510 2942 1736 3023 compassivos‚
1758 2942 1813 3005 be-

256 3064 322 3107 nos
335 3042 510 3106 affectuosa
532 3042 793 3104 communicare:
811 3050 843 3103 ct
864 3060 921 3123 per
941 3040 1008 3103 hacc
1028 3044 1197 3110 Cneficos.
1225 3043 1493 3117 Quemadmodum
1519 3042 1604 3103 auim
1630 3042 1715 3105 dono
1738 3058 1813 3103 con-

255 3161 389 3223 sempar
412 3158 591 3204 crescemus
615 3139 647 3201 in
676 3140 814 3202 novitate
843 3140 1008 3217 virtutum,
1064 3142 1125 3205 silii
1151 3160 1316 3205 movemur
1341 3150 1434 3221 atqua
1458 3141 1627 3221 dirigimur
1647 3141 1686 3202 ad
1711 3138 1814 3221 perfe-

256 3243 403 3321 itemque
416 3238 668 3301 donorumllum
683 3238 768 3300 enirn
784 3237 1010 3319 benignitatem
1065 3241 1187 3303 ctiones
1225 3240 1375 3317 internas,
1406 3257 1476 3319 qum
1512 3238 1545 3300 in
1577 3236 1814 3320 oparationibus

255 3339 318 3402 nai
340 3340 373 3399 iu
397 3336 489 3400 nobis
510 3336 675 3413 sentimus,
697 3336 826 3417 largitas
847 3336 941 3399 nobis
963 3338 1011 3399 iu·
1066 3339 1150 3401 circa
1170 3357 1229 3402 nos
1254 3338 1339 3419 ipsos
1365 3336 1554 3416 consistunt,
1578 3335 1623 3399 sic
1643 3336 1727 3397 dono
1748 3334 1815 3417 pie-

254 3436 403 3500 nascitur
419 3458 427 3495 :
443 3435 485 3497 ob
505 3434 598 3515 cujus
620 3434 818 3515 praesentiam
842 3454 900 3497 nos
923 3434 1010 3517 ipsos
1066 3437 1139 3499 tatis
1158 3456 1176 3498 a
1193 3436 1311 3518 Spiritu
1334 3436 1474 3497 increato
1496 3433 1664 3515 dirigimur
1684 3435 1723 3496 ad
1744 3452 1815 3514 per·

255 3535 424 3599 continere
438 3532 605 3613 nequimus
617 3532 694 3613 quin
709 3551 836 3613 semper
849 3552 906 3614 per
921 3534 1011 3597 unio·
1066 3535 1220 3597 factiones
1242 3553 1312 3614 quaa
1334 3552 1391 3613 per
1411 3532 1613 3614 operationes
1635 3532 1720 3593 circa
1735 3531 1813 3593 alios

254 3652 338 3696 nem
359 3631 497 3693 fluamus
518 3632 557 3693 ad
580 3631 672 3706 iutra,
696 3649 733 3693 ac
755 3650 814 3712 per
834 3632 1012 3695 misericor·
1066 3633 1252 3695 exsistentes
1267 3630 1497 3711 adipiscuntur,
1511 3629 1621 3711 quales
1636 3637 1710 3691 suut
1724 3636 1813 3691 actus

255 3732 349 3795 diam
376 3729 549 3792 effluamus
577 3730 616 3791 ad
644 3736 741 3791 antra.
771 3728 873 3810 Hujus
905 3738 1011 3792 autem
1067 3730 1302 3810 misericordia,
1331 3738 1394 3792 tam
1420 3727 1601 3810 spirituales
1625 3745 1720 3809 quarn
1745 3746 1814 3791 cor-

258 3828 445 3909 exemplum
473 3825 679 3909 singulariter
707 3826 792 3889 lucet
816 3828 850 3889 iu
874 3828 1008 3891 Christo.
1067 3830 1192 3911 porales
1209 3852 1216 3889 ι
1235 3828 1343 3909 sicque
1365 3828 1545 3890 infunditur
1565 3827 1667 3909 piatas
1688 3826 1758 3906 ista,
1779 3834 1815 3888 ut

255 3929 334 4010 lpse
352 3927 438 3989 enim
456 3925 545 3987 dedit
565 3924 771 4005 semetipsum
791 3926 884 4007 plana
905 3946 942 3989 ac
965 3927 1013 3989 irr-
1066 3947 1124 4010 par
1152 3946 1222 3990 eam
1252 3928 1333 3989 bauo
1359 3926 1532 3989 habeamus
1561 3943 1618 3987 nos
1647 3924 1731 3989 circa
1760 3926 1815 3988 ho-

256 4037 351 4107 tegre
379 4024 443 4087 Deo
471 4024 552 4085 Patri
580 4022 613 4084 in
642 4023 767 4085 interna
801 4043 838 4087 ac
873 4025 1011 4108 simplici
1067 4027 1169 4088 mines
1185 4026 1362 4088 universos

256 4125 391 4200 unione,
404 4130 434 4185 et
449 4142 507 4204 per
522 4140 592 4184 eam
607 4122 646 4183 ad
662 4122 744 4184 intra
759 4124 925 4203 processit,
938 4143 1013 4187 acu·
1107 4126 1146 4187 Et
1169 4124 1252 4187 istud
1276 4124 1407 4188 omnino
1432 4123 1662 4188 rationabiliter
1689 4126 1813 4207 opinor,

257 4232 293 4287 ta
307 4221 445 4302 Spiritus
462 4220 569 4283 Sancti
592 4220 725 4283 consilio
747 4240 883 4302 sequeus
906 4222 939 4284 in
962 4243 1012 4286 ca·
1026 4226 1051 4288 D
1066 4225 1142 4287 dum
1158 4224 1421 4306 quamadmodum
1438 4224 1602 4305 sapientiae
1616 4225 1733 4288 donum
1749 4246 1816 4308 per·

258 4322 366 4384 ritate.
382 4319 474 4382 Dedit
487 4337 614 4400 quoque
628 4338 663 4381 se
684 4319 789 4401 ipsum
810 4321 902 4383 nobis
917 4322 1011 4403 plena
1067 4322 1138 4385 ficit
1158 4322 1322 4385 caritatem
1347 4330 1440 4403 prout
1461 4341 1518 4404 par
1538 4342 1607 4385 eam
1628 4325 1668 4386 ad
1690 4323 1744 4387 Dei
1767 4325 1814 4387 di-

256 4440 298 4483 ac
323 4419 455 4499 integre,
472 4418 580 4479 vivum
603 4436 640 4480 ac
663 4426 834 4497 mortuum,
851 4428 883 4481 et
904 4420 938 4481 iu
959 4421 1012 4482 Sa·
1066 4422 1235 4484 lectionem
1255 4422 1471 4498 accendimur,
1488 4421 1534 4483 sic
1554 4422 1679 4503 pietatis
1694 4424 1811 4486 donum

257 4524 426 4579 eramento
450 4522 635 4577 contentum
662 4538 669 4576 ε
697 4514 808 4594 sicque
834 4515 1010 4597 largissima
1066 4519 1209 4583 eamdem
1226 4519 1525 4601 perficitcaritatam
1540 4519 1573 4581 iu
1588 4529 1740 4601 quantum
1757 4541 1813 4603 per

256 4614 327 4678 enit
342 4632 399 4675 sua
411 4612 512 4693 gratia
525 4630 562 4674 ac
577 4612 706 4693 pictate,
717 4613 829 4675 volans
843 4614 1010 4677 nobiscum
1066 4638 1136 4681 eam
1151 4617 1190 4679 ad
1206 4617 1381 4680 fraternum
1401 4617 1575 4679 excitamur
1589 4636 1739 4683 amorem.
1757 4621 1814 4683 Ea-

255 4712 382 4795 jugiter
414 4729 628 4792 perseverare,
659 4710 831 4773 dummodo
859 4730 917 4774 uos
950 4712 1010 4794 ipsi
1065 4715 1138 4777 dem
1167 4715 1284 4796 quippe
1312 4722 1361 4777 ast
1390 4714 1504 4776 caritas
1531 4733 1594 4796 quo
1622 4715 1720 4779 Deum
1743 4737 1814 4800 pro-

258 4812 348 4873 inter
370 4808 487 4871 exitum
511 4817 606 4889 atque
629 4808 806 4887 introitum,
833 4829 890 4872 seu
916 4810 1012 4873 iutro
1065 4812 1250 4893 rrirnumque
1278 4812 1462 4893 diligimus;
1490 4813 1641 4875 sedeam
1669 4815 1813 4896 pluribus

258 4907 446 4971 versionem
469 4924 506 4969 ac
528 4906 809 4986 artrovarsionam,
831 4926 905 4970 curn
927 4928 1012 4971 arno
1065 4909 1179 4991 perfici
1206 4909 1298 4972 donis
1327 4908 1498 4971 absurdum
1531 4929 1595 4973 non
1624 4919 1735 4990 exstat,
1766 4934 1814 4976 sc-

259 5025 338 5070 rosa
350 5005 467 5068 virtute
480 5004 596 5068 morari
611 5004 759 5067 velimus.
1065 5008 1205 5069 cundum
1221 5008 1305 5089 quod
1321 5006 1406 5069 cirea
1420 5007 1545 5070 diversa
1560 5018 1704 5072 versatur
1720 5034 1727 5072 ε
1744 5030 1813 5092 quae

303 5104 410 5182 Porro,
434 5104 510 5165 dum
539 5103 635 5166 homo
664 5103 697 5165 in
721 5104 806 5166 douo
830 5104 952 5167 timoris
976 5124 1010 5168 se
1066 5114 1170 5167 tamma
1194 5106 1301 5167 omnia
1321 5124 1384 5167 una
1406 5104 1538 5185 ratione,
1560 5105 1592 5168 id
1616 5114 1665 5170 ast
1685 5117 1813 5190 proptor

259 5205 345 5267 bene
358 5208 496 5277 exercet,
513 5200 645 5281 largitur
665 5200 695 5263 ei
710 5201 792 5265 Deus
810 5201 929 5264 donum
944 5203 1011 5284 pia·
1065 5204 1175 5280 Deum,
1197 5212 1352 5265 amantur.
1373 5238 1414 5249 -
1431 5203 1572 5285 Denique
1596 5223 1707 5268 omnes
1731 5224 1812 5288 pana

258 5301 347 5379 tatis,
370 5318 442 5381 qua
469 5305 518 5361 est
546 5298 675 5380 largitas
700 5300 769 5381 ipsa
792 5323 799 5361 ε
821 5309 897 5365 tuuc
922 5302 1008 5364 euim
1065 5309 1230 5380 testantur,
1247 5301 1330 5383 quod
1352 5301 1452 5383 pietas
1474 5302 1534 5364 ista
1556 5302 1653 5366 vitam
1674 5304 1812 5370 activam

1145 1521 1232 1589 Quid
1255 1521 1295 1578 cle
1317 1521 1400 1579 dono
1420 1518 1557 1595 pietatis
1579 1517 1731 1592 finaliter

1284 1608 1407 1667 sentr're
1429 1614 1584 1682 oporteat.
