4309 6259
446 477 505 543 236
724 500 763 545 D!
784 499 873 547 DDNlS
894 499 1028 545 selanus
1050 498 1169 559 sancti,
1191 498 1365 545 lateratus
1388 500 1430 547 lll.
1454 518 1494 529 -
1514 502 1585 547 ultr.
1608 500 1726 547 xxxvlll

446 668 572 750 proprie
600 669 741 751 respicit,
771 678 863 734 ornat
895 688 932 732 ac
960 668 1099 751 perlicit.
1128 669 1193 732 Hoc
1208 670 1234 731 Α
1250 669 1452 733 beatissimus
1481 669 1659 753 Dionysius,
1687 669 1836 751 princeps
1870 684 1991 750 quoque
2014 684 2091 731 uun

446 773 553 828 autem
575 786 639 830 non
655 776 748 845 esset,
766 768 792 830 si
816 768 935 830 directe
958 766 1193 849 praesertimque
1249 767 1508 849 philosophorum
1538 767 1734 847 Aristoteles,
1767 773 1987 831 contestantur.
2001 761 2093 793 ¹⁰²²*

446 863 647 926 ordinaretur
661 865 699 926 ad
715 864 857 928 filialiter
870 864 959 927 allici
980 864 1066 928 circa
1079 864 1190 944 Deum,
1248 864 1349 939 Quum
1374 885 1449 947 ergo
1473 874 1561 929 actus
1584 866 1660 929 doni
1686 865 1811 948 piatatis
1833 864 1992 929 ordinetur

446 962 634 1025 secundario
659 971 764 1027 autem
789 971 998 1045 occuparetur
1017 963 1102 1025 circa
1123 982 1193 1044 pro
1249 966 1288 1027 ad
1309 964 1368 1027 hoc
1389 966 1472 1046 quod
1493 964 1716 1027 intellectualis
1737 972 1884 1026 creatura
1905 963 1988 1041 benc,

447 1060 568 1122 ximum
581 1084 588 1122 :
601 1060 691 1124 affici
706 1062 792 1125 enim
807 1062 840 1126 in
855 1061 1037 1139 Deo,vitam
1052 1069 1194 1124 contem·
1249 1063 1423 1125 clementer
1444 1071 1474 1125 et
1498 1062 1671 1126 liberaliter
1690 1062 1775 1125 circa
1794 1080 1859 1123 sua
1879 1070 1990 1123 natura

448 1158 600 1240 plativam
621 1160 804 1236 concamit;
821 1160 929 1243 egredi
944 1178 1019 1222 vero
1034 1161 1073 1222 ad
1090 1161 1193 1242 proxi·
1249 1169 1411 1225 consortes
1427 1180 1460 1223 se
1475 1161 1703 1241 haheat,facile
1719 1159 1990 1235 communicando,

448 1258 572 1337 mos,ad
588 1258 685 1321 vitam
698 1267 818 1340 spectat
830 1258 1191 1337 activam-Praeterea,
1250 1259 1486 1341 promptissime
1503 1258 1708 1339 indulgendo,
1725 1257 1872 1321 celeriter
1891 1256 1992 1319 auxili-

315 1368 378 1408 treet
407 1356 568 1419 ¹¹·dictum
597 1364 655 1434 est,
685 1357 770 1437 quod
805 1356 888 1419 sicut
919 1358 1037 1420 donum
1066 1355 1193 1418 consilii
1249 1358 1343 1435 ando,
1362 1356 1587 1438 benignissime
1613 1356 1831 1434 condolend03
1848 1354 1992 1418 elucescit

300 1431 342 1472 ‘¹⁸‘
361 1440 434 1473 ¹¹¹¹¹¹⁶
447 1456 567 1518 donum
582 1454 778 1518 fortitudinis
802 1454 922 1537 dirigit,
939 1455 984 1517 sic
999 1456 1119 1517 donum
1134 1453 1194 1515 sci·
1250 1456 1334 1535 quod
1360 1456 1458 1537 pietas
1487 1456 1526 1517 ad
1553 1455 1706 1518 rationem
1731 1453 1806 1517 boni
1833 1452 1991 1535 potissime

446 1552 541 1615 entire
564 1553 683 1615 donum
705 1552 814 1634 dirigit
833 1552 970 1635 pietatis.
992 1552 1095 1626 Quum
1118 1569 1193 1632 ergo
1250 1559 1371 1634 spectat
1401 1576 1407 1613 :
1441 1552 1524 1615 unde
1553 1560 1584 1614 et
1612 1552 1655 1633 pii
1685 1551 1891 1633 singulariter
1925 1550 1991 1611 boni

446 1650 587 1713 scientiae
610 1652 729 1714 donum
752 1670 817 1715 non
841 1650 903 1713 nisi
928 1650 1013 1712 circa
1035 1657 1193 1711 creaturas
1249 1651 1407 1713 dicuntur.
1434 1651 1528 1713 Porro
1554 1650 1636 1713 Deus
1666 1648 1825 1727 sublimis,
1851 1656 1901 1711 est
1926 1648 1992 1709 sub

411 1781 415 1789 ·
445 1749 564 1812 directe
584 1757 737 1829 versetur,
753 1757 883 1832 apparet
904 1750 988 1829 quod
1010 1748 1110 1829 pietas
1126 1747 1193 1810 haec
1250 1749 1436 1812 stantialiter
1463 1758 1557 1830 atque
1585 1748 1735 1828 totaliter,
1767 1745 1993 1809 omniformiter

445 1846 576 1927 directe,
600 1846 782 1909 immediate
804 1866 840 1909 ac
864 1846 990 1929 proprie
1012 1845 1098 1908 circa
1122 1864 1194 1927 pro·
1212 1850 1343 1927 Batque
1358 1847 1594 1929 quomodolibet
1609 1847 1722 1924 bonus,
1741 1846 1812 1927 pius
1827 1864 1865 1908 ac
1882 1843 1989 1907 dulcis.

445 1945 545 2007 nimos
570 1952 719 2027 operetur
739 1968 747 2007 ε
768 1945 843 2021 imo,
865 1945 892 2007 si
918 1944 1040 2027 primus
1064 1962 1101 2006 ac
1123 1962 1195 2025 pro·
1249 1942 1347 2007 Nemo
1372 1944 1528 2025 siquidem
1554 1945 1655 2007 bonus
1685 1944 1744 2005 uisi
1769 1944 1864 2021 Daue,
1890 1962 2043 2023 quem-m.
2059 1982 2090 2008 n.

445 2043 534 2125 prius
562 2043 632 2123 ejus
660 2052 749 2105 actus
774 2042 816 2104 sit
839 2042 981 2105 filialiter
1004 2041 1094 2104 affici
1118 2041 1193 2120 Deo,
1249 2044 1418 2105 admodum
1442 2043 1497 2105 Dei
1520 2051 1713 2105 contestatus
1735 2049 1783 2104 est
1805 2040 1915 2103 Filius.
1937 2040 1991 2103 Sed
2005 2034 2030 2073 ¹⁹·

446 2146 522 2201 tunc
546 2139 653 2221 potius
682 2138 838 2221 sapientia
863 2157 959 2220 quam
984 2137 1119 2201 scientia
1147 2138 1194 2199 di·
1250 2149 1281 2203 et
1306 2141 1370 2204 Deo
1395 2141 1557 2223 pmprium
1578 2148 1627 2204 est
1651 2140 1795 2203 misereri
1820 2158 1946 2220 semper
1966 2147 1993 2199 et

446 2235 520 2318 rigit
546 2256 628 2316 eam,
655 2236 803 2317 quoniam
832 2236 988 2318 sapientia
1012 2235 1193 2299 divinorum
1250 2257 1391 2320 parcere.
1413 2237 1578 2301 Psalmista
1601 2256 1726 2319 quoque
1749 2238 1789 2299 ad
1813 2238 1915 2300 Deum
1935 2236 1993 2299 elo

447 2334 547 2397 fertur
575 2334 724 2416 cognitio.
753 2370 793 2381 —
819 2334 942 2412 Adhuc,
972 2333 1078 2396 Sancti
1107 2351 1193 2395 com·
1248 2337 1322 2418 quia
1344 2356 1401 2399 sua
1420 2356 1541 2419 ponens
1560 2360 1566 2399 :
1583 2337 1721 2399 Laudato
1736 2335 1865 2417 (inquit)
1882 2350 2097 2399 nomenrnan¹

446 2432 587 2495 munitor
612 2432 734 2512 dicunt,
759 2434 844 2513 quod
872 2431 1029 2513 sapientia
1057 2439 1105 2494 cst
1128 2449 1194 2493 om·
1248 2435 1329 2516 ejus,
1359 2434 1511 2515 quoniam
1540 2434 1648 2497 suavis
1676 2442 1725 2497 est
1751 2433 1928 2511 Dominus;
1952 2416 2021 2511 ct,⁵·

444 2531 534 2594 nium
557 2532 713 2594 donorum
738 2531 972 2612 dignissimum,
999 2529 1094 2591 timor
1118 2548 1192 2591 vero
1248 2533 1400 2607 Quoniam
1417 2543 1461 2611 tu,
1478 2533 1620 2611 Domine,
1638 2532 1743 2595 suavis
1759 2540 1791 2594 et
1806 2531 1915 2607 mitis,
1932 2550 1993 2592 rur·
2005 2547 2101 2590 ranno

446 2630 655 2693 novissimum
670 2652 678 2707 3
694 2637 726 2691 et
746 2630 864 2710 quoda
886 2629 999 2691 timore
1014 2629 1053 2690 ad
1068 2627 1194 2709 sapien·
1248 2650 1365 2711 susque
1394 2654 1400 2693 :
1429 2630 1556 2694 Gustata
1586 2631 1654 2709 (ait)
1683 2638 1714 2691 et
1745 2630 1849 2693 videte
1886 2627 2094 2709 quoni-runt.-

446 2728 521 2792 tiam
537 2727 721 2809 pervenitur
735 2747 792 2810 per
806 2727 993 2789 intermedia
1008 2726 1193 2806 donazquae
1247 2748 1298 2791 am
1321 2730 1426 2791 suavis
1450 2737 1497 2792 est
1518 2728 1679 2792 Dominus.
1703 2727 1803 2802 Quum
1825 2727 1934 2808 itaque
1955 2725 1995 2786 ita
2120 2726 2121 2731 ’

445 2835 532 2889 tanto
547 2826 791 2908 suntdigniora,
807 2833 924 2908 quanto
945 2824 1108 2906 sapientire
1123 2842 1194 2906 pro·
1249 2829 1301 2905 sit,
1324 2827 1492 2890 innotescit
1517 2827 1593 2907 quia
1620 2845 1683 2907 quo
1708 2828 1739 2888 iu
1764 2826 1848 2889 dono
1876 2824 1996 2907 pietatis

445 2924 624 3007 pinquiora.
651 2924 753 2985 Pietas
777 2942 852 2986 vero
877 2923 1024 2985 timorem
1050 2922 1193 3003 proxime
1248 2925 1408 3007 copiosius
1442 2925 1640 2987 abundamus
1671 2932 1764 3006 atque
1796 2924 1995 3005 proficimus,

445 3022 588 3102 sequitur
602 3022 803 3085 ascendendo
817 3021 857 3083 ab
872 3020 1032 3097 inferiori;
1045 3021 1100 3082 sed
1116 3017 1230 3100 prae-C
1252 3042 1290 3087 eo
1309 3022 1529 3086 vehementius
1551 3022 1732 3101 deiformes,
1750 3040 1864 3084 suaves
1886 3040 1923 3084 ac
1943 3019 1997 3082 mi-

445 3120 531 3183 cedit
544 3120 634 3181 illum
649 3120 870 3182 descendendo
885 3137 903 3180 a
918 3119 1001 3180 dono
1017 3118 1190 3199 sapientia.
1249 3132 1295 3185 tes
1319 3120 1481 3184 efficimur
1502 3144 1508 3182 :
1532 3120 1596 3184 imo
1619 3129 1651 3183 et
1677 3119 1763 3199 [Deo]
1790 3118 1995 3183 amantissimi

446 3217 564 3280 Ceteris
592 3236 667 3299 ergo
691 3217 783 3279 donis
810 3216 935 3278 videtur
958 3215 1102 3279 inferior.
1128 3216 1192 3279 Hoc
1250 3219 1295 3281 sic
1320 3218 1491 3298 reddimur,
1515 3236 1613 3298 quum
1641 3218 1814 3281 similitudo
1843 3216 1886 3279 sit
1906 3234 1997 3279 causa

446 3324 552 3379 autem
580 3334 644 3379 non
668 3322 761 3392 esset,
787 3314 814 3376 si
838 3314 985 3396 proprius
1010 3314 1079 3395 ejus
1104 3322 1193 3377 actus
1248 3316 1378 3379 amoris.

446 3414 490 3477 sit
509 3413 622 3477 iuDeo
641 3412 784 3476 filialiter
802 3411 903 3475 affici.
925 3413 990 3475 lloc
1009 3412 1094 3475 enim
1114 3412 1193 3474 divi·
1288 3415 1441 3495 Denique,
1471 3423 1590 3494 quanta
1623 3414 1663 3476 sit
1697 3414 1798 3495 pietas
1831 3413 1888 3476 Dei
1925 3413 1996 3476 hinc

445 3512 613 3574 nissimum
633 3510 966 3593 perfectissimumque
980 3511 1144 3587 asseritur,
1162 3518 1194 3572 et
1253 3514 1362 3595 liquet,
1384 3513 1467 3593 quod
1489 3513 1595 3575 omnia
1615 3520 1744 3593 propter
1763 3512 1925 3593 propriam
1947 3512 1997 3573 bo

446 3611 546 3674 multo
559 3610 742 3691 praeclarius
754 3628 848 3689 quam
861 3609 926 3671 sint
939 3618 1028 3671 actus
1041 3608 1191 3671 scientia.
1249 3612 1378 3673 nitatem
1404 3610 1582 3690 plasmavit,
1609 3618 1787 3687 conservat,
1810 3610 1975 3691 dispensat
1987 3632 1994 3683 3

484 3709 564 3783 Quid
587 3728 663 3791 ergo
687 3708 725 3770 ad
751 3707 903 3769 Thomam
929 3707 1034 3769 dicere
1058 3706 1190 3788 possim,
1248 3708 1334 3770 etin
1362 3726 1562 3788 quocumque
1586 3714 1746 3769 momento
1776 3716 1927 3788 peccator
1953 3706 1996 3767 in-

445 3826 510 3870 non
532 3807 636 3883 video,
653 3807 715 3868 nisi
736 3806 860 3867 dicatur
879 3805 965 3886 quod
986 3806 1105 3867 donum
1127 3804 1193 3885 pie·
1249 3806 1415 3889 gemuerit,
1443 3806 1510 3888 ipse
1539 3806 1683 3887 protinus
1707 3805 1878 3868 miseretur
1906 3812 1996 3886 atquc

445 3905 518 3969 tatis
542 3904 679 3967 manime
700 3904 864 3966 ordinetur
883 3904 922 3965 ad
948 3902 1129 3965 habendum
1154 3902 1194 3963 fi·
1250 3905 1385 3985 ignoscit
1406 3928 1412 3964 :
1435 3904 1510 3983 imo,
1538 3904 1622 3984 quod
1647 3902 1821 3965 mirabilius
1846 3911 1908 3980 est,
1931 3922 1996 3984 gra-

445 4004 552 4065 lialem
575 4002 727 4065 affectum
753 4001 785 4063 in
809 4003 883 4078 Dco,
908 4000 1095 4063 secundario
1119 4018 1193 4062 vero
1249 4002 1322 4064 tiam
1347 4011 1378 4065 et
1403 4002 1566 4065 caritatem
1591 4002 1728 4064 creando
1757 4000 1909 4078 iufundit,
1936 4020 1997 4063 ma-

446 4100 708 4183 circaproximos
727 4108 898 4182 operetur:
916 4098 1065 4179 quiahoc
1088 4099 1192 4179 ipsum
1249 4100 1369 4181 lignum
1403 4099 1569 4181 justificat,
1601 4098 1758 4181 perditum
1795 4098 1922 4181 recipit,
1952 4100 1998 4160 fu-

445 4199 531 4281 quod
552 4218 610 4280 per
631 4199 781 4280 pietatem
800 4197 950 4281 proximis
972 4198 1190 4275 subvenimus,
1210 4198 1380 4279 Dgitivum
1417 4197 1629 4278 amplectitur,
1663 4196 1821 4277 ingratum
1856 4199 1996 4279 adoptat,

446 4317 486 4360 ex
509 4296 603 4361 filiali
627 4298 666 4359 ad
691 4296 790 4359 Deum
814 4295 934 4359 affectu
962 4296 1055 4358 decet
1085 4314 1194 4377 proce
1249 4296 1419 4359 virtutibus
1443 4294 1555 4377 implet
1577 4314 1649 4357 eum
1673 4294 1728 4376 qui
1755 4294 1840 4356 vitiis
1866 4295 1996 4371 sorduit,

446 4397 532 4473 dere,
559 4403 654 4477 atque
682 4395 720 4459 ad
751 4396 856 4476 ipsum
884 4393 1026 4455 finaliter
1053 4393 1193 4456 ordinari
1249 4396 1438 4475 degenerem
1464 4411 1590 4474 quoque
1611 4392 1643 4455 in
1665 4392 1813 4455 heredem
1834 4412 1873 4456 ac
1896 4392 1998 4456 filium

447 4514 485 4557 ac
505 4494 645 4557 tendere.
1250 4494 1310 4556 sibi
1339 4493 1480 4557 assumit.
1507 4492 1580 4567 Quis
1609 4500 1702 4555 tantae
1728 4492 1851 4574 pietatis
1877 4493 1999 4556 viscera

1250 4592 1324 4654 satis
1340 4590 1494 4653 miraturi
1509 4591 1594 4653 llanc
1619 4608 1694 4671 ergo
1709 4589 1940 4671 perfectionem
1955 4590 1999 4651 di·

587 4703 832 4769 ARTICUMJS
859 4702 1051 4767 xxxvffl,
1249 4690 1356 4752 vinam
1381 4689 1494 4752 sectari
1520 4696 1676 4768 tenemur,
1704 4688 1737 4749 in
1761 4689 1846 4753 dono
1873 4688 1998 4771 pietatis

1249 4788 1477 4865 crescendo‚ac
1493 4786 1641 4849 omuibus
1656 4786 1738 4848 bene
1749 4788 1999 4868 agendo,quem·

1249 4886 1419 4949 admodum
1443 4885 1586 4948 hortatur
1609 4883 1753 4947 Salvator
1777 4907 1784 4945 ε
1805 4883 1914 4948 Estote
1939 4886 1998 4965 (in-
2016 4905 2106 4954 nuria

1249 4984 1331 5065 quit)
1352 4983 1495 5065 perfecti,
1518 4982 1600 5045 sicut
1619 4990 1651 5044 et
1668 4982 1759 5046 Pater
1779 4992 1885 5046 vester
1906 4984 1999 5047 coele
2012 4979 2038 5017 ⁸⁸·

518 5080 687 5147 Aaronem
708 5081 783 5144 boni
805 5081 837 5142 in
860 5081 909 5143 sui
932 5082 1034 5163 ipsius
1053 5100 1195 5145 commu·
1250 5082 1306 5143 stis
1323 5081 1481 5163 perfectus
1497 5088 1555 5143 est.
1571 5079 1609 5141 Et
1629 5098 1685 5161 per
1704 5080 1828 5162 Moysen
1844 5080 1998 5144 Dominus

531 5179 693 5243 nicatione
722 5197 777 5240 seu
805 5178 980 5242 diffusione
1008 5178 1193 5257 consistere,
1250 5179 1294 5243 ait
1315 5202 1322 5241 :
1344 5179 1450 5243 Sancti
1475 5185 1586 5257 estote,
1608 5177 1759 5257 quoniam
1784 5196 1843 5260 ego
1868 5188 2107 5243 sanctusumr-

448 5280 599 5364 princeps
621 5276 851 5358 theologorum,
867 5276 1054 5340 benedictus
1069 5277 1195 5341 Domini
1252 5298 1334 5359 sum,
1352 5277 1501 5342 Dominus
1515 5275 1597 5338 Deus
1612 5284 1728 5337 vester.

528 4837 620 4903 Quod
644 4851 706 4909 per
734 4836 855 4893 donum
883 4834 1019 4908 pietatis
1048 4836 1115 4895 Deo

574 4924 794 5001 stapulorr'ter
808 4924 1064 4998 conformamur.
