4309 6259
570 520 728 570 mosl'l'lo
748 520 847 568 tmm
871 522 877 567 :
901 518 1056 569 aeternos
1076 519 1225 567 ramnus
1245 519 1362 568 droam

300 692 332 755 3.
349 692 446 757 Votis
463 711 621 759 vocemus
639 697 672 761 et
689 696 834 776 Patrem,
1081 696 1166 761 Laeti
1183 696 1337 761 bibamus
1354 694 1499 760 sobriam

281 788 413 853 Patrem
433 793 587 873 perennis
606 793 739 875 gloriae3
1081 794 1282 859 Ebrietatem
1301 795 1450 877 spiritus.

278 886 375 951 Pater
393 890 538 969 potentis
556 891 670 971 gratiae

278 984 417 1067 Culpam
436 987 558 1069 releget
577 987 750 1053 lubricam.
1104 992 1135 1053 7.
1155 991 1269 1055 Laetus
1286 992 1358 1055 dies
1376 994 1431 1055 hic
1448 993 1618 1056 transeat:

1081 1088 1194 1151 Pudor
1211 1090 1256 1153 sit
1274 1092 1312 1153 ut
1330 1089 1526 1167 diluculum,

299 1180 330 1242 4.
347 1178 508 1245 lniormet
521 1182 614 1244 actus
628 1182 791 1259 strennue,
1079 1186 1179 1249 Fides
1197 1188 1289 1251 velut
1307 1189 1475 1268 meridies,

276 1277 416 1341 Dentem
432 1277 585 1341 retundat
600 1279 716 1357 invidi,
1079 1283 1319 1365 crepusculum
1338 1304 1432 1350 mens
1451 1286 1586 1350 nesciat.

276 1374 380 1438 Casus
398 1376 556 1439 secundet
575 1394 720 1457 asperos,

277 1474 385 1537 Donet
403 1475 537 1555 gerendi
556 1476 708 1555 gratiam.
1101 1479 1133 1542 8.
1151 1480 1280 1543 Aurora
1299 1500 1416 1545 cursus
1434 1483 1598 1565 provehit,

1080 1579 1209 1642 Aurora
1227 1580 1317 1643 totus
1336 1582 1484 1663 prodeat,

299 1672 330 1733 5.
348 1670 493 1735 Mentem
508 1670 667 1751 gubernet
686 1672 717 1735 et
737 1674 838 1753 regat,
1080 1678 1118 1740 ln
1136 1677 1233 1741 Patre
1252 1679 1343 1742 totus
1362 1679 1478 1757 Filius,

275 1768 385 1847 Casto,
404 1769 493 1833 fideli
513 1786 661 1851 corpore3
1079 1776 1122 1838 Et
1140 1777 1231 1839 totus
1247 1778 1280 1839 in
1295 1777 1404 1840 Verbo
1420 1778 1529 1842 Pater.

276 1868 375 1931 Fides
395 1868 501 1931 calore
522 1868 656 1947 ferveat,

275 1966 416 2030 Fraudis
435 1983 560 2029 venena
578 1968 714 2031 nesciat.
1100 1974 1131 2035 o.
1149 1974 1220 2037 Deo
1234 1974 1326 2037 Patri
1339 1975 1384 2039 sit
1398 1976 1513 2055 gloria,

1078 2073 1227 2154 EJ'usque
1245 2074 1308 2136 soli
1328 2074 1426 2153 Filio,

297 2162 329 2225 6.
346 2162 563 2245 christusque
583 2164 678 2227 nobis
697 2165 741 2227 sit
757 2164 860 2244 cibus
1079 2170 1161 2233 Cum
1178 2170 1305 2252 Spiritu
1319 2172 1501 2252 Paracleto,

273 2261 445 2343 Polusque
464 2266 576 2326 noster
593 2264 637 2326 sit
654 2262 755 2344 fldes3
1078 2268 1121 2331 Et
1139 2273 1276 2333 nuncet
1295 2271 1329 2331 in
1348 2274 1557 2353 perpetuum.
1578 2270 1697 2335 Amen.

693 2584 1005 2671 uxrosltlo
1047 2584 1236 2671 HYMNI

226 2849 260 2912 ln
283 2867 323 2913 eo
347 2848 385 2911 lit
408 2850 447 2911 ad
471 2848 525 2912 nei
554 2848 666 2911 Filium
691 2849 790 2913 oratio
816 2856 850 2911 ut
879 2848 1070 2911 suodritur
1096 2872 1103 2909 ε
1133 2849 1189 2923 Qui
1215 2868 1313 2930 quum
1338 2850 1378 2911 sit
1401 2849 1551 2932 splendor
1577 2852 1684 2933 gloria
1708 2861 1741 2916 et
1763 2874 1886 2925 aecana.

184 2948 307 3011 lumine
323 2966 382 3011 nos
405 2946 549 3025 illustret,
567 2954 697 3029 peccata
719 2947 873 3028 noxiaque
889 2966 936 3009 re·
990 2946 1095 3028 ligura
1111 2947 1292 3011 substantiae
1306 2948 1398 3030 ejus3
1414 2957 1446 3011 et
1461 2950 1592 3030 Sapiens
1610 2974 1617 3012 ε
1635 2952 1740 3033 Vapor
1754 2974 1886 3030 seponas.

185 3046 283 3128 pellat
298 3055 331 3109 et
346 3046 479 3109 virtutes
494 3046 526 3107 in
543 3046 633 3110 nobis
649 3046 812 3127 adaugeat.
990 3053 1038 3107 est
1053 3046 1138 3107 enim
1156 3046 1279 3107 virtutis
1294 3047 1358 3118 liei,
1376 3055 1407 3109 et
1421 3049 1578 3111 emanatio
1593 3050 1738 3130 quadam
1753 3042 1787 3080 ²⁶·

227 3145 344 3208 Auctor
372 3143 566 3207 Ambrosius.
597 3144 729 3208 Carmen
764 3144 934 3207 iambicum
990 3142 1140 3205 claritatis
1155 3144 1380 3226 omnipotentis
1395 3145 1448 3207 liei
1469 3146 1603 3224 sincera,
1621 3148 1740 3211 candor

184 3241 367 3305 dimetrum.
990 3238 1069 3302 lueis
1084 3248 1221 3319 aeternae,
1233 3250 1265 3305 et
1280 3242 1445 3323 speculum
1461 3244 1529 3307 sine
1545 3246 1669 3307 macula
1684 3246 1739 3307 llei

989 3339 1174 3418 majestatis,
1195 3348 1227 3402 et
1251 3341 1356 3422 imago
1379 3342 1526 3405 bonitatis
1550 3342 1644 3405 illius.
1667 3344 1738 3407 llaec

265 3436 395 3502 tamus
409 3437 450 3501 ab
463 3438 527 3502 alto
541 3438 652 3520 incipit
666 3437 840 3516 intellectu,
850 3438 935 3500 dein·
988 3436 1106 3518 quippe
1121 3439 1279 3502 emanatio
1293 3447 1341 3501 θεῖ
1362 3440 1524 3518 naturalis,
1542 3440 1739 3504 intellectua-

277 3538 316 3599 de
331 3543 403 3618 post
416 3536 554 3618 primum
570 3555 696 3600 versum
719 3544 820 3599 totum
834 3536 933 3601 oratio
989 3534 1038 3611 lis,
1056 3535 1094 3597 ad
1110 3536 1202 3598 intra.

185 3642 244 3697 est.
1027 3637 1074 3695 De
1089 3638 1160 3694 tuce
1175 3639 1277 3695 lucem
1288 3637 1474 3712 proferens,
1491 3636 1551 3699 hoo
1573 3645 1631 3714 est,
1647 3656 1685 3699 ex
1706 3646 1736 3700 te

226 3735 389 3809 Splendor
413 3741 564 3809 paternae
588 3734 717 3810 gloriar,
742 3732 773 3794 id
803 3739 861 3809 est,
886 3739 930 3809 tu,
988 3732 1067 3814 ipso,
1092 3732 1145 3813 qui
1170 3751 1294 3794 summa
1318 3732 1370 3795 lux
1394 3752 1439 3811 es,
1467 3735 1645 3815 producens
1669 3736 1737 3817 Spi-

185 3829 361 3912 Unigenite‚
379 3850 395 3889 c
412 3829 564 3911 splendor
578 3828 684 3911 gloriae
700 3838 838 3911 paternae
855 3852 883 3908 a,
901 3830 932 3891 id
988 3830 1082 3892 ritum
1108 3830 1268 3908 Sanctum,
1289 3828 1343 3911 qui
1366 3838 1414 3893 est
1438 3831 1545 3895 lumen
1567 3841 1731 3895 aternum.

183 3936 234 3990 est
248 3928 353 4009 lulgor
367 3927 747 4010 splendidissimmgloriee
758 3928 929 4007 lleiPatris,
987 3928 1053 3991 lmo
1082 3936 1146 3991 tota
1174 3928 1495 4010 supergloriosissime
1525 3930 1658 3992 Trinitas
1687 3940 1737 3994 est

184 4044 240 4087 seu
253 4025 426 4106 majestatis
438 4034 532 4106 atque
544 4025 931 4107 substantimejus,oriens
950 4027 1052 4090 Buna
1072 4034 1104 4088 et
1124 4027 1234 4088 eadem
1257 4026 1309 4089 lux
1330 4026 1411 4089 sieut
1432 4035 1462 4089 et
1485 4047 1547 4090 una
1568 4028 1704 4092 essentia
1725 4053 1732 4091 :

183 4143 222 4187 ex
238 4122 356 4187 lumine
373 4123 469 4188 Patris
486 4122 596 4187 lontali
614 4148 621 4185 :
638 4124 670 4185 in
685 4142 748 4205 quo
763 4124 930 4208 splendore
986 4124 1116 4205 idcirco,
1138 4143 1237 4205 quum
1264 4124 1354 4187 Pater
1376 4124 1491 4187 dicitur
1515 4126 1664 4207 genuisse
1689 4126 1736 4190 lu·

183 4221 333 4303 majestas
348 4230 380 4285 et
393 4222 498 4286 omnis
513 4220 665 4303 perfectio
684 4222 791 4285 aterni
807 4222 931 4287 Genito-
987 4242 1072 4301 men,
1100 4230 1131 4285 et
1155 4222 1251 4283 Filius
1280 4222 1385 4285 lucem
1414 4223 1560 4303 spirasse,
1587 4242 1644 4305 per
1667 4225 1733 4290 haec

181 4320 226 4381 ris
245 4319 349 4401 plene,
367 4319 507 4401 perlecta
531 4319 777 4401 naturaliterque
799 4320 928 4385 relucet.
987 4320 1115 4383 nomina
1130 4320 1273 4383 absoluta
1287 4319 1506 4401 intelliguntur
1521 4320 1661 4401 relativa,
1674 4322 1734 4387 hoo

180 4418 279 4481 Filius
291 4436 427 4500 namque
446 4418 587 4500 procedit
601 4436 620 4479 a
634 4417 722 4481 Patre
738 4436 795 4499 per
809 4418 931 4483 intelle-
987 4426 1034 4481 est
1048 4418 1124 4499 ipsae
1140 4418 1293 4495 Persona,
1303 4437 1373 4499 quae
1387 4417 1517 4481 relative
1531 4418 1690 4498 dicuntur,
1700 4428 1735 4483 ut

180 4525 386 4599 etum,quum
398 4516 438 4579 sit
453 4517 590 4579 Verbum
605 4524 636 4578 et
648 4516 805 4597 Sapientia
820 4517 927 4582 Patris.
986 4517 1081 4579 Filius
1102 4517 1225 4580 dicatur
1238 4540 1256 4576 ι(
1272 4517 1311 4580 (ῖθ
1333 4516 1404 4579 luce
1424 4516 1527 4579 lucem
1544 4539 1561 4577 n
1578 4519 1731 4599 prolerre,

180 4614 764 4698 ldoircoprooeditaPatresecundum
778 4616 930 4681 rationem
986 4616 1046 4679 hoc
1071 4623 1119 4679 est
1143 4616 1294 4697 Spiritum
1323 4616 1484 4693 Sanctum,
1511 4616 1565 4697 qui
1589 4626 1638 4678 est
1666 4618 1730 4680 lux.

180 4714 416 4777 assimilationis
436 4713 538 4795 plenae
560 4732 596 4777 ao
620 4714 770 4777 naturalis
795 4738 801 4777 :
827 4716 930 4797 perle-
986 4714 1105 4777 Dicitur
1127 4732 1254 4795 quoque
1277 4713 1373 4777 Filius
1396 4738 1414 4774 c
1437 4713 1540 4777 lucem
1563 4716 1602 4778 de
1623 4715 1733 4779 lucen

180 4813 244 4876 otio
259 4830 396 4895 namque
413 4811 591 4875 intellectus
606 4812 749 4876 consistit
762 4812 794 4875 in
809 4814 931 4877 assimi-
986 4812 1139 4895 prolerre,
1162 4813 1222 4875 hoo
1245 4821 1294 4876 est
1314 4812 1464 4896 Spiritum
1486 4813 1636 4876 Sanctum
1662 4833 1734 4895 pro-

180 4910 298 4974 latione
327 4908 478 4973 intellecti
506 4911 544 4973 ad
574 4910 813 4994 intelligentem.
841 4912 930 4977 Pater
985 4912 1101 4975 ducere
1117 4912 1156 4974 de
1172 4910 1253 4990 luce,
1270 4912 1302 4973 id
1321 4920 1369 4974 est
1388 4912 1427 4974 de
1448 4912 1562 4975 virtute
1584 4913 1733 4995 spirativa

179 5028 307 5090 quoque
324 5015 453 5072 vocatur
473 5008 528 5090 qui
549 5009 589 5072 de
611 5010 785 5073 substantia
807 5030 863 5075 sua
877 5032 929 5093 ge
986 5010 1044 5074 sibi
1059 5010 1131 5072 data
1151 5030 1171 5072 a
1191 5010 1290 5088 Patre,
1308 5018 1339 5073 et
1361 5028 1468 5071 mrsus
1483 5010 1635 5091 Spiritum
1656 5012 1732 5074 San·

180 5116 273 5170 nerat
288 5107 423 5170 similem
439 5106 497 5171 sibi
511 5108 602 5171 :hine
618 5107 714 5171 Filius
729 5119 930 5191 nuncupatur
986 5118 1072 5172 etum
1103 5108 1157 5189 qui
1182 5117 1229 5172 est
1258 5110 1311 5170 lux
1336 5109 1375 5170 de
1400 5108 1482 5186 luee,
1506 5108 1566 5171 hoc
1590 5118 1637 5171 est
1661 5128 1732 5191 pro-

180 5206 287 5287 imago
308 5206 362 5267 Dei
384 5204 494 5283 Patris,
511 5214 543 5269 et
563 5206 728 5271 character
748 5227 803 5271 seu
825 5208 966 5289 figurat}
986 5207 1102 5271 cedens
1117 5227 1136 5269 a
1150 5206 1249 5284 Patre,
1266 5206 1320 5286 qui
1341 5213 1388 5267 est
1411 5204 1464 5267 lux
1486 5205 1626 5269 lontana.
1643 5206 1732 5270 Insu-

180 5304 364 5369 substantirn
386 5302 494 5366 Patris.
511 5304 596 5369 Unde
618 5306 656 5368 ad
678 5307 823 5371 Hebraeos
846 5327 929 5371 asse-
984 5324 1042 5387 per
1058 5305 1153 5367 Filius
1175 5304 1335 5386 protulit«
1351 5302 1454 5365 lucem
1477 5301 1516 5365 de
1537 5302 1609 5366 luce
1624 5327 1653 5384 a,
1669 5305 1730 5371 lroc
