4309 6259
449 473 510 541 57⁰
733 498 774 545 os
793 499 950 547 runcomo
972 500 1013 573 nr·
1029 500 1194 547 nrumrsra
1213 500 1331 561 suain,
1354 502 1442 550 trena
1462 504 1503 551 tv.
1525 522 1566 535 —
1585 506 1656 553 aar.
1679 506 1711 553 vr

450 684 519 728 sere
538 662 714 749 praelatum,
729 672 933 734 temerarium
955 671 1100 734 arbitror.
1117 669 1195 732 Nam
1210 662 1236 728 Α
1252 674 1391 736 cundum
1406 676 1987 758 prainuueta,exeellentissimoheum
1997 695 2081 742 utne

302 774 436 826 locust·
450 765 509 827 etsi
525 765 700 831 similitudo
715 770 920 851 promittitur,
933 769 1075 852 praelatio
1090 778 1196 832 tamen
1251 771 1345 833 llarie
1366 774 1477 837 ardore
1498 775 1617 856 dilexit,
1642 776 1745 857 palam
1766 776 1844 858 quia
1869 775 1897 839 ei
1923 762 2081 867 ἰυῑί-ᾕῇῗ

449 873 593 946 negatur.
613 867 678 930 lloc
700 877 772 950 post
791 869 954 933 bominem
975 870 1074 931 Deum
1096 868 1197 931 llario
1250 889 1313 949 ma,
1329 879 1360 933 et
1374 875 1424 953 (nt
1439 873 1545 936 verbis
1559 882 1631 937 utar
1643 874 1750 957 magni
1772 874 1923 937 amatoris
1936 874 2081 936 ila-ames

449 963 612 1027 dumtaxat
646 978 841 1031 reservatum
877 987 1056 1032 censemus.
1085 970 1130 1031 Ex
1159 987 1197 1031 eo
1250 968 1318 1047 riae)
1341 979 1496 1050 quantum
1524 981 1597 1055 post
1620 972 1821 1053 personalem
1846 972 1986 1033 unionem

449 1082 587 1146 namquo
620 1066 704 1146 quod
733 1067 883 1146 Verbum,
913 1086 932 1131 o
962 1068 1067 1147 llaria,
1097 1068 1196 1130 Deum
1251 1074 1402 1131 creaturae
1439 1068 1554 1131 suffert
1591 1071 1743 1149 conditio,
1779 1069 1986 1132 inaccessibili

449 1157 554 1223 filium
578 1162 688 1242 habes,
708 1164 894 1246 augelorum
918 1184 1043 1247 qnoque
1067 1164 1197 1228 domina
1250 1172 1436 1247 tetemaequc
1456 1166 1520 1230 luci
1535 1168 1631 1231 llario
1653 1168 1804 1231 immersa
1825 1186 1894 1230 esse
1908 1168 1986 1229 vide·

449 1258 697 1342 imperatrixque
720 1263 857 1343 exsistis,
882 1272 914 1327 et
937 1264 1028 1346 ipsis,
1049 1273 1084 1326 ut
1107 1263 1195 1344 libet,
1251 1268 1331 1325 atur.
1347 1263 1492 1345 Amplius
1506 1274 1624 1346 autem,
1640 1266 1718 1329 fidei
1739 1266 1883 1329 succedit
1901 1264 1984 1327 visio.

448 1356 561 1438 jubere
574 1357 749 1439 justissime
764 1370 865 1442 potes,
879 1361 1031 1424 elucescit
1045 1362 1195 1443 qnoniam
1250 1360 1519 1434 Quemadmodum
1541 1382 1618 1445 ergo
1637 1364 1863 1427 universorum
1883 1363 1984 1438 fidem,

449 1462 530 1532 tu,o
555 1454 633 1517 felix
658 1464 690 1519 et
714 1457 860 1520 sublimis
885 1459 990 1536 illaria,
1007 1459 1071 1521 lieo
1096 1458 1197 1521 conti·
1251 1460 1425 1521 secundum
1452 1468 1656 1542 preostensa,
1686 1461 1768 1525 fides
1797 1460 1899 1523 llariae
1930 1479 2083 1535 namne.

448 1570 512 1632 gua
530 1552 585 1615 sis.
605 1554 640 1615 ln
662 1554 755 1635 cujus
780 1556 825 1618 rei
848 1566 932 1639 typo,
956 1558 1031 1619 dum
1056 1556 1133 1619 olim
1156 1557 1195 1618 ad
1249 1556 1457 1637 gnenimitate
1474 1544 1769 1640 illuminationcque
1785 1557 1931 1633 excessit,
1946 1558 2033 1619 sicll

303 1661 395 1719 trinea.
412 1677 436 1715 u.
450 1648 554 1712 filium
571 1671 663 1714 sunm
678 1653 878 1717 Salomonem
894 1654 1069 1719 bethsabee
1083 1656 1196 1717 intres-
1250 1654 1279 1715 ci
1304 1662 1336 1716 et
1360 1655 1569 1719 subtilissime
1592 1657 1674 1720 visio
1698 1657 1865 1720 successit.
1885 1656 1984 1717 Adhuc

303 1729 336 1768 ¹⁹·
450 1756 509 1827 set,
525 1749 657 1812 thronus
679 1752 708 1814 ei
730 1771 749 1813 a
769 1753 887 1815 dextris
909 1753 970 1815 filii
992 1753 1113 1816 locatus
1135 1761 1193 1816 est.
1250 1760 1367 1832 entem,
1383 1753 1543 1818 obedienti
1560 1755 1621 1817 sibi
1643 1754 1815 1838 spopondit
1828 1754 1984 1817 Christus:

312 1857 401 1903 nette
414 1845 488 1910 ...Et
511 1847 642 1930 insuper
666 1849 735 1931 ipse
761 1852 838 1915 olim
864 1852 989 1915 modica
1012 1852 1124 1915 Esther
1148 1852 1195 1913 sic
1213 1848 1315 1930 BEgo
1329 1851 1506 1931 (inquiens)
1520 1852 1732 1915 manifestabo
1753 1853 1783 1915 ei
1804 1872 1857 1914 me
1879 1853 2085 1933 ipsumam,

303 1923 336 1963 ¹⁷¹
450 1945 516 2026 regi
531 1947 753 2027 potentissimo
774 1957 868 2031 atque
885 1950 1195 2013 ditissimohssuero
1249 1948 1324 2022 Quis
1349 1958 1452 2012 autem
1478 1950 1512 2012 in
1536 1951 1618 2014 coelo
1644 1958 1788 2032 terraque
1813 1950 1861 2012 sic
1882 1949 1985 2013 Christi
1996 1946 2022 1983 ²¹·

449 2044 654 2125 complacuit,
684 2054 720 2108 ut
745 2056 818 2128 post
845 2067 918 2110 eum
947 2048 979 2109 in
1008 2048 1095 2111 omni
1125 2048 1195 2129 ejus
1240 2045 1445 2137 ¹voluntatem
1468 2046 1616 2129 implevit
1638 2047 1906 2129 quemadmodum
1930 2046 1986 2107 sin-

448 2160 548 2222 rcgno
562 2142 631 2224 ipsa
646 2152 802 2225 regnaret.
815 2145 906 2223 Sic,o
921 2145 1065 2224 Domina,
1077 2155 1195 2209 aeterno
1248 2143 1367 2225 gularis
1389 2165 1446 2207 sua
1467 2165 1593 2228 sponse,
1610 2145 1706 2208 unica
1726 2144 1878 2209 columba
1895 2153 1925 2207 et
1943 2162 1986 2205 ca-

310 2242 673 2323 Aroc·¹¹¹.adorandoque
693 2243 843 2326 Principi,
860 2245 936 2325 Regi
960 2265 1069 2326 regum
1085 2254 1117 2307 et
1137 2246 1196 2308 Do·
1249 2242 1376 2305 rissima
1409 2243 1527 2305 Meteri
1555 2244 1737 2306 Clarissima
1765 2243 1865 2325 igitur
1898 2242 1926 2305 ei
1957 2260 1985 2303 se

304 2315 337 2355 ¹⁶'
449 2339 537 2402 mino
552 2340 765 2418 dominorum,
782 2343 845 2405 lico
860 2352 1078 2425 sanctoatqne
1094 2344 1195 2406 excel·
1248 2341 1353 2423 ipsum
1368 2340 1588 2404 manifestasse
1610 2342 1758 2404 fatendus
1779 2350 1839 2403 cst.
1855 2341 1984 2415 htvero,

306 2446 360 2490 hac-
372 2462 387 2497 ι.
401 2450 435 2491 ⁴⁸·
449 2455 495 2514 so,
512 2445 543 2500 te
557 2438 711 2501 humilem
730 2458 821 2503 suam
838 2440 998 2519 ancillam,
1016 2441 1194 2504 incredibili
1248 2439 1378 2521 puritati
1393 2440 1497 2502 cordis
1512 2439 1567 2503 Dei
1582 2440 1663 2503 visio
1677 2439 1871 2521 repromisse
1884 2456 1986 2519 cogno

448 2544 554 2597 umen
570 2537 806 2618 pulchritudine
821 2548 999 2617 venustam,
1016 2540 1196 2622 superexaf-
1249 2538 1364 2600 scitur:
1375 2556 1489 2619 nempe
1503 2537 1587 2600 beati
1602 2537 1713 2600 mundi
1729 2535 1984 2617 corde,quoniaru
1995 2558 2085 2602 ninia.

447 2641 513 2696 tare
529 2634 654 2716 sibique
669 2636 845 2716 proximam
860 2645 997 2699 statuere
1012 2638 1142 2719 placuit.
1249 2635 1308 2717 ipsi
1325 2636 1424 2697 Deum
1440 2636 1605 2699 videbunt.
1621 2636 1707 2698 llens
1727 2654 1804 2716 crgo
1826 2634 1881 2697 illa
1895 2634 1985 2696 ldane

487 2730 510 2794 Ο
531 2732 728 2795 admirabilis
750 2742 782 2796 et
803 2735 981 2797 veneranda
1001 2735 1108 2813 llaria,
1125 2754 1194 2817 qum
1248 2733 1468 2811 mundissima,
1489 2752 1559 2815 qua
1580 2733 1669 2795 nulla
1688 2750 1830 2813 unquam
1855 2732 1924 2795 labe
1942 2751 1986 2793 ns

447 2830 706 2912 splendidissima
727 2832 792 2911 illa,
816 2832 972 2895 altissima
994 2830 1195 2916 simplicissi-
1248 2850 1437 2913 queqnaquc
1452 2832 1610 2894 maculata
1623 2830 1753 2909 exstitit,
1769 2849 1834 2912 qna
1853 2830 1986 2893 claritate

446 2948 561 3010 maqne
577 2930 741 3011 Seraphim
756 2930 866 2995 divino
882 2930 1006 2995 fervore
1021 2932 1192 3013 praecellis3
1248 2930 1347 2992 llenm
1369 2928 1534 3010 agnoscitt

446 3046 517 3108 que
538 3027 737 3091 lucidissima
755 3029 924 3106 Cherubim
946 3030 1102 3112 sapientia
1125 3031 1234 3099 vin-c
1288 3026 1443 3109 Amplius,
1460 3026 1727 3109 quemadmodum
1748 3046 1785 3089 ex
1801 3026 1897 3089 floria
1914 3026 1987 3089 Dens

446 3126 515 3203 cis3
540 3126 573 3187 in
598 3144 660 3207 qua
685 3126 822 3209 amplius
846 3126 1014 3210 veriusque
1039 3147 1135 3209 quam
1160 3130 1192 3189 in
1248 3126 1332 3205 qnod
1348 3124 1451 3187 Marito
1464 3132 1532 3187 erat
1546 3123 1730 3207 assumpsit,
1747 3124 1793 3187 sic
1811 3124 1931 3206 utiquc,
1946 3142 1988 3185 se

447 3223 582 3286 Thronis
603 3224 685 3287 Deus
708 3224 836 3303 residet,
853 3234 885 3287 ct
904 3245 962 3308 per
982 3245 1077 3307 quam
1100 3227 1194 3289 vehe-
1249 3223 1388 3285 cundum
1408 3222 1509 3304 ipsius
1529 3222 1748 3305 capacitatem,
1765 3230 1797 3285 et
1811 3222 1898 3303 quod
1916 3219 1988 3283 diri-

446 3321 585 3384 mentius
600 3322 802 3404 propriorum
816 3323 1010 3404 judiciorum
1025 3344 1192 3388 censuram
1248 3322 1358 3385 nitatis
1372 3330 1420 3387 est
1437 3322 1541 3386 eidem
1556 3324 1711 3405 rependit.
1727 3322 1878 3404 Suscepit
1891 3332 1987 3385 autem

445 3420 609 3483 decernit!
626 3420 810 3501 Denique,o
825 3422 989 3499 altissima,
1007 3423 1124 3485 sanctis
1139 3424 1193 3486 llo-
1249 3440 1459 3485 creaveram
1480 3428 1637 3499 naturam,
1653 3420 1789 3483 filialem
1811 3418 1987 3483 alimoniam

409 3545 414 3553 ¹
444 3517 672 3582 minationibus
695 3519 789 3582 altior
816 3539 849 3582 es
877 3528 972 3601 atque
996 3520 1138 3597 liberior,
1161 3530 1193 3584 et
1248 3527 1280 3582 et
1306 3518 1479 3601 perfectam
1504 3518 1754 3581 educationem:
1781 3518 1910 3599 quibus,
1932 3514 1987 3576 nisi

444 3635 540 3697 super
558 3635 611 3680 eas
633 3617 774 3697 itemque
799 3637 862 3699 praa
882 3618 939 3697 cis,
961 3618 1074 3681 ceteris
1094 3619 1192 3682 sacris
1248 3618 1344 3679 aDco
1363 3616 1453 3695 Filio,
1471 3616 1559 3679 reddi
1580 3617 1691 3697 nequit
1712 3618 1760 3695 (ut
1782 3616 1828 3679 ait
1846 3615 1989 3677 Aristotc-

443 3714 657 3777 subordinatis
681 3715 847 3797 phalangis
868 3715 945 3796 qnid
970 3717 1128 3798 egendum
1153 3717 1194 3779 sit
1248 3715 1308 3794 les)
1335 3714 1540 3796 aequivalcns.
1563 3714 1640 3794 Diis,
1671 3714 1787 3796 inquit,
1811 3712 1988 3795 parentibus

443 3813 537 3895 jubes
571 3821 665 3893 atque
693 3813 859 3891 insinuas3
890 3815 1017 3876 demum
1053 3821 1085 3878 et
1113 3815 1192 3897 ipsis
1247 3822 1279 3877 et
1307 3812 1466 3895 magistris
1491 3832 1556 3876 non
1584 3813 1669 3876 valet
1692 3812 1760 3876 dari
1787 3812 1986 3894 aequivalens.

444 3910 677 3993 Principatibus
698 3911 898 3994 principaris.
1246 3914 1394 3993 ldcoque,
1410 3931 1508 3994 quum
1532 3919 1645 3974 natura
1664 3911 1774 3975 divina
1795 3930 1859 3975 non
1881 3911 1923 3974 sit
1940 3910 1988 3989 hy·

1247 4011 1401 4093 postatice
1436 4010 1525 4072 nnita
1556 4010 1669 4089 llario,
1701 4009 1806 4092 palam
1839 4009 1917 4091 qnia
1947 4008 1989 4069 in-

632 4169 641 4203 r
655 4130 900 4196 ARTICULUS
926 4133 981 4195 vl,
1247 4108 1566 4190 comprehensibilem
1582 4116 1613 4170 et
1627 4108 1930 4190 superexcellentem
1944 4106 1987 4169 sni

1208 4207 1430 4275 Dfruitionem
1453 4207 1534 4269 Deus
1561 4214 1689 4269 sanctus
1712 4214 1744 4269 et
1765 4225 1909 4269 summus
1933 4205 1988 4287 ipsi

1247 4306 1426 4389 impertitus
1441 4305 1493 4385 sit,
1505 4313 1656 4385 tantoque
1671 4304 1699 4368 ei
1720 4304 1989 4386 incomparabilia

1248 4424 1314 4467 rem
1329 4404 1449 4467 etitem
1467 4404 1696 4467 evidentiorem
1713 4402 1989 4466 communicaverit

1249 4503 1493 4583 notionem,quo
1508 4501 1646 4583 amplius
1665 4502 1694 4565 ei
1709 4502 1868 4583 obligatus
1883 4508 1989 4583 sponte

1250 4599 1351 4663 factus
1367 4608 1425 4679 est,
1442 4599 1577 4681 plusque
1592 4600 1632 4661 ab
1647 4618 1684 4661 ca
1699 4600 1881 4681 assumpsit.

397 4722 419 4753 n.
522 4700 651 4759 AECest
666 4698 776 4775 (aitad
795 4698 917 4760 Patrem
932 4698 1132 4781 Unigenitus)
1148 4704 1194 4761 vi·
1289 4699 1394 4778 Porro,
1410 4717 1474 4779 quo
1500 4698 1532 4759 in
1560 4698 1661 4778 petria
1686 4698 1741 4760 llei
1764 4698 1845 4761 visio
1867 4696 1987 4771 clarior,

537 4804 570 4853 tc
593 4804 729 4863 oeterua,
755 4805 792 4855 ut
820 4806 1009 4871 coqnoscant
1039 4806 1068 4857 te
1092 4801 1195 4858 solum
1250 4816 1287 4860 co
1312 4796 1449 4859 felicitas
1468 4795 1580 4876 major.
1602 4796 1722 4876 Denuo,
1745 4796 1894 4876 quoniam
1921 4812 1991 4857 con·

447 4912 561 4952 oerum
572 4896 725 4962 Deum,et
740 4914 832 4972 quem
850 4895 972 4953 misisti
983 4898 1092 4955 lesum
1105 4898 1197 4955 Chri·
1251 4894 1389 4957 venienli
1406 4902 1437 4956 el
1451 4894 1535 4957 bono
1550 4892 1690 4974 itemque
1708 4893 1827 4957 dilecto
1845 4890 1990 4973 conjungi

446 4999 543 5049 stum.
562 4989 686 5051 Scimus
701 4998 806 5053 autem
821 4990 896 5072 quia
918 4990 1033 5054 caritas
1046 4992 1195 5055 ecstasim
1251 4991 1437 5056 delectabile
1452 4998 1563 5071 exstat,
1580 5009 1644 5072 qno
1659 4992 1758 5053 Deum
1773 4992 1868 5073 Virgo
1886 5000 1990 5054 sancta

446 5085 526 5148 facit
547 5110 554 5148 τ
575 5087 692 5170 quippe
713 5108 784 5169 quae
805 5096 964 5150 amantem
986 5090 1057 5151 unit
1077 5099 1192 5168 amato,
1251 5091 1322 5172 plus
1345 5090 1456 5153 dilexit
1476 5097 1508 5151 et
1527 5088 1643 5170 diligit,
1661 5108 1699 5152 eo
1722 5088 1782 5151 sibi
1807 5089 1889 5151 uniri
1911 5087 1991 5151 delc-

447 5201 566 5263 eosque
589 5184 623 5245 in
649 5204 683 5247 se
707 5185 845 5247 invicem
870 5185 1129 5249 transformatae
1150 5188 1196 5248 in·
1250 5188 1396 5250 ctebilius
1430 5186 1490 5268 ipsi
1525 5186 1680 5250 consistit.
1710 5186 1749 5248 Et
1781 5206 1902 5266 rursus,
1932 5202 1989 5266 quo

448 5282 680 5346 dissolubiliter
701 5283 840 5366 colligat.
861 5284 1014 5359 Quoniam
1036 5303 1123 5378 ergo,
1147 5305 1194 5349 sc·
1250 5285 1327 5350 unio
1350 5285 1410 5348 ista
1438 5283 1592 5364 intimior,
1612 5303 1651 5348 eo
1674 5284 1774 5367 gloria
1796 5284 1908 5365 major.
1928 5281 1989 5357 Quo

443 4273 492 4332 Dc
516 4270 678 4347 ineffabili
700 4272 861 4346 felicitate
884 4273 1016 4341 Μανία),
1033 4293 1131 4350 quam
1156 4274 1191 4334 in

486 4360 608 4418 visione
622 4361 746 4418 divinoe
760 4361 904 4420 essentie
914 4380 952 4418 cc
965 4363 1192 4438 superbenedi-

485 4458 544 4507 cloe
561 4449 737 4509 Trinitatis
748 4450 1010 4525 profundissima
1025 4451 1194 4527 (spuitione

486 4540 603 4597 sortita
624 4547 680 4597 cst.
