4309 6259
475 446 535 512 tat
602 467 642 512 aa
664 466 865 515 senescerere
886 468 1015 515 acrama
1036 467 1073 511 ar
1095 465 1192 511 mssa
1213 462 1440 511 cannsaarroua
1461 466 1619 513 nranocus.
1642 484 1683 495 -
1704 466 1774 512 aar.
1797 466 1886 513 xxvur

475 643 507 698 et
520 635 665 717 gratiam,
684 643 779 718 prout
791 655 865 699 cum
880 653 1013 717 corpore
1028 654 1066 698 ex
1085 633 1221 696 naturali
1237 632 1262 694 Α
1278 651 1392 714 corpus
1407 633 1534 713 Christi,
1551 642 1582 697 et
1595 634 1716 716 aliquid
1738 654 1797 716 per
1817 635 1933 698 modum
1951 655 1995 719 po

475 734 724 797 concomitantia
756 742 806 797 est
832 733 939 797 anima
967 733 1038 815 ejus
1066 740 1099 795 et
1126 731 1222 795 Verbi
1277 739 1338 812 tus,
1355 732 1505 795 videlicet
1519 734 1648 815 sanguis
1662 734 1775 815 ipsius.
1792 732 1905 797 Dicitur
1917 734 1995 797 etiam

475 832 585 893 eterni
610 850 757 914 persona.
774 832 809 894 ln
824 831 896 894 aliis
916 849 992 893 vcro
1015 828 1222 893 sacramentis
1277 829 1443 911 pluraliter
1470 839 1679 910 sacramenta,
1705 838 1835 915 propter
1855 831 1996 895 diversih·
2089 852 2090 855 ¹

398 946 403 953 ·
476 948 541 992 non
560 930 723 993 invenitur
745 929 851 993 taliter
874 930 987 1011 gratia,
1003 928 1059 991 sed
1085 928 1168 991 sicut
1189 927 1222 988 in
1278 935 1341 990 tem
1375 928 1538 1010 signorum
1572 930 1782 1009 materialem,
1813 948 1865 993 seu
1889 940 1996 1012 propter

477 1028 569 1110 signo
588 1037 621 1093 et
639 1029 673 1091 in
698 1049 794 1093 causa
818 1028 1053 1091 instrumentali
1078 1026 1223 1090 ministe-
1278 1027 1538 1090 sacramentalem
1554 1028 1786 1091 remanentium
1801 1047 1837 1092 ac
1847 1028 1995 1091 visibilium

476 1127 547 1190 riali
571 1128 797 1209 aliquomodo
822 1135 1032 1191 concurrente
1057 1134 1089 1189 et
1113 1143 1223 1207 ooope-
1278 1124 1457 1206 specierum
1481 1126 1730 1203 distinctionem,
1756 1135 1789 1188 et
1812 1126 1948 1207 quoniam
1967 1146 1995 1189 er

475 1234 565 1289 rante
588 1246 627 1289 ex
651 1226 848 1289 institutione
873 1233 905 1288 et
929 1225 1046 1287 virtute
1074 1224 1185 1287 divina
1212 1246 1219 1284 ι
1278 1221 1434 1284 distinctis
1450 1231 1653 1285 consecratur
1672 1223 1826 1302 materiis,
1842 1222 1951 1287 scilicet
1967 1242 1994 1285 er

474 1344 544 1407 quae
557 1325 659 1406 gratia
673 1325 707 1386 in
722 1344 783 1387 usu
797 1324 937 1387 materiae
951 1331 1220 1387 sacramentorum
1277 1339 1359 1402 pane
1381 1329 1413 1383 et
1434 1320 1519 1385 vino.
2090 1406 2091 1409 Ἴ

473 1422 601 1485 illorum
620 1422 794 1486 consistere
815 1422 1010 1505 perhibetur.
1027 1421 1154 1483 Materia
1170 1440 1222 1482 ve·
1317 1418 1485 1482 Sacnnoos.
1500 1454 1542 1465 —
1559 1418 1664 1481 Liceat
1687 1419 1767 1482 mihi
1791 1438 1872 1482 nune
1895 1418 1994 1481 dubita-
2090 1414 2091 1439 ¹

475 1539 509 1583 ro
524 1520 756 1600 sanctificatur,
771 1528 804 1583 et
818 1527 928 1583 sancta
943 1539 1000 1582 seu
1021 1518 1221 1581 sanctificata
1276 1515 1395 1579 tionem
1418 1534 1595 1599 proponere
1617 1525 1718 1581 ortam
1740 1537 1778 1580 ex
1800 1516 1899 1580 dictis.

473 1618 637 1698 asseritur,
651 1618 683 1679 in
699 1626 853 1699 quantum
868 1618 1043 1697 ordinatur,
1052 1618 1221 1699 deputatur
1316 1615 1460 1678 Vaarras.
1484 1651 1524 1661 -
1545 1613 1576 1677 Si
1602 1614 1794 1697 coeperimus
1818 1615 1951 1696 abyssum
1970 1622 1994 1676 et

473 1724 505 1778 et
523 1716 703 1797 applicatur
722 1717 762 1778 ad
784 1735 891 1778 veram
913 1724 945 1777 et
966 1715 1083 1778 realem
1106 1714 1221 1777 sancti·
1276 1712 1446 1793 caliginem
1462 1712 1724 1776 scholasticarum
1739 1712 1861 1795 ingredi
1874 1714 1994 1794 questio

473 1822 568 1876 tatem
584 1833 622 1877 ac
636 1814 770 1895 gratiam
786 1815 819 1876 in
835 1813 980 1876 rationali
995 1821 1140 1876 creatura
1152 1810 1221 1875 effi·
1236 1811 1258 1873 B
1276 1830 1364 1887 num,
1382 1810 1535 1873 intentam
1550 1811 1647 1891 hujus
1669 1810 1854 1874 brevitatem
1875 1809 1993 1893 opusculi

472 1911 629 1991 ciendam,
646 1912 762 1975 virtute
777 1910 886 1974 diviua
903 1910 1124 1994 principaliter
1144 1929 1221 1992 ope·
1276 1909 1475 1989 excedemus,
1506 1918 1538 1972 et
1565 1918 1675 1972 contra
1702 1910 1894 1991 propositum
1920 1909 1995 1971 facie

471 2018 570 2088 rante,
588 2018 620 2072 et
634 2009 711 2092 ipsis
726 2010 944 2087 sacramentis,
962 2029 1032 2091 quae
1054 2008 1220 2072 continent
1279 2025 1360 2069 mus.
1387 2005 1506 2089 Nempe
1536 2008 1568 2068 in
1593 2006 1682 2069 brevi
1712 2008 1773 2071 isto
1796 2007 1924 2089 dialogo,
1946 2026 1994 2069 non

470 2115 565 2189 atque
584 2107 734 2171 efficiunt
751 2109 836 2187 quod
857 2106 1009 2188 figurant,
1027 2108 1220 2169 instrumen-
1277 2103 1482 2167 scholasticas
1510 2104 1719 2169 difficultates
1747 2114 1780 2168 et
1812 2105 1995 2186 questionum

471 2205 628 2267 taliterne
643 2224 701 2268 suo
720 2206 814 2268 modo
836 2204 1086 2267 ministerialiter
1107 2223 1220 2286 coope—
1276 2202 1477 2283 subtilitates,
1503 2204 1557 2266 sed
1586 2223 1623 2266 ea
1646 2204 1810 2266 dumtaxat
1830 2222 1897 2285 quae
1921 2205 1996 2266 dero

472 2303 627 2366 rantibus.
1276 2300 1395 2363 tionem
1419 2310 1628 2381 concernunt,
1651 2309 1787 2364 tractare
1810 2320 1846 2364 ac
1871 2300 1993 2383 prosequi

511 2401 677 2463 Sacaueos.
703 2436 744 2446 -
765 2400 994 2482 Compendiosa
1024 2400 1188 2482 responsio
1210 2424 1216 2461 ε
1275 2399 1337 2461 fuit
1351 2398 1498 2477 intentio,
1514 2400 1576 2462 alia
1597 2400 1667 2463 loco
1689 2399 1780 2462 alteri
1797 2407 1991 2463 reservantes:

471 2496 556 2560 circa
584 2516 679 2579 quam
712 2497 867 2560 dubitatio
899 2497 1000 2560 oritur
1032 2497 1134 2575 mihi;
1164 2499 1219 2561 sed
1274 2515 1409 2578 quorum
1421 2497 1576 2561 discussio
1591 2497 1716 2560 subtilis
1731 2506 1763 2561 et
1775 2498 1994 2578 curiosa,quun

470 2604 640 2676 antequam
663 2595 750 2657 illam
774 2613 961 2677 proponam,
987 2596 1148 2658 declarare
1174 2596 1220 2658 di·
1274 2594 1323 2656 vis
1345 2595 1386 2656 sit
1405 2614 1462 2658 suo
1483 2596 1577 2659 modo
1599 2614 1656 2677 pro
1678 2595 1755 2658 fidei
1779 2594 1950 2659 defensione
1965 2613 1993 2656 ac

468 2693 575 2775 gnaris
594 2694 731 2775 qualiter
745 2701 978 2756 sacramentum
995 2692 1078 2756 istud
1095 2693 1220 2757 dicatur
1274 2692 1486 2755 declaratione
1511 2694 1700 2771 necessaria,
1721 2694 1889 2757 multorum
1910 2702 1994 2755 tamen

468 2810 567 2853 unum
589 2799 622 2853 et
643 2791 745 2873 plura.
1274 2790 1453 2853 devotionis
1496 2792 1598 2872 magis
1641 2800 1791 2855 censetur
1833 2790 1994 2855 exstinctiva

509 2888 654 2951 Vanrras.
670 2925 711 2934 —
725 2887 945 2970 Multipliciter
958 2889 1076 2952 dicitur
1098 2888 1218 2970 aliquid
1274 2905 1369 2967 quam
1391 2888 1579 2970 promotiva.
2092 2872 2093 2887 ¹

468 3007 579 3050 uuum.
596 2987 712 3064 Primo,
728 2986 804 3067 quia
822 3006 882 3050 nec
902 2995 975 3050 actu
996 3006 1055 3049 nec
1077 2988 1218 3069 potentia
1237 2990 1259 3053 C
1314 2985 1483 3049 Sacannos.
1500 3022 1540 3032 -—
1554 2985 1622 3051 Non
1637 2986 1699 3049 nisi
1716 3006 1819 3069 pauca
1835 3004 1993 3069 proponam,

469 3084 568 3148 dividi
585 3092 689 3165 potest
703 3084 736 3145 iu
752 3085 854 3166 plura,
871 3093 906 3147 ut
920 3094 1086 3167 punctum.
1101 3085 1218 3147 Secun-
1274 3084 1447 3165 presertim
1472 3103 1542 3165 quae
1566 3084 1599 3146 in
1624 3093 1758 3148 tractatu
1781 3086 1937 3167 cujusdam
1955 3084 1996 3145 de

467 3183 520 3259 do,
538 3182 660 3244 ratione
680 3182 910 3261 continuitatis,
927 3190 962 3245 ut
982 3181 1088 3260 linea;
1104 3190 1136 3245 et
1157 3183 1217 3246 hoc
1274 3182 1338 3245 voti
1363 3182 1532 3262 habentur,
1558 3183 1611 3264 qui
1642 3184 1762 3266 passim
1786 3185 1899 3266 legitur
1919 3202 1935 3244 a
1954 3181 1995 3243 de

468 3287 516 3343 est
530 3278 745 3362 potentialiter
758 3280 860 3361 plura,
879 3279 954 3361 quia
969 3280 1001 3341 in
1017 3279 1125 3363 plures
1148 3300 1218 3361 par·
1273 3280 1366 3342 votis.

468 3386 516 3441 tes
543 3377 643 3440 dividi
672 3386 786 3459 potest.
813 3379 931 3456 Tertio,
957 3377 1078 3441 unitate
1108 3378 1217 3441 formas
1314 3378 1458 3441 Vamras.
1475 3378 1724 3441 —Succinctim
1746 3398 1895 3462 propone.

468 3476 698 3556 substantialis,
715 3485 751 3538 ut
765 3476 933 3554 naturalia,
950 3495 1006 3539 seu
1022 3484 1122 3539 totum
1143 3476 1217 3539 sub-

467 3573 625 3653 stantiale,
641 3574 727 3654 quod
749 3594 787 3637 ex
805 3574 938 3636 materia
962 3583 995 3636 et
1016 3574 1120 3636 forma
1145 3574 1218 3636 sub-

467 3672 607 3735 stantiali
623 3681 772 3753 tanquam
788 3692 826 3735 ex
841 3672 1066 3735 essentialibus
1089 3691 1217 3755 compo·
1430 3658 1673 3724 ARTICULUS
1701 3660 1860 3725 XXVIII·

468 3772 555 3834 nitur
573 3771 727 3853 pastibus·
744 3772 871 3848 Quasm'
889 3790 945 3853 per
966 3771 1153 3833 ‘damnem
1178 3772 1217 3834 ad
1272 3809 1327 3867 An
1343 3808 1377 3866 in
1393 3808 1504 3882 forma
1518 3808 1689 3867 verborum
1706 3811 1902 3869 sacramenti
1918 3808 1995 3867 r'stios

467 3889 566 3933 unum
581 3876 613 3933 θῑ
627 3869 774 3931 eumdem
790 3868 918 3931 malem
933 3868 1217 3950 effectum:quem·
1312 3898 1465 3955 consistat
1480 3897 1594 3974 aliquo
1610 3898 1659 3955 vis
1673 3900 1934 3973 supernaturalis
1945 3914 1996 3955 cre

466 3969 637 4031 admodum
658 3968 818 4029 medicina
837 3988 875 4030 ex
899 3967 1044 4049 pluribus
1068 3976 1217 4031 constans
1312 3993 1379 4054 ara,
1399 3987 1443 4043 aa
1462 3986 1861 4047 transsubstantiationem
1880 3984 1995 4047 aaasats'-

468 4066 609 4129 materiis
624 4064 725 4128 fertur
739 4084 814 4144 una,
830 4066 905 4146 quia
920 4066 959 4128 ad
974 4064 1148 4146 perfectam
1163 4086 1217 4128 eu·
1314 4074 1489 4152 teretique
1505 4075 1597 4134 modo
1612 4092 1820 4136 concarrens.

468 4164 622 4227 rationem
639 4161 795 4238 refertur3
812 4163 858 4225 sic
873 4171 905 4224 et
918 4162 1101 4224 artificialia
1119 4171 1151 4225 et
1171 4163 1218 4224 in·
1232 4160 1256 4223 D

468 4260 687 4323 strumentalia
698 4260 840 4340 quaedam
853 4267 1006 4323 vocantur
1016 4260 1093 4340 quid
1107 4280 1215 4340 unum,
1314 4259 1480 4324 Sacranos.
1497 4294 1538 4305 -
1552 4259 1668 4322 Scribit
1689 4260 1744 4324 ifle
1758 4262 1889 4327 devotus
1909 4264 1937 4325 in
1950 4278 1995 4322 suo

467 4367 503 4424 ut
531 4360 655 4421 domus.
676 4358 715 4419 Et
741 4357 785 4419 ita
808 4358 869 4421 boc
893 4365 1125 4419 sacramentum
1150 4378 1218 4423 cor·
1273 4365 1406 4420 tractatu
1430 4356 1469 4419 de
1493 4356 1700 4421 Eucharistiae
1724 4371 1917 4425 sacramento
1931 4384 1937 4421 :
1951 4359 1995 4421 flc-

467 4457 553 4541 poris
577 4463 609 4519 et
633 4455 797 4537 sanguinis
822 4454 934 4517 Christi
958 4454 1077 4518 dicitur
1104 4476 1214 4538 unum,
1272 4455 1371 4519 currit
1395 4454 1447 4517 hic
1470 4454 1614 4535 dubium,
1641 4464 1747 4519 utrum
1773 4460 1915 4523 sacerdos
1935 4476 1995 4521 cou-

466 4554 616 4637 quoniam
631 4554 671 4616 ad
686 4572 781 4615 unam
803 4561 836 4615 et
856 4553 1000 4615 eamdem
1022 4554 1213 4635 completam
1271 4573 1399 4617 secrans
1423 4562 1592 4617 concurrat
1615 4555 1718 4618 active
1743 4556 1782 4620 ad
1808 4555 1995 4622 consecratio

465 4652 662 4733 spiritualem
683 4650 824 4713 hominis
850 4649 1057 4713 refectionem
1076 4670 1115 4713 ex
1136 4651 1215 4713 divi·
1270 4653 1391 4715 nissen
1411 4652 1773 4717 transsubstantiationis
1792 4655 1947 4730 effectum
1961 4653 1995 4714 ita

465 4770 506 4812 na
535 4747 731 4810 institutione
756 4756 805 4810 est
827 4747 1007 4810 ordinatum
1034 4771 1041 4809 ε
1068 4748 1214 4812 refectio
1269 4751 1352 4832 quod
1369 4750 1410 4812 sit
1431 4758 1617 4832 cooperator
1631 4750 1685 4814 Dei
1707 4751 1739 4813 in
1761 4761 1834 4817 actu
1856 4750 1995 4817 transsub

464 4866 550 4924 nem,
585 4845 727 4927 inquam,
757 4844 966 4925 spiritualem,
997 4844 1211 4927 significatam
1270 4847 1451 4910 stantiandi.
1482 4848 1695 4928 Respondet:
1722 4849 1798 4914 Dico
1826 4852 1906 4932 quod
1931 4866 1992 4925 non,

464 4965 521 5028 per
541 4942 737 5025 corporalem
756 4942 974 5022 nutritionem,
991 4944 1030 5005 ad
1050 4962 1144 5026 quam
1169 4945 1212 5006 ci·
1267 4945 1342 5026 quia
1357 4944 1664 5009 transsubstantiatio
1677 4955 1727 5009 est
1740 4966 1817 5030 opus
1829 4948 1995 5031 simpliciter

462 5046 521 5108 bus
535 5049 691 5125 potusque
705 5038 885 5121 exiguntur.
900 5040 979 5104 Hinc
994 5042 1034 5104 ad
1049 5041 1212 5123 integrita-
1267 5042 1505 5121 miraculosum,
1522 5042 1677 5105 excedens
1697 5063 1823 5108 omnem
1839 5044 1993 5129 potentiam

459 5149 524 5205 tem
538 5138 727 5202 sacramenti
744 5138 835 5200 istius
851 5158 888 5200 ex
908 5138 1107 5202 institutione
1129 5139 1209 5202 divi·
1266 5148 1481 5203 creaturarum
1504 5140 1550 5203 eis
1570 5140 1636 5221 jam
1658 5144 1929 5208 communicatam.
1950 5142 1993 5203 Sa-

459 5259 501 5302 na
515 5237 652 5320 pertinet
666 5235 786 5318 aliquid
808 5255 866 5317 per
886 5237 1016 5299 modum
1037 5237 1112 5316 cibi,
1132 5247 1207 5319 puta
1265 5239 1377 5301 cerdos
1405 5256 1480 5319 ergo
1509 5238 1542 5299 in
1571 5240 1809 5305 consecratione
1837 5261 1898 5307 non
1930 5258 1992 5304 con·
