4309 6259
798 496 892 543 tubex
914 494 1103 542 autumnus

214 664 374 737 requiritur
389 669 421 723 ut
434 684 481 723 res
494 665 591 739 genita
609 667 645 723 de
660 683 719 723 uon
738 683 800 723 esse
814 668 851 723 ad
866 683 927 724 esse

215 756 345 827 prodeat,
360 757 454 820 4834,
475 758 506 811 Β.
522 788 558 798 -
572 758 611 812 ln*
624 756 809 828 generatione
830 756 930 812 divina

214 848 259 900 est
280 844 425 902 terminus
447 862 466 902 a
486 862 553 917 quo,
569 861 627 901 non
651 862 687 903 ex
711 862 778 919 quo,
793 846 880 909 4836,
895 846 928 910 0,

216 932 246 988 44
266 933 452 1005 generatione
471 934 602 990 humana
621 938 665 990 est
677 935 822 991 terminus
840 951 929 1007 aquo

214 1026 244 1078 et
259 1040 294 1079 ex
310 1038 377 1094 quo,
392 1024 484 1079 4836.

175 1112 357 1168 GENTILES.
373 1112 504 1168 Christus
522 1112 680 1169 Ecclesiam
695 1112 812 1186 collegit
830 1130 865 1169 ex
880 1113 928 1169 Ju-

215 1201 286 1257 daeis
313 1205 340 1257 et
362 1201 529 1274 gentilibus,
549 1203 651 1267 37213’,
672 1201 721 1275 qui
745 1202 929 1273 incompara-

212 1290 312 1346 biliter
325 1290 423 1362 plures
440 1290 477 1346 ad
495 1290 582 1347 iidem
601 1291 732 1347 conversi
749 1294 818 1347 sunt
839 1308 928 1363 quam

211 1379 316 1443 iudai,
331 1380 405 1442 270,
421 1380 497 1444 884),
517 1382 547 1435 et
570 1395 629 1435 non
655 1379 844 1436 crediderunt
866 1380 928 1438 siue

212 1468 349 1525 cautione
363 1468 522 1533 rationum,
538 1468 639 1524 368a'.
657 1470 759 1526 -Per
777 1467 927 1525 sinistrum

211 1558 429 1630 exprimuntur,
445 1558 534 1613 3466.

170 1648 279 1704 GENU.
295 1644 402 1703 Christi
423 1644 488 1702 lorti
508 1647 654 1719 potentie,
670 1664 747 1721 genu
771 1652 929 1706 curvantur

209 1738 322 1801 omnia,
338 1735 473 1799 coelestia
494 1737 651 1799 terrestria,
667 1738 736 1804 236,
753 1738 821 1811 quia
839 1755 929 1811 genu·

210 1828 298 1884 llexio
313 1830 396 1882 actus
410 1829 454 1883 est
468 1826 570 1891 latriae,
585 1828 640 1883 403
650 1828 692 1883 4’.

170 1916 366 1974 chunanus
393 1916 458 1987 (S.).
487 1915 735 1973 Antisiodorensis
766 1918 927 1991 episcopus,

209 2027 225 2059 ε
237 2006 322 2079 Kyrie
337 2005 471 2062 eleison»
487 2006 652 2073 clamando,
664 2007 793 2079 quinque
804 2024 887 2079 reges
896 2006 927 2063 in

207 2097 311 2170 lugam
323 2096 474 2161 convertit,
486 2096 576 2152 3406.
588 2097 724 2169 (tegend.
736 2114 798 2153 aur.
816 2114 840 2152 c.
854 2098 928 2169 402.)

166 2188 281 2245 60834
302 2187 502 2241 Romanorum
522 2186 697 2242 Pontificum
717 2186 759 2258 (id
781 2190 825 2243 est
843 2186 928 2245 Liber

208 2275 388 2333 Pontificalis
413 2292 466 2331 seu
484 2276 557 2330 Vitae
580 2276 662 2331 44444.
687 2277 781 2342 Pont,
805 2280 927 2334 Anasta-

207 2367 253 2421 sio
271 2366 437 2437 adscripta,
453 2364 548 2437 bligne
563 2365 680 2422 Potrol.
701 2365 755 2421 lat.
776 2368 847 2421 tom.
865 2367 926 2433 428,

207 2455 264 2511 444.
279 2456 346 2526 lbi)
359 2454 534 2526 allegantur,
550 2454 643 2509 3444.

169 2545 380 2603 6400084745
405 2545 435 2599 44
455 2544 487 2598 V.
503 2545 532 2598 L.
548 2543 622 2601 obex
646 2547 709 2600 erat
731 2546 768 2600 ad
793 2546 927 2602 sacerdo·

208 2636 296 2700 tium,
312 2634 410 2699 3366,
427 2631 498 2706 quid
513 2631 664 2704 signilicet,
682 2634 782 2688 33613’.

170 2725 306 2781 GLORht
320 2727 364 2780 est
378 2722 457 2779 clara
471 2739 539 2779 cum
559 2723 646 2779 laude
662 2723 774 2788 notitia,
790 2726 819 2781 θῖ
833 2726 926 2795 potest

207 2813 303 2886 accipi
327 2829 380 2885 pro
406 2812 517 2877 laetitia,
542 2803 592 2867 344
603 2813 631 2868 G.
656 2844 689 2855 -
713 2813 866 2877 Quomodo
895 2813 926 2868 iu

208 2904 268 2959 fine
284 2904 463 2975 hymnorum
479 2902 572 2974 gloria
587 2903 644 2959 044
659 2905 784 2974 optetur,
795 2903 869 2966 240,
886 2903 924 2967 6,

207 2993 291 3058 326,
308 3008 400 3064 quum
416 2991 477 3063 ipse
496 2991 534 3046 sit
555 2992 638 3047 Pater
659 2991 796 3063 perennis
815 2991 924 3063 gloriae,

210 3083 310 3146 4466,
329 3085 359 3138 44
381 3080 444 3138 coeli
464 3084 493 3137 et
510 3084 589 3137 terra
608 3080 686 3153 pleni
706 3080 766 3136 sint
783 3081 846 3153 ejus
865 3080 926 3152 glo·

206 3172 263 3238 ria,
279 3172 376 3228 3496.

246 3260 374 3317 «Gloria
389 3260 419 3316 in
439 3260 590 3317 excelsis»
606 3263 750 3333 quantum
771 3261 808 3316 ad
828 3259 925 3332 prima

205 3352 298 3407 verba
316 3351 353 3407 ab
371 3349 484 3422 angelis
503 3352 693 3421 depromptae
711 3352 763 3414 est,
785 3350 862 3407 uude
881 3349 924 3405 di·

208 3442 287 3497 citur
311 3442 443 3513 Hymnus
465 3439 623 3511 angelicus,
648 3439 743 3505 3th;
764 3441 861 3511 quoad
884 3456 926 3495 re·

207 3531 292 3604 liqna
319 3534 417 3587 autem
443 3528 531 3585 variis
559 3528 747 3584 Pontificibus
776 3528 923 3594 tribuitur,

205 3622 301 3687 3444,
316 3622 346 3676 44
367 3634 436 3675 cum
461 3634 571 3690 magua
592 3616 743 3674 devotione
762 3619 925 3674 cantandus

206 3710 366 3771 444342οῐ
375 3710 433 3764 Cur
445 3707 475 3764 in
490 3707 631 3764 luctuosis
645 3706 753 3762 Officiis
762 3706 923 3775 omittatur,

208 3799 313 3855 3t3n’.
328 3829 365 3841 -
379 3798 452 3855 Fuse
465 3796 636 3869 explicatur,
652 3797 731 3851 3446
745 3799 774 3852 θῖ
787 3814 810 3851 4.

169 3888 419 3947 660013464740
435 3887 484 3942 Dei
498 3889 543 3942 est
556 3886 619 3942 laus
633 3902 691 3958 qua
705 3886 866 3941 bonitatem
881 3886 924 3941 di-

206 3978 308 4033 vinam
319 3977 483 4032 secandum
499 3992 528 4031 se
543 3978 572 4031 θῖ
585 3978 703 4046 propter
712 3992 742 4031 se
756 3974 922 4036 laudamus,

207 4069 304 4123 3484.
325 4067 478 4131 Quomodo
497 4066 590 4121 Deum
611 4063 816 4136 glorificemus,
833 4065 922 4119 3420.

206 4188 243 4199 -
258 4156 323 4212 Non
337 4154 443 4227 quaerit
463 4155 537 4210 heus
556 4153 612 4209 nisi
630 4158 760 4210 nostram
781 4152 924 4225 glorifica·

206 4249 321 4304 tionem
340 4246 371 4301 in
391 4262 511 4317 corpore
530 4248 559 4301 et
577 4245 686 4310 anima,
702 4245 793 4300 3900.
809 4275 842 4286 -
862 4246 924 4301 Cas·

206 4339 272 4395 lum
295 4351 468 4408 empyreum
492 4338 535 4390 cat
558 4334 639 4390 locus
658 4350 813 4406 corporum
838 4334 925 4407 glori-

206 4428 375 4488 ficatorum,
394 4425 480 4480 4046.

168 4518 306 4575 660384
320 4515 492 4589 (ordinaria,
508 4531 559 4570 seu
572 4512 726 4570 Walalridi
741 4514 849 4586 Strahi)
858 4513 926 4570 alle·

209 4610 306 4679 gatar,
321 4607 416 4661 3374.

170 4697 306 4762 6004444,
326 4694 419 4751 virtus
440 4693 569 4759 moralis,
591 4692 672 4765 quid,
691 4692 790 4757 antu,
807 4696 836 4748 et
858 4709 927 4765 quo-

210 4786 301 4841 modo
315 4782 431 4840 44444444
444 4799 461 4838 4
476 4782 582 4855 synesi,
598 4782 651 4837 208
660 4785 692 4836 4.

169 4876 304 4932 6044444.
321 4874 393 4929 Vide
406 4872 551 4928 Nicotaus.

168 4963 362 5021 6444004444
376 4962 406 5018 44
421 4960 516 5024 Missa,
532 4960 603 5032 quid
617 4959 768 5032 significet,
784 4960 881 5015 3456.

168 5052 411 5109 6040688444
424 5052 460 5107 44
471 5051 612 5105 thronum
624 5048 788 5105 Salomonis
799 5066 848 5105 sex
860 5065 925 5120 gra·

208 5143 297 5198 dibus
317 5140 539 5203 ascendebatur,
552 5138 592 5194 ita
612 5139 650 5193 ad
671 5137 923 5209 participationem

208 5230 400 5287 Eucharistiae
426 5246 477 5285 sex
511 5226 751 5300 praeparamentis
779 5224 923 5299 gradatim

210 5319 358 5379 distinctis
377 5335 411 5376 ac
429 5334 548 5376 sursum
567 5316 742 5373 ducentibus
761 5320 805 5373 est
827 5332 925 5387 proce-

1671 476 1732 541 623

1019 668 1161 735 dandum,
1176 666 1263 723 4466
1277 670 1306 725 44
1319 684 1342 723 ε.
1358 697 1394 708 -
1406 666 1473 723 'ires
1487 667 1594 739 grndus
1613 663 1734 722 laudan·

1020 756 1096 812 tium
1112 755 1303 828 explicantur,
1318 757 1401 812 4360
1416 758 1445 812 44
1458 774 1482 812 s.

984 845 1097 902 GRAECl
1118 849 1288 903 consecrant
1311 845 1459 909 veraciter,
1476 861 1534 902 nou
1553 848 1651 901 444444
1673 860 1734 900 om-

1020 934 1107 991 nibus
1126 934 1220 991 verbis
1238 934 1363 991 Canonis
1384 937 1505 998 utentes,
1521 935 1608 990 3666.
1628 964 1665 975 -
1685 934 1734 988 lir-

1019 1027 1158 1080 raverunt
1189 1028 1349 1081 asserentes
1382 1023 1530 1080 Christum
1560 1021 1734 1093 anticipasse

1019 1129 1102 1168 esum
1132 1114 1201 1184 agui
1229 1112 1373 1184 paschalis
1401 1129 1452 1185 per
1477 1112 1566 1177 diem,
1593 1112 1633 1167 ita
1656 1112 1734 1183 quod

1020 1204 1125 1273 quarte
1144 1200 1217 1257 seria
1232 1199 1305 1257 lacta
1320 1201 1358 1256 ait
1377 1217 1459 1257 coena
1474 1200 1532 1266 illa,
1546 1201 1637 1257 4280.
1656 1232 1688 1241 -
1702 1199 1733 1253 44

1018 1290 1112 1354 Missa,
1127 1289 1221 1345 tribus
1241 1288 1349 1361 linguis
1364 1287 1490 1345 Ecclesia
1509 1288 1609 1354 utitur,
1626 1289 1734 1353 Graeca,

1018 1378 1167 1443 hebraica,
1184 1378 1294 1441 Latina,
1313 1376 1419 1450 quibus
1434 1378 1468 1433 de
1483 1376 1587 1442 causis,
1604 1376 1693 1433 3406.

984 1468 1122 1523 6444444.
1139 1469 1247 1524 Auctor
1266 1468 1368 1540 gratie
1392 1469 1435 1524 est
1459 1468 1543 1533 Deus,
1558 1467 1629 1531 946,
1647 1466 1733 1531 4476,

1018 1557 1111 1621 3760,
1128 1556 1178 1629 qui
1198 1559 1317 1613 vocatur
1337 1555 1430 1628 gratia
1449 1554 1588 1621 increata,
1609 1554 1652 1611 vel
1674 1571 1735 1628 gra-

1018 1645 1059 1701 tia
1074 1646 1213 1718 gratiane,
1230 1646 1330 1701 38lrt’.
1346 1646 1416 1719 Ejus
1431 1646 1595 1716 subjectum
1616 1647 1660 1701 est
1673 1644 1735 1701 sola

1019 1734 1223 1791 intellectualis
1249 1737 1392 1800 creatura,
1417 1734 1504 1798 3706,
1529 1751 1596 1791 4444
1624 1737 1733 1801 autem,

1015 1824 1183 1897 subjectum
1199 1824 1372 1889 mediatum,
1388 1824 1487 1881 370a'.
1506 1856 1538 1866 -
1554 1824 1653 1880 Gratia
1672 1840 1736 1896 gra-

1019 1918 1082 1969 tum
1108 1912 1217 1971 iaciens
1243 1913 1414 1970 immediate
1438 1914 1550 1985 perlicit
1576 1913 1734 1970 essentiam

1018 2004 1135 2070 animae,
1157 2005 1242 2069 4726,
1259 2005 1349 2067 3744,
1369 2007 1398 2060 44
1419 2021 1484 2060 eam
1510 2004 1591 2076 pouit
1617 2004 1647 2060 iu
1671 2020 1733 2061 esse

1018 2093 1163 2166 spirituali
1178 2097 1206 2150 et
1220 2094 1328 2158 divino,
1346 2094 1438 2159 4634,
1455 2095 1544 2158 4740,
1560 2097 1588 2151 44
1599 2095 1671 2150 tunc
1686 2111 1735 2166 po-

1018 2187 1075 2240 test
1097 2184 1185 2239 homo
1205 2183 1316 2256 aliquid
1336 2182 1484 2240 meritorie
1504 2182 1628 2255 operari,
1646 2184 1732 2251 4746,

1016 2273 1117 2338 6404,
1147 2277 1175 2329 44
1204 2273 1232 2329 44
1262 2276 1360 2329 actum
1394 2273 1534 2330 virtutum
1567 2275 1732 2345 procedere,

1018 2364 1068 2418 474
1078 2362 1110 2418 A·
1123 2380 1129 2417 :
1144 2362 1237 2435 gratia
1251 2362 1330 2419 enim
1350 2362 1528 2435 principium
1548 2366 1591 2419 est
1612 2366 1731 2420 actuum

1018 2451 1245 2517 meritoriorum,
1253 2452 1305 2507 332
1313 2452 1352 2518 0’,
1360 2452 1436 2508 44444
1446 2452 1546 2508 anima
1556 2456 1672 2509 actuum
1684 2468 1734 2509 na·

1016 2540 1168 2606 turollum,
1183 2540 1280 2595 3326.
1295 2541 1434 2605 Quamvis
1449 2558 1509 2598 una
1528 2542 1574 2607 sit,
1590 2542 1731 2599 lavarias

1016 2630 1197 2687 ramiiicatur
1207 2629 1327 2686 virtutes
1336 2632 1364 2686 et
1379 2632 1464 2695 dona,
1478 2632 1565 2699 4740,
1577 2650 1636 2689 444
1647 2634 1730 2706 quasi

1015 2722 1115 2776 causet
1135 2736 1177 2785 ea,
1196 2719 1294 2785 4744’,
1310 2720 1360 2775 sed
1385 2720 1454 2792 quia
1477 2722 1603 2779 naturali
1627 2723 1730 2780 ordine

1017 2809 1155 2882 precedit
1176 2808 1297 2865 virtutes
1320 2812 1348 2866 et
1370 2810 1456 2876 dona,
1474 2811 1523 2866 474
1534 2810 1566 2867 4·
1574 2829 1581 2877 ;
1598 2814 1626 2869 et
1650 2812 1730 2884 prius

1015 2900 1198 2955 ramiircatur
1211 2898 1240 2953 in
1256 2898 1376 2956 virtutes
1385 2900 1572 2972 theologicas,
1584 2902 1689 2958 deiude
1699 2902 1730 2957 in

1016 2988 1225 3045 intellectuales
1242 2993 1271 3045 ct
1284 2988 1314 3043 in
1330 2990 1464 3057 morales,
1483 2991 1578 3058 47443,
1595 2992 1731 3064 deinceps

1017 3080 1046 3136 iu
1071 3080 1149 3133 dona
1170 3081 1198 3135 et
1221 3078 1425 3143 beatitudines,
1448 3080 1544 3145 47443,
1571 3081 1675 3137 ultimo
1701 3082 1730 3137 iu

1015 3168 1137 3233 fructus,
1164 3168 1211 3222 474
1222 3167 1259 3222 6.
1285 3166 1368 3223 illam
1397 3169 1515 3225 babenti
1544 3170 1730 3237 conveniunt,

1015 3260 1179 3314 secundum
1204 3256 1331 3329 aliquem
1356 3258 1491 3329 gradum,
1516 3260 1617 3316 omnia
1644 3263 1729 3327 4444,

1017 3348 1114 3413 4706,
1142 3346 1230 3410 4844,
1257 3347 1358 3411 raca’,
1387 3348 1480 3413 2204,
1500 3350 1602 3415 2240,
1630 3351 1730 3416 2230,
1797 3340 1802 3347 ’

1015 3437 1116 3500 2370,
1132 3452 1197 3508 quae
1225 3436 1255 3491 in
1280 3439 1376 3494 mente
1401 3438 1562 3508 perdurant
1588 3440 1730 3512 quamdiu

1016 3528 1044 3583 et
1067 3525 1131 3597 ipsa
1151 3525 1253 3597 gratia,
1268 3525 1368 3580 2396.
1385 3557 1418 3567 -
1438 3526 1501 3581 Non
1521 3527 1618 3584 delicit
1638 3529 1731 3601 gratia

1015 3616 1045 3670 in
1070 3613 1250 3678 necessariis,
1275 3630 1328 3671 nec
1354 3616 1484 3672 abundat
1507 3615 1536 3671 in
1566 3619 1729 3689 superfluis,

1017 3706 1106 3770 4844,
1122 3704 1174 3758 247
1185 3704 1216 3758 l).
1233 3703 1264 3757 ln
1279 3720 1312 3761 44
1326 3706 1354 3760 44
1368 3721 1420 3776 per
1433 3721 1497 3761 eam
1514 3706 1614 3763 omnia
1629 3724 1730 3779 possu-

1016 3812 1092 3858 mus,
1110 3792 1208 3848 44643.
1230 3792 1329 3849 Gratia
1352 3792 1478 3865 perlecta
1501 3795 1536 3850 de
1560 3794 1637 3851 sacili
1660 3798 1729 3870 agit,

1014 3884 1119 3948 stoue
1135 3883 1185 3939 sed
1206 3882 1295 3939 homo
1316 3883 1410 3956 gratia
1432 3885 1596 3950 destitutus,
1614 3886 1643 3942 in
1668 3904 1731 3945 om·

1015 3991 1051 4030 ne
1076 3971 1188 4028 malum
1213 3976 1255 4028 est
1280 3989 1399 4044 pronus,
1423 3974 1505 4029 3ld'.
1526 4006 1561 4015 -
1584 3978 1731 4048 4434444-

1015 4066 1078 4119 tum
1095 4062 1195 4135 gratia
1209 4062 1335 4118 venialia
1346 4066 1462 4134 peccata
1473 4065 1628 4129 consumit,
1641 4066 1728 4122 3676.

1015 4153 1077 4208 044
1101 4151 1194 4224 gratia
1216 4152 1253 4205 44
1279 4149 1367 4207 aliam
1393 4151 1530 4224 disponit,
1550 4154 1652 4221 531u;
1668 4154 1730 4213 siue

1016 4241 1110 4314 gratia
1122 4258 1190 4297 4444
1205 4243 1321 4313 gratum
1342 4240 1473 4307 iaciente,
1490 4246 1583 4315 potest
1598 4244 1686 4301 homo
1700 4264 1730 4304 se

1014 4331 1051 4385 ad
1067 4329 1161 4402 ipsam
1175 4329 1337 4401 disponere,
1350 4334 1455 4387 etcum
1468 4332 1569 4403 gratia,
1580 4334 1617 4389 ad
1629 4334 1730 4405 gratiae

1015 4419 1188 4491 proiectum,
1204 4420 1295 4475 2700.
1311 4451 1347 4461 -
1362 4421 1535 4477 Perlectiora
1555 4426 1624 4478 suut
1643 4440 1729 4495 opera

1016 4508 1117 4581 gratia
1146 4524 1233 4579 quam
1262 4512 1384 4574 naturae,
1409 4510 1511 4565 22443.
1538 4542 1569 4551 -
1599 4512 1728 4569 Gratiam

1016 4598 1195 4654 habitualem
1211 4599 1430 4669 quodammodo
1450 4600 1596 4658 infinitam
1617 4604 1728 4674 praesti·

1014 4688 1050 4742 tit
1065 4686 1140 4743 [leus
1154 4686 1262 4743 animae
1276 4688 1391 4752 Christi,
1404 4690 1493 4745 3970.
1505 4722 1537 4733 -
1552 4691 1649 4748 Gratia
1664 4710 1728 4765 gra·

1015 4777 1052 4831 tis
1076 4778 1206 4832 4444444
1229 4792 1263 4833 ea
1291 4794 1341 4848 per
1365 4795 1453 4849 quam
1474 4796 1550 4836 uuus
1574 4783 1611 4837 ad
1635 4782 1726 4840 alium

1016 4867 1180 4931 ordinatur,
1210 4868 1394 4938 cooperando
1426 4870 1489 4942 ejus
1519 4871 1615 4936 saluti,
1644 4874 1726 4941 6543,

1019 4956 1106 5020 4840,
1120 4959 1148 5011 44
1162 4955 1224 5012 sine
1239 4956 1357 5013 caritate
1373 4958 1509 5016 exsistere
1524 4964 1625 5031 potest,
1632 4963 1687 5019 224
1695 4964 1726 5021 l).

1051 5045 1217 5101 Gratiarum
1237 5047 1313 5102 actio
1333 5051 1377 5103 est
1395 5048 1458 5103 laus
1477 5049 1534 5105 lleo
1549 5068 1601 5122 pro
1620 5054 1727 5110 bench·

1015 5134 1067 5189 ciis
1082 5133 1218 5199 exhibita,
1235 5135 1325 5200 3484,
1342 5137 1481 5193 orationis
1501 5144 1725 5210 consummatio,

1015 5241 1066 5296 per
1084 5240 1172 5295 quam
1196 5226 1411 5281 omnebonum
1432 5228 1468 5282 ad
1490 5230 1582 5286 Deum
1602 5232 1726 5292 refertur

1014 5316 1100 5387 atque
1124 5315 1161 5370 ad
1180 5313 1365 5388 impetranda
1387 5317 1501 5390 potiora
1520 5322 1661 5379 beneficia
1678 5324 1724 5385 via
