4309 6259
454 462 515 525 558
721 480 760 526 DE
781 479 938 527 rutenio
959 480 997 525 ΕΤ
1018 479 1182 526 ntentrtrtt
1204 479 1319 534 lfARhE,
1342 480 1430 525 tlsnn
1450 480 1494 527 lll.
1518 498 1558 509 -·
1578 480 1648 526 altr.
1672 480 1737 527 xxn

451 648 743 731 imperfectioribus
762 648 951 731 simpliciter
971 658 1003 711 et
1024 649 1200 711 secundnm
1216 648 1241 709 Α
1257 646 1430 729 Evangelio
1445 646 1586 709 Christus
1604 671 1611 709 :
1627 647 1713 711 Beati
1736 646 1866 729 (inquit)
1886 665 1999 728 paupe-
2018 679 2076 723 m

452 766 489 809 ea
508 766 578 828 quas
596 748 733 830 desuper
750 748 857 825 habet,
874 767 908 809 se
928 746 1112 810 inferiorem
1138 746 1202 809 exi·
1256 764 1305 808 res
1327 745 1440 827 spiritu
1454 746 1500 826 (id
1520 754 1568 808 est
1590 746 1739 825 humiles,
1757 753 1870 827 utputa
1891 745 1945 826 qui
1968 748 2050 807 sabl-

453 845 583 908 stimet:
601 845 906 927 scirenamquepar
924 852 974 907 est
993 845 1070 925 quid
1093 844 1200 925 utique
1256 842 1368 925 inopes
1392 850 1498 906 mente
1518 851 1676 925 reputant,
1693 843 1802 925 nilque
1828 842 1995 905 camalinm

453 941 605 1006 divinitus
621 943 713 1006 nobis
728 943 880 1007 donatum
895 953 954 1024 est,
970 964 1011 1006 ne
1032 952 1064 1006 et
1086 944 1201 1025 ingrati
1254 940 1434 1003 inordinate
1454 941 1673 1022 concupiunt),
1690 940 1840 1021 quoniam
1863 941 1995 1022 ipsomm

453 1040 484 1103 id
497 1040 601 1122 ipsum
613 1042 936 1123 perdamus.ldeoque
947 1040 1200 1123 Apostolus:Nos
1256 1044 1303 1099 est
1329 1056 1463 1119 regnum
1487 1039 1652 1101 coelorum.
1675 1038 1817 1119 Denique
1842 1036 1996 1100 humilitas

452 1137 663 1218 (inquit)n0n
679 1139 825 1221 spiritum
841 1139 1061 1221 hujusmundi
1078 1139 1202 1221 accepi·
1256 1136 1343 1197 radix
1368 1144 1417 1198 est
1441 1135 1747 1217 fundamentumque
1773 1135 1947 1211 virtntnm;
1968 1145 1996 1197 et

453 1255 535 1314 mus,
553 1237 608 1298 sed
624 1237 775 1319 Spiritum
791 1237 846 1319 qui
861 1256 898 1299 ex
913 1238 977 1299 Deo
992 1244 1050 1316 est,
1067 1246 1102 1299 ut
1122 1238 1201 1299 scia·
1256 1232 1310 1313 qni
1338 1232 1407 1295 sine
1436 1252 1473 1296 ea
1500 1234 1670 1297 virtutibus
1698 1235 1805 1296 studet
1833 1242 1995 1314 sanctaque

453 1352 524 1395 mus
539 1352 608 1414 quae
623 1354 642 1396 a
656 1334 719 1397 Deo
733 1336 849 1397 donata
864 1342 938 1396 sunt
952 1334 1054 1397 nobis.
1066 1334 1153 1396 Unde
1168 1334 1199 1396 id
1256 1349 1352 1413 opera
1380 1331 1466 1411 colit,
1497 1332 1543 1395 sic
1572 1340 1621 1395 est
1648 1332 1917 1414 quemadmodum
1946 1332 1994 1412 qui

453 1450 565 1493 secure
589 1432 730 1509 enuntio,
755 1432 839 1514 quod
858 1432 954 1514 Virgo
978 1432 1145 1495 benedicta
1167 1452 1200 1495 se
1255 1427 1355 1491 flante
1379 1439 1485 1507 vento,
1511 1430 1544 1492 in
1569 1449 1642 1493 aere
1670 1430 1738 1492 sine
1765 1429 1994 1511 cooperimento

453 1537 525 1611 post
539 1529 697 1592 Christum
719 1529 1030 1607 excellentissimam,
1048 1529 1201 1592 electissi-
1256 1526 1419 1609 pulverem
1434 1536 1549 1609 portat,
1565 1535 1621 1590 ant
1634 1528 1688 1609 qui
1703 1528 1773 1591 sine
1788 1528 1995 1591 sustentaculo

453 1647 537 1689 mam
552 1627 607 1690 liei
628 1636 803 1691 creaturam
825 1628 963 1709 agnovit.
980 1627 1115 1709 Ideoque
1136 1648 1202 1691 ma·
1256 1624 1427 1688 edificium
1456 1626 1562 1689 moliri
1591 1626 1761 1690 desiderat.
1794 1625 2096 1699 humiliemurrnssa.

314 1737 389 1789 aues,
403 1740 437 1781 sa.
451 1725 644 1807 gnanimiter
669 1727 825 1808 loquens:
843 1727 969 1789 Beatam
992 1725 1124 1807 (inquit)
1150 1746 1200 1789 me
1255 1722 1350 1805 igitur
1369 1724 1428 1787 sub
1447 1725 1568 1807 potenti
1589 1744 1685 1788 manu
1704 1726 1769 1787 Dei.
1787 1725 1897 1788 Omnis
1918 1726 2096 1793 animamur

452 1823 560 1886 dicent
584 1843 695 1887 omnes
715 1824 947 1906 generationes
965 1823 1068 1887 Nihilo
1094 1825 1200 1887 minus
1219 1821 1311 1903 Bqni
1341 1841 1374 1885 se
1403 1822 1560 1901 humiliat,
1590 1822 1797 1902 exaltabitur3
1828 1824 1939 1906 etqui
1966 1843 1995 1887 se

452 1922 676 1984 sesecundum
692 1922 723 1985 id
739 1924 822 2003 quod
838 1942 877 1985 ex
891 1942 925 1985 se
940 1929 1008 1984 erat
1018 1922 1199 2000 intendens,
1256 1920 1382 1999 exaltat,
1399 1920 1631 1985 humiliabitur.

450 2020 600 2100 quoniam
616 2040 650 2082 se
666 2021 726 2083 hoc
741 2039 867 2102 quoque
889 2021 983 2084 modo
1006 2019 1200 2083 lucidissime

451 2119 551 2197 novit,
560 2118 741 2182 humillima
755 2118 954 2182 mansitfloc
969 2118 1116 2200 equidem
1132 2119 1200 2181 sine
1518 2186 1527 2207 ἲ

451 2216 642 2280 numilitatis
680 2217 788 2299 unque
827 2218 1119 2299 pseusennes
1155 2217 1200 2280 m
1439 2184 1683 2251 ARUGULUS
1706 2186 1818 2250 XXII·

400 2328 403 2333 ’
452 2332 581 2395 pmrsus
595 2316 753 2396 Pfflhibfll·
771 2316 821 2378 55⁰
836 2333 951 2396 nefflpfl
973 2315 1087 2379 Paulus
1102 2336 1135 2379 ὅθ
1151 2335 1201 2379 ⁰⁰·
1289 2336 1337 2395 De
1349 2336 1529 2394 stabilitate
1542 2354 1598 2393 seu
1611 2336 1796 2393 constantio
1822 2336 1964 2411 Virginis

452 2421 599 2493 terosque
618 2412 733 2475 Christi
747 2414 914 2495 Apostolos
935 2414 1059 2477 cunctis
1079 2416 1201 2477 veraci·
1565 2432 1693 2483 saoctoe.

310 2528 375 2571 nom.
395 2541 437 2580 aa
450 2518 499 2572 ter
516 2509 687 2592 praeferens
704 2535 711 2573 :
728 2511 790 2575 Nos
806 2511 866 2593 ipsi
881 2512 952 2592 (ait)
967 2513 1021 2594 qui
1043 2513 1199 2595 primitias

304 2592 339 2635 ²³·
452 2607 586 2690 Spiritus
610 2610 804 2692 accepimus,
821 2618 853 2673 et
872 2610 932 2691 ipsi
957 2610 1041 2673 intra
1063 2629 1122 2674 nos
1147 2631 1200 2693 ge-
1327 2607 1366 2671 Ul
1380 2616 1528 2672 constans
1547 2618 1596 2672 est
1614 2610 1720 2673 animo
1742 2610 1923 2693 virtuteque
1943 2621 1997 2675 sta-

452 2706 581 2769 mimus.
1258 2607 1426 2808 Obitis,
1453 2706 1551 2770 Deum
1576 2708 1727 2787 imitatur,
1751 2708 1807 2791 qui
1831 2710 1874 2772 ait
1900 2734 1909 2773 ε
1934 2714 1997 2787 Epo
2019 2730 2087 2777 scat

490 2806 700 2883 Praeterea,ad
716 2806 748 2867 id
764 2807 849 2887 quod
863 2816 1024 2888 postremo
1034 2807 1199 2871 inductum
1255 2825 1325 2867 sum
1350 2807 1521 2876 Dominus,
1536 2817 1567 2866 et
1591 2827 1657 2867 non
1681 2817 1802 2869 mutor.
1818 2809 1874 2871 Est
1896 2798 2056 2871 autent*

451 2912 510 2980 est,
534 2904 804 2985 respondendum,
830 2905 982 2985 quoniam
1006 2906 1114 2986 utique
1142 2925 1199 2987 pro
1256 2904 1407 2965 memoria
1430 2904 1546 2966 mentis
1566 2905 1712 2967 humanae
1736 2903 1769 2966 in
1794 2905 1997 2988 Protoplasto

450 3001 532 3079 loco,
550 3010 692 3082 tempore
717 3010 749 3063 et
770 3021 876 3083 causa,
894 3003 1036 3085 proprias
1059 3022 1198 3067 reserare
1219 3006 1325 3069 (Itum
1341 3007 1472 3079 peccalo
1486 3017 1567 3079 vaga
1580 3007 1612 3061 θῑ
1626 2998 1784 3061 instabilis
1806 3000 1900 3081 facit,
1919 3002 1997 3064 ideo

450 3100 583 3161 virtutes
605 3106 777 3181 sanctaque
796 3101 935 3181 pandere
954 3118 1063 3181 opera,
1079 3102 1197 3164 nedum
1254 3116 1316 3177 que
1331 3115 1388 3179 per
1402 3096 1611 3159 constantiam
1627 3095 1741 3179 perfici
1760 3107 1842 3179 eget.
1860 3099 1995 3179 lienique

449 3196 585 3277 licitum,
616 3198 670 3259 sed
700 3198 870 3279 expediens
903 3217 1029 3279 quoque
1062 3198 1195 3261 exsistit.
1255 3193 1322 3257 sine
1338 3194 1506 3257 stabilitate
1521 3193 1620 3257 virtus
1635 3194 1723 3256 nulla
1745 3195 1875 3259 exsistit.
1892 3196 1997 3259 Virtus

450 3293 580 3376 Nempe,
602 3295 727 3376 quoties
751 3315 785 3358 se
810 3314 948 3377 suosque
973 3296 1089 3359 Paulus
1114 3316 1200 3359 com-
1254 3291 1340 3353 euim
1362 3290 1489 3354 habitus
1508 3298 1557 3353 est
1574 3313 1581 3353 :
1599 3310 1693 3374 porro
1718 3292 1843 3356 habitus
1867 3294 1997 3374 qualitas

295 3409 436 3462 reema.
450 3393 600 3454 mandati
627 3392 750 3455 Etenim
779 3392 918 3455 vicissim
946 3416 953 3454 :
979 3394 1199 3456 Abundantius
1255 3398 1304 3451 est
1326 3389 1476 3452 radicata.

292 3490 599 3560 rrrsm.1v.r.omnibus
613 3490 742 3571 (inquit)
762 3490 924 3569 labomvi3
941 3499 973 3553 et
994 3492 1099 3555 denuo
1117 3515 1124 3554 ι
1141 3492 1199 3554 Βο-
1296 3488 1457 3565 Praeterea,
1488 3494 1612 3551 constat
1642 3488 1720 3569 quia
1751 3488 1881 3551 feminei
1912 3510 1999 3553 sexus

448 3609 526 3651 num
541 3590 680 3669 (asserit)
695 3599 856 3652 certamen
877 3590 1016 3669 certari;
1032 3591 1171 3672 itemque
1188 3615 1196 3654 ε
1256 3584 1394 3648 conditio
1410 3586 1586 3647 secundum
1600 3595 1746 3647 naturam
1760 3586 1889 3667 quidem
1908 3588 2001 3670 fragi-

319 3696 422 3753 Ptt‘ttm·
449 3687 546 3770 Cupio
567 3686 699 3751 dissolvi
716 3696 748 3750 et
770 3707 839 3751 esse
861 3708 934 3751 cnm
956 3688 1089 3751 Christo.
1107 3688 1200 3752 lieni·
1256 3683 1294 3746 lis
1310 3691 1465 3764 astatque
1485 3682 1655 3747 instabilis.
1672 3683 1782 3766 lgitur,
1796 3686 1950 3767 quoniam
1971 3688 2000 3748 in

302 3772 318 3810 ¹*
333 3760 367 3801 ²³·
449 3804 522 3866 que,
538 3805 637 3867 quum
658 3806 692 3848 se
714 3786 903 3849 sanctissimi
928 3795 1023 3867 atque
1046 3788 1197 3869 praecipui
1256 3781 1421 3846 benedicta
1448 3789 1480 3844 et
1506 3782 1627 3844 illibata
1654 3782 1760 3861 illaria,
1788 3802 1826 3847 ea
1853 3804 1925 3867 quae
1949 3805 2002 3868 per

448 3884 586 3946 humiles
605 3892 730 3962 vocant,
747 3902 812 3947 non
836 3903 894 3965 ego
915 3884 1029 3966 opinor
1052 3886 1137 3965 quod
1164 3905 1198 3948 so
1255 3888 1399 3941 naturam
1415 3878 1737 3961 imperfectioraesse
1752 3880 1924 3962 dehebant,
1939 3902 2001 3944 atn-

448 3982 636 4043 humilitatis
661 3982 776 4045 virtute
800 3982 946 4063 praeditos
965 3981 1127 4045 insinuare
1151 3982 1199 4045 in·
1255 3975 1347 4059 pliori
1362 3975 1470 4058 utique
1484 3975 1586 4059 gloria
1600 3976 1797 4041 circumdala
1812 3988 1896 4059 sunt,
1913 3980 2002 4044 inno

447 4079 628 4158 tenderint;
645 4081 699 4142 sed
715 4080 747 4142 id
769 4080 868 4161 magis
892 4098 973 4159 reor,
989 4081 1074 4161 quod
1096 4080 1198 4143 humi·
1256 4074 1347 4138 tescit
1376 4074 1451 4156 quia
1481 4074 1633 4156 preclara
1668 4094 1799 4157 pmrsus
1833 4077 2000 4139 stabilitate

447 4177 494 4241 les
509 4198 542 4241 se
557 4178 712 4257 dicentes,
729 4197 843 4261 parvos
859 4178 1064 4260 modicosque
1080 4198 1113 4241 se
1130 4179 1198 4244 fore
1215 4178 1240 4240 l)
1255 4173 1323 4255 ipsa
1349 4172 1524 4254 constipata
1543 4174 1757 4254 adornatasque
1776 4173 1826 4237 sit.
1848 4175 1999 4257 lienique,

448 4276 654 4357 signaverint.
1255 4270 1408 4334 stabilitas
1443 4290 1482 4335 ex
1514 4272 1667 4353 sapientia
1696 4280 1814 4336 manat.
1845 4274 1999 4356 Sapientis

487 4374 533 4435 Tu
553 4373 660 4455 igitur,
677 4373 702 4436 si
721 4373 848 4436 Mariam
868 4373 986 4455 diligis,
1003 4373 1029 4436 si
1048 4394 1118 4437 eam
1145 4395 1197 4439 ve·
1253 4387 1390 4450 namque
1410 4378 1458 4432 est
1482 4370 1640 4450 ordinare,
1656 4378 1688 4434 et
1712 4370 1914 4436 uniformiter
1933 4392 1999 4435 esse

446 4472 551 4535 nerari
567 4472 758 4554 laudareque
777 4472 878 4553 cupis,
895 4471 1105 4535 humilitatem
1127 4474 1196 4554 ejus
1253 4487 1289 4531 δῦ
1308 4486 1413 4551 &gete-
1429 4468 1700 4543 Quemadmodum
1720 4488 1796 4551 01'80
1810 4472 1920 4534 ὣῑθῐῐὶὶ
1935 4490 1999 4535 om-

301 4584 431 4637 nesne.
447 4570 573 4651 assequi
588 4572 690 4633 stude.
709 4571 791 4633 Deus
806 4588 944 4651 namque
958 4570 1104 4652 superbis
1121 4572 1196 4634 resi·
1252 4568 1486 4650 nipotentisque
1521 4568 1576 4631 Dei
1608 4568 1705 4632 lfater
1737 4570 1997 4651 superbenedicta

446 4669 510 4748 stit,
538 4677 570 4731 et
598 4667 773 4730 humilibus
797 4668 851 4731 dat
878 4668 1023 4749 gratiam,
1045 4671 1196 4750 quemad·
1252 4666 1483 4747 sapientissima
1497 4674 1575 4746 erat,
1592 4666 1639 4729 sic
1653 4686 1779 4748 quoque
1799 4678 1831 4731 et
1851 4678 1998 4733 constan·

447 4767 577 4831 modum
600 4767 640 4829 ad
664 4766 738 4829 Saul
769 4785 830 4830 vox
857 4766 967 4828 divina
990 4768 1192 4831 edisseruit:
1251 4765 1371 4827 tissima
1385 4764 1455 4828 fuit.
1472 4765 1627 4847 Amplius,
1638 4766 1694 4849 qui
1710 4766 1822 4829 rationi
1838 4767 1994 4847 innititur,

311 4880 384 4935 tneo.
398 4892 432 4931 xv.
445 4864 547 4939 Quum
561 4882 649 4927 esses
664 4882 781 4945 parvus
797 4863 829 4925 in
845 4863 947 4926 oculis
962 4863 1037 4943 tuis,
1050 4874 1146 4946 caput
1161 4865 1193 4927 in
1251 4864 1372 4926 stabilis
1396 4872 1465 4942 ost;
1489 4863 1544 4945 qui
1568 4873 1674 4927 autem
1698 4865 1901 4947 passionibus
1929 4866 1996 4929 suis

298 4946 332 4995 ¹⁷³
345 4944 379 4985 ²³·
445 4962 541 5025 lsrael
556 4962 660 5025 factus
674 4981 727 5040 es;
743 4980 829 5023 nunc
844 4961 996 5043 quoniam
1011 4964 1192 5045 superbisti,
1250 4963 1471 5042 substernitur,
1478 4963 1605 5025 mobilis
1620 4972 1668 5027 est
1682 4972 1775 5044 atque
1790 4964 1993 5028 inconstans:

446 5059 552 5142 sprevi
569 5066 610 5120 te.
626 5058 700 5121 Ideo
715 5078 772 5140 per
785 5059 897 5121 lsaiam
918 5059 1007 5122 Pater
1028 5060 1166 5125 coelestis
1183 5084 1190 5123 :
1250 5061 1466 5143 intelligentia
1481 5060 1566 5125 enim
1581 5062 1689 5125 lumen
1706 5062 1900 5145 rationisque
1921 5084 1996 5127 cen-

307 5174 432 5231 sariam
446 5159 548 5240 Super
560 5175 655 5238 quem
670 5156 740 5238 (ait)
751 5156 928 5237 requiescet
942 5157 1073 5240 spiritus
1088 5178 1189 5239 meus,
1248 5179 1355 5223 suram
1369 5160 1533 5241 passiones
1553 5159 1772 5223 obtenebrant.
1789 5162 1900 5243 igitur,
1916 5182 1996 5244 quo-

298 5238 507 5321 ¹⁵⁵”¹'¹’¹’nisi
536 5275 631 5339 super
658 5255 801 5338 quietum
829 5263 861 5319 et
888 5255 1064 5320 humilemt
1091 5258 1130 5321 Et
1157 5258 1190 5321 in
1247 5257 1334 5320 niam
1362 5257 1534 5321 moralibus
1561 5266 1629 5321 erat
1659 5258 1757 5321 blaria
1789 5260 1995 5342 resplendens
