4309 6259
291 500 332 547 ua
353 500 554 549 sacuauauro
574 502 704 549 aaronis
724 502 763 549 ar
781 504 881 551 urssar
902 502 1130 552 cumemrrouu
1151 504 1310 553 nrumuus.
1333 522 1374 535 -
1393 502 1463 551 aar.
1486 502 1528 550 xx
1626 482 1682 548 ltt

147 671 342 737 convenienti
364 695 371 734 :
392 672 474 736 Deus
494 680 600 736 autem
622 673 925 738 convenientissi-rl

146 791 228 835 mum
241 779 290 834 est
303 771 466 855 objectum
479 796 487 850 ;
503 772 685 836 intellectus
706 792 832 855 quoque
854 782 886 837 et
1139 734 1383 801 ARTICULUS
1405 733 1483 798 XX‘

146 870 296 947 voluutas,
312 869 429 950 quibus
449 869 479 932 ei
500 870 718 952 conjungeris,
739 880 814 934 suut
834 892 886 933 su·
1068 885 1116 943 De
1142 884 1306 961 aspectibus
1334 882 1552 943 Sacramenci.

145 988 255 1051 premar
278 968 364 1031 vires
388 969 513 1031 animae.
538 970 693 1033 ludirecte
717 978 823 1055 tamen
847 989 885 1033 ac

145 1067 326 1131 secundario
349 1076 381 1129 et
404 1087 462 1149 per
487 1068 647 1146 accidens,
674 1069 885 1132 consideratio
980 1071 1126 1132 Vaurrus.
1156 1106 1196 1115 —
1224 1068 1366 1132 Breviter
1400 1068 1459 1131 tibi
1494 1068 1571 1148 dixi,
1601 1069 1685 1150 quod
1699 1092 1777 1134 rm.

145 1166 292 1229 bonitum
307 1166 428 1228 infiniti
447 1174 479 1229 et
500 1166 815 1249 superamabilissimi
824 1186 886 1251 pe-
939 1168 1095 1249 quidquid
1110 1166 1176 1247 agit
1196 1166 1369 1248 corporalis
1390 1166 1542 1229 alimonia
1564 1165 1596 1228 iu
1619 1184 1688 1229 cor-

145 1264 184 1326 rit
195 1282 374 1341 moerorem,
386 1264 547 1342 ruborem,
557 1265 712 1343 dolorem,
726 1265 883 1346 timorem,
939 1284 1016 1347 pere
1045 1265 1124 1345 aliti,
1150 1266 1211 1328 boc
1237 1264 1444 1343 Eucharistia,
1470 1270 1624 1345 quantum
1653 1262 1686 1326 in

145 1361 392 1425 vulnerationem
410 1369 505 1444 atque
524 1362 722 1443 languorem,
738 1364 772 1425 in
785 1382 885 1445 quau·
940 1383 975 1425 se
989 1371 1049 1443 est,
1061 1371 1210 1444 operatur
1224 1362 1256 1425 in
1272 1362 1378 1425 anima
1393 1361 1661 1424 communicantis
1678 1382 1685 1421 :

144 1470 206 1523 tum
221 1460 470 1541 apprehenditur
483 1469 519 1523 ut
531 1461 639 1543 potius
653 1462 756 1523 adbuc
771 1461 886 1524 absens
941 1461 1025 1543 quod
1049 1480 1136 1524 nuuc
1161 1460 1255 1523 letius
1280 1460 1440 1542 explanari
1463 1459 1620 1542 deposcis.
1644 1460 1687 1521 De

143 1576 232 1638 quam
246 1576 398 1638 presens,
411 1566 442 1619 et
456 1565 491 1619 ut
504 1560 647 1620 nondum
660 1559 810 1640 adeptum
825 1578 885 1622 uec
940 1559 991 1621 his
1019 1566 1125 1621 autem
1153 1557 1323 1621 effectibus
1351 1558 1458 1639 plures
1483 1558 1583 1619 multa
1612 1558 1689 1619 scri-

142 1656 242 1718 visum
262 1675 322 1737 per
344 1656 497 1738 speciem,
516 1657 622 1719 denuo
646 1666 681 1719 ut
703 1656 831 1720 intuens
855 1666 887 1719 et
941 1663 1083 1739 pserunt,
1114 1674 1150 1717 ac
1178 1656 1333 1737 plurimos
1368 1656 1557 1718 sacramenti
1592 1655 1689 1736 hujus

142 1772 334 1834 cognoscens
357 1754 464 1817 omnia
491 1754 574 1816 mala
600 1762 664 1833 tua,
684 1762 717 1817 et
739 1762 774 1816 ut
797 1756 887 1817 terri-
941 1755 1076 1819 effectus
1091 1754 1347 1835 assignaverunt,
1365 1753 1419 1816 sed
1435 1754 1593 1816 sententia
1608 1753 1691 1816 redit

142 1852 211 1913 bilis
242 1851 352 1932 juder,
382 1852 427 1913 nil
457 1852 533 1914 mali
562 1852 758 1935 impunitum
791 1853 887 1915 relin-
904 1860 928 1921 Β
942 1854 973 1915 iu
990 1854 1087 1931 idem,
1104 1851 1303 1932 effectusque
1318 1852 1364 1914 illi
1380 1852 1419 1914 ad
1434 1852 1589 1933 quosdam
1604 1851 1690 1934 prin-

141 1968 237 2029 queus
253 1973 261 2012 z
280 1950 328 2013 sic
341 1950 428 2012 enim
449 1950 662 2014 consideratio
684 1950 755 2032 ejus
770 1951 888 2032 ingerit
942 1952 1062 2034 cipafes
1084 1952 1272 2033 compendio
1294 1950 1499 2013 reducuntur.

141 2048 194 2109 tibi
222 2048 261 2111 de
292 2046 356 2109 tuis
383 2048 527 2125 malitiis,
556 2057 589 2112 et
616 2068 674 2110 sua
702 2049 884 2126 intuitione,
981 2051 1100 2131 ltaque,
1117 2048 1199 2111 siout
1213 2065 1385 2131 corporeus
1405 2048 1495 2110 cibus
1514 2065 1578 2111 nou
1597 2048 1690 2110 datur

141 2144 415 2227 presentiaatque
428 2146 563 2226 justitia,
579 2146 832 2209 erubescentiam
849 2166 886 2210 ac
942 2167 1001 2210 nec
1026 2147 1156 2229 prodest
1180 2145 1242 2207 uisi
1267 2146 1400 2224 viventi,
1425 2144 1610 2207 famescenti
1635 2152 1690 2207 aut

141 2243 321 2320 borrorem;
336 2251 368 2305 et
387 2243 421 2305 in
440 2252 594 2324 quantum
613 2245 755 2307 noudum
770 2244 886 2307 frueris
942 2244 1096 2327 indigenti
1111 2266 1119 2320 3
1136 2244 1180 2306 sio
1202 2251 1435 2305 sacramentum
1454 2242 1527 2321 hoc,
1544 2244 1628 2323 quod
1648 2244 1690 2305 ci-

141 2350 223 2403 tuuto
237 2341 335 2417 boue,
352 2349 383 2403 et
403 2341 711 2403 desideratissimum
725 2361 763 2405 ac
778 2362 886 2425 super·
942 2346 1001 2407 bus
1024 2352 1072 2406 est
1097 2342 1221 2421 anime,
1243 2360 1307 2405 uon
1332 2342 1393 2403 nisi
1416 2341 1621 2423 spiritualiter
1644 2341 1691 2404 vi-

140 2439 379 2501 dilectissimum
394 2439 515 2502 bonum
537 2439 615 2501 illud
638 2440 780 2503 noudum
802 2441 886 2503 clare
942 2441 1041 2520 venti,
1051 2440 1220 2522 ipsumque
1235 2438 1388 2521 cupienti,
1402 2447 1449 2501 est
1464 2440 1689 2521 porrigendum

141 2537 225 2599 vides
238 2546 274 2599 ut
290 2536 393 2619 cupis,
410 2556 470 2600 uec
492 2537 596 2618 ipsum
619 2546 684 2599 tam
705 2546 887 2601 reverenter
943 2560 998 2602 seu
1027 2536 1187 2601 convenit.
1217 2537 1463 2600 considerantur
1495 2538 1623 2600 demum
1658 2538 1690 2598 in

140 2635 341 2717 perfecteque
359 2635 439 2698 colis
458 2644 494 2697 ut
515 2636 607 2699 decet
625 2645 656 2699 et
675 2636 821 2716 affectas,
844 2636 887 2697 ita
942 2638 1003 2698 boc
1018 2642 1217 2697 sacramento
1239 2641 1302 2695 tum
1318 2633 1422 2715 ipsum
1445 2642 1688 2713 sacramentum,

141 2733 265 2796 dilectio
290 2734 362 2814 ejus
385 2742 494 2796 causat
518 2734 551 2795 iu
576 2742 606 2796 te
627 2734 800 2812 tristitiam,
822 2734 887 2797 imo
943 2734 1026 2816 quod
1051 2732 1227 2795 secuudum
1250 2750 1350 2793 uuum
1374 2732 1502 2794 modum
1526 2731 1690 2812 loquendi,

141 2838 171 2891 et
192 2829 395 2892 vehementia
422 2828 572 2892 desiderii
600 2848 638 2891 ex
662 2830 814 2893 dilatione
839 2830 887 2891 iu·
943 2838 991 2894 est
1015 2849 1130 2912 corpus
1154 2828 1361 2909 dominicum,
1384 2848 1478 2911 quam
1503 2850 1553 2892 res
1578 2829 1690 2911 ipsius,

141 2927 225 2989 ducit
238 2927 426 3008 languorem
441 2946 478 2990 ac
498 2927 761 3005 vulnerationem,
778 2947 888 3010 quern·
942 2947 1013 3010 quae
1036 2936 1085 2991 est
1106 2928 1220 2990 caritas
1240 2934 1272 2990 θῖ
1292 2935 1381 2989 actus
1403 2947 1458 2989 seu
1481 2927 1693 2991 inflammatio

48 3048 128 3092 aner.
141 3026 308 3088 admodum
334 3024 444 3107 psallis
465 3049 472 3086 :
493 3024 601 3087 Sitivit
624 3026 732 3087 anima
753 3046 823 3088 mea
846 3027 886 3088 ad
902 3027 924 3091 C
942 3026 1034 3108 ejus3
1051 3034 1083 3089 et
1104 3046 1141 3088 ex
1163 3034 1295 3106 utroque
1317 3025 1412 3087 babet
1433 3026 1493 3089 boc
1516 3044 1694 3089 sacramen-

141 3122 235 3184 Deum
259 3122 388 3199 fortem,
409 3121 540 3200 vivum,
561 3124 687 3203 quando
709 3124 835 3185 veniam
856 3133 889 3186 et
944 3135 1010 3187 tum
1038 3123 1219 3187 efficaciam
1250 3131 1282 3185 ct
1314 3124 1462 3187 virtutem
1497 3124 1628 3187 tollendi
1662 3132 1694 3187 et

140 3220 299 3302 apparebo
317 3230 391 3283 ante
410 3219 527 3281 faciem
550 3220 627 3282 licit
648 3220 786 3283 Fuerunt
809 3221 886 3283 mibi
942 3222 1124 3286 remittendi
1150 3221 1289 3284 venialia
1315 3230 1456 3303 peccata.
1480 3222 1582 3297 Quum
1606 3222 1692 3285 enim

141 3318 275 3381 lacrimae
299 3336 377 3381 merc
398 3337 497 3399 panes
518 3317 571 3379 die
591 3337 628 3380 ac
650 3326 756 3397 nocte,
772 3328 832 3382 etc.
849 3319 887 3380 lit
943 3321 984 3384 sit
1012 3320 1125 3383 animae
1153 3320 1257 3397 cibus,
1285 3327 1440 3382 restaurat
1468 3320 1500 3381 in
1525 3320 1633 3383 anima
1661 3320 1693 3383 id

48 3441 127 3484 aas.
140 3417 241 3479 denuo
267 3440 276 3479 ε
305 3416 372 3479 Heu
396 3414 488 3494 mibi,
511 3416 588 3496 quia
615 3416 772 3480 incolatus
796 3437 886 3481 meus
943 3420 1027 3502 quod
1043 3419 1075 3481 in
1096 3438 1134 3481 ea
1154 3418 1240 3481 omni
1262 3418 1313 3480 die
1333 3418 1516 3499 deperditur
1530 3438 1568 3481 ex
1589 3404 1693 3482 calore

140 3515 345 3596 prolongatus
368 3522 426 3577 cst.
452 3513 595 3591 luterim,
622 3514 772 3594 quoniam
797 3524 885 3578 actus
944 3515 1213 3598 concupiscentiae
1233 3514 1386 3577 naturalis
1408 3514 1605 3595 aliorumque
1625 3517 1694 3577 vul-

140 3612 236 3675 latriae
264 3612 386 3676 directe
414 3610 500 3673 circa
528 3611 627 3673 Deum
655 3622 822 3675 versantur
854 3622 887 3675 et
944 3634 1057 3677 uerum
1085 3633 1123 3676 cx
1150 3612 1298 3693 originali
1327 3621 1457 3694 peccato
1482 3611 1691 3695 inflictorum,

140 3710 323 3773 excellentis
337 3718 412 3771 sunt
425 3708 602 3791 dignitatis,
618 3708 739 3773 idcirco
753 3710 785 3771 in
808 3710 886 3792 ipsis
944 3732 1001 3776 seu
1023 3710 1154 3790 fomitis,
1171 3709 1321 3772 videlicet
1342 3710 1540 3791 ignorantiae,
1564 3710 1692 3773 malitiae

139 3808 352 3871 communiter
365 3828 403 3871 ac
423 3808 542 3870 directe
560 3808 691 3889 grandis
713 3810 887 3872 consolatio
943 3830 999 3873 seu
1029 3808 1193 3891 pronitatis
1228 3809 1266 3869 ad
1295 3808 1389 3887 mala,
1419 3816 1450 3870 θῖ
1482 3806 1691 3887 infirmitatis,

139 3906 349 3989 alacritasque
372 3905 529 3969 consistit.
552 3906 684 3988 Propter
708 3906 791 3986 quod
813 3925 887 3987 apo·
943 3906 1210 3989 quemadmodum
1233 3905 1324 3968 cibus
1346 3924 1516 3988 corporeus
1538 3914 1694 3969 restauret

48 4018 126 4069 aare.
139 4006 234 4067 stolus
252 4004 391 4069 lacobus
410 4003 549 4067 consulit
566 4024 604 4067 ac
628 4005 772 4067 bortatur
792 4028 800 4067 ε
821 4005 887 4067 'fri-
944 4008 977 4067 in
993 4024 1124 4086 corpore
1147 4004 1345 4086 deperditum
1367 4023 1405 4065 ex
1424 4006 1559 4067 naturali
1575 4005 1689 4069 calore.

140 4110 236 4164 statur
253 4100 374 4183 aliquis
393 4103 556 4163 vestruml
571 4108 639 4164 oret
657 4120 747 4182 aequo
766 4102 884 4182 auimo,
943 4103 1125 4185 Deperditio
1150 4120 1225 4165 vero
1250 4102 1283 4163 iu
1309 4102 1416 4165 anima
1443 4121 1482 4165 ex
1506 4104 1692 4167 vulneribus

55 4218 126 4263 tear.
139 4209 169 4263 et
183 4202 312 4283 psallat.
327 4198 591 4280 Psalmographus
610 4218 737 4283 quoque
753 4220 761 4258 ε
777 4199 886 4261 Exsul·
905 4203 1008 4265 llillis
1032 4221 1069 4264 ac
1095 4201 1216 4279 fomite,
1240 4209 1288 4264 est
1312 4200 1486 4263 venialium
1508 4203 1692 4284 quotidiana

139 4300 249 4363 tabunt
262 4298 395 4380 (iuquit)
410 4297 493 4359 labia
511 4316 583 4359 mea
596 4317 694 4379 quum
716 4306 886 4362 cantavero
943 4299 1135 4381 frequentia,
1159 4318 1214 4361 seu
1240 4298 1408 4361 minoratio
1431 4298 1566 4363 fervoris
1592 4300 1691 4383 ipsius

53 4416 126 4462 aare.
140 4398 216 4475 tibi3
236 4407 269 4461 et
288 4416 399 4459 rursus
420 4419 427 4457 ε
448 4396 494 4458 Ad
518 4397 624 4477 ipsum
649 4414 703 4459 ore
728 4415 800 4461 meo
824 4398 887 4460 cla·
944 4397 1084 4461 caritatis
1110 4404 1202 4479 atque
1231 4396 1348 4477 vigoris
1377 4397 1512 4458 aliarum
1539 4398 1689 4461 virtutum

139 4498 232 4575 mavi,
249 4504 283 4560 et
304 4493 459 4559 exsultavi
481 4494 540 4557 sub
560 4496 670 4577 lingua
689 4515 770 4558 mea.
943 4516 981 4559 ex
1002 4494 1181 4559 venialibus
1206 4494 1269 4556 illis
1294 4494 1493 4575 contingens.
1515 4495 1593 4558 lliuc
1615 4496 1690 4559 huic

175 4596 397 4659 Sacranos-
410 4593 454 4655 De
468 4592 562 4671 bis,o
576 4593 699 4655 Veritas
713 4594 884 4672 adoranda,
943 4593 1096 4676 competit
1115 4599 1312 4655 sacramento
1331 4591 1471 4654 venialia
1491 4592 1560 4674 ipsa
1583 4594 1691 4656 remit-

136 4712 186 4756 me
210 4692 358 4776 piissime
383 4690 572 4769 instmxisti,
598 4699 630 4753 ct
652 4690 788 4773 qualiter
811 4699 885 4753 aute
943 4700 1009 4755 tere
1032 4710 1069 4753 ac
1098 4690 1214 4753 delere.
1237 4690 1367 4767 RursuS,
1389 4708 1487 4769 quum
1514 4709 1563 4753 res
1588 4710 1690 4754 sacra-

137 4791 396 4868 celebrationem,
412 4790 446 4851 in
467 4808 505 4851 ea
525 4798 558 4850 ct
578 4796 649 4870 post
669 4808 739 4851 eam
761 4808 812 4851 me
831 4790 886 4851 ba·
942 4790 1042 4852 menti
1057 4788 1154 4869 hujus
1170 4787 1211 4849 sit
1225 4786 1338 4849 caritas
1353 4794 1384 4849 et
1398 4787 1580 4851 exercitatio
1591 4793 1604 4817 ²
1619 4790 1689 4871 ejus
1704 4807 1819 4851 arenae

136 4889 208 4953 bere
242 4890 391 4966 debeam,
425 4886 655 4970 gratiosissime
691 4884 882 4949 informasti.
942 4888 975 4951 in
1000 4885 1214 4950 celebratione
1239 4903 1276 4947 ac
1302 4885 1611 4965 communicatione,
1639 4908 1690 4951 ca·

136 4986 223 5050 Nunc
251 4988 293 5050 de
328 4985 498 5050 effectibus
533 4984 884 5067 superpraestantissimi
942 4986 1017 5048 ritas
1041 4994 1147 5047 autem
1172 4984 1292 5066 operiat
1316 4983 1554 5047 multitudinem
1579 5002 1838 5066 pecca-venene.

136 5085 332 5148 Sacramenti
348 5082 443 5165 cupio
461 5083 587 5164 plenius
609 5082 735 5146 edoceri
754 5104 761 5143 :
778 5082 885 5165 aliqua
941 5092 1045 5147 torum
1059 5083 1245 5161 venialium,
1261 5082 1394 5162 ejusque
1411 5080 1622 5145 inflammatio
1637 5102 1690 5146 ve-

48 5218 122 5253 ae.
136 5184 263 5263 quidem
279 5184 357 5246 iude
370 5183 436 5264 jam
455 5181 649 5262 expressisti,
665 5182 720 5245 sed
742 5182 782 5245 de
797 5190 884 5245 tauta
941 5182 1040 5244 uialia
1060 5182 1129 5264 ipsa
1154 5188 1320 5243 consumat
1346 5188 1380 5242 ut
1400 5180 1549 5262 stipulam
1572 5180 1655 5263 iguis
1679 5205 1685 5243 :

136 5302 168 5345 rc
188 5281 344 5346 diffusius
364 5282 518 5363 deprecor
538 5280 663 5344 instrui.
943 5288 1066 5344 constat
1079 5279 1163 5361 quod
1179 5299 1216 5341 ex
1230 5287 1363 5361 utroque
1383 5277 1522 5341 venialia
1540 5279 1640 5359 tollat,
1657 5288 1688 5344 et
