4309 6259
295 504 335 551 ns
355 503 556 551 sseaaurrrro
577 504 706 551 acrasrs
726 504 764 549 rr
783 504 881 550 ursan
901 502 1128 551 eruraaurroan
1150 506 1308 555 orauoous.
1332 526 1371 537 -
1392 507 1461 554 aar.
1485 502 1527 553 xx
1627 491 1686 554 tre

142 674 284 755 speciali,
301 674 328 736 si
349 683 529 738 occurreret
544 695 608 738 suae
627 672 787 738 memoria
804 697 812 735 ι
828 673 890 737 sic·
904 673 930 736 Α
946 674 1005 737 otis
1028 692 1086 756 pro
1111 674 1226 757 quibus
1253 675 1398 755 ollertur,
1426 677 1451 740 si
1480 694 1544 741 non
1569 677 1693 741 obicem

141 789 204 852 que
224 782 459 836 sacramentum
483 775 555 853 hoc,
576 782 625 836 est
645 773 767 836 ablutio
791 773 890 835 scele—
945 780 1066 852 ponant
1083 796 1089 835 :
1107 774 1172 837 imo
1187 773 1233 837 sic
1247 775 1377 857 prodest
1391 775 1474 839 vivis
1489 795 1525 838 ac
1548 776 1693 854 mortuis,

142 889 213 931 rum
228 888 363 951 quorum
377 871 607 934 conscientiam
622 879 694 952 post
704 870 890 951 diligentem
946 878 978 933 et
1004 870 1154 934 omuibus
1182 890 1239 953 pro
1268 873 1384 954 quibus
1412 872 1445 935 in
1480 874 1695 937 celebratione

143 966 347 1029 conscientiae
361 967 627 1030 examinationem
643 968 738 1031 homo
752 985 816 1031 nou
837 966 892 1029 ha·
945 976 1054 1030 oratur
1074 977 1107 1031 et
1127 968 1320 1032 immolatur.

38 1090 56 1128 ·.
75 1096 129 1132 aaa,
143 1064 208 1142 bet,
224 1064 308 1126 sicut
320 1072 437 1142 oratur,
454 1066 502 1127 Ab
515 1065 651 1128 occultis
671 1065 752 1127 meis
771 1065 891 1126 munda
986 1067 1155 1130 Sacranos.
1172 1102 1212 1113 —
1226 1067 1274 1129 An
1296 1068 1434 1131 venialia
1454 1068 1630 1149 impediant
1649 1088 1697 1131 sa-

38 1181 40 1191 ·
143 1181 207 1239 me,
224 1162 373 1238 Domine3
389 1163 440 1225 vel
461 1172 496 1224 ut
520 1163 668 1227 contritio
692 1162 787 1226 modo
812 1181 892 1245 prae-
946 1164 1099 1226 crementi
1122 1164 1218 1245 hujus
1240 1164 1417 1228 ellectuml

142 1268 228 1322 tacto
249 1260 447 1342 perficiatur.
986 1262 1133 1325 Ventris.
1149 1262 1235 1324 -Si
1258 1263 1329 1344 quis
1352 1282 1416 1327 nou
1439 1263 1541 1327 solum
1556 1266 1595 1327 de
1617 1284 1697 1347 prae-

181 1358 353 1421 Saosnoos.
368 1394 410 1404 —
428 1358 530 1432 Quum
552 1366 639 1420 tanta
660 1359 700 1420 sit
721 1358 821 1420 virtus
843 1377 892 1419 sa·
947 1359 1048 1421 teritis
1071 1360 1258 1423 mortalibus
1284 1361 1371 1423 vitiis
1396 1362 1618 1443 necessariam,
1640 1363 1694 1425 sed

141 1456 299 1518 oramenti
313 1457 417 1534 istius,
433 1457 549 1519 mirum
568 1456 694 1519 videtur
712 1456 796 1539 quod
812 1456 892 1517 illud
946 1457 986 1519 dc
1013 1458 1194 1520 venialibus
1222 1477 1348 1539 quoque
1383 1460 1548 1523 decentem
1580 1461 1695 1524 habeat

141 1552 365 1634 suscipientes,
385 1554 561 1635 praesertim
590 1554 623 1616 iu
652 1554 782 1616 caritate
810 1552 894 1615 cclc-
947 1554 1254 1633 contritionem,non
1270 1554 1462 1637 impedietur
1476 1576 1581 1637 perca
1595 1577 1695 1620 sacra-

140 1652 285 1728 brantcs,
313 1671 378 1715 non
407 1652 508 1733 magis
536 1660 685 1715 crescunt
713 1652 746 1713 in
777 1651 890 1732 gratia,
947 1653 1045 1716 menti
1060 1653 1156 1733 hujus
1171 1652 1319 1715 ellectus.
1337 1654 1368 1715 Si
1385 1674 1461 1717 vcro
1476 1655 1509 1717 in
1529 1656 1695 1718 celebrati-

141 1769 201 1811 nec
224 1748 298 1830 plus
319 1769 337 1811 a
358 1749 446 1811 vitiis
468 1758 711 1831 praeservantur.
947 1770 1008 1814 oue
1029 1751 1176 1814 sacerdos
1197 1750 1239 1813 sit
1259 1750 1406 1833 diligens,
1424 1759 1455 1814 et
1472 1752 1573 1816 nihilo
1588 1753 1694 1816 miuus

181 1848 333 1910 Vanrms.
348 1847 672 1922 -Quemadmodum
688 1866 803 1929 corpus
817 1850 930 1927 praaB
949 1868 986 1910 ex
1006 1847 1178 1929 fragilitate
1198 1849 1337 1911 humana
1359 1848 1500 1912 incurrat
1517 1850 1695 1915 distractio-

140 1954 290 2008 scrvatur
303 1965 322 2007 a
335 1954 437 2008 morte
451 1944 558 2007 lutura
572 1944 741 2027 dupliciter
755 1968 762 2007 ε
776 1944 891 2026 primo,
949 1965 1033 2022 nem,
1050 1954 1144 2027 atque
1164 1946 1204 2008 ab
1225 1966 1263 2009 ea
1277 1966 1349 2011 mox
1373 1948 1449 2009 dum
1468 1967 1536 2011 eam
1552 1949 1696 2013 adverte-

139 2064 198 2125 por
232 2044 295 2107 hoe
324 2044 409 2124 quod
437 2052 549 2105 natura
583 2042 749 2106 roboratur
783 2049 892 2105 contra
948 2045 1000 2121 rit,
1016 2063 1051 2106 se
1070 2051 1202 2123 avertat,
1219 2062 1283 2107 nou
1304 2044 1495 2125 impedietur
1514 2047 1696 2110 notabiliter

140 2141 278 2203 interius
307 2141 488 2223 corruptiva
512 2160 570 2222 per
592 2140 744 2202 alimenta
771 2146 804 2201 ct
827 2157 893 2200 me·
948 2141 1209 2204 aconseoutione
1232 2139 1407 2204 ellectuum
1429 2146 1629 2223 sacramenti,
1647 2146 1696 2208 ni-

139 2238 307 2316 dicinalia,
332 2239 484 2319 secundo,
505 2258 562 2319 per
589 2239 649 2301 hoc
673 2238 758 2319 quod
782 2244 893 2299 contra
948 2239 1074 2321 siquod
1095 2239 1228 2301 durante
1248 2239 1302 2301 illa
1321 2239 1526 2305 distractione
1546 2261 1695 2306 uonsen-

140 2336 299 2399 exteriora
322 2336 543 2418 impugnantia
562 2355 599 2397 ac
621 2335 729 2398 lasiva
751 2335 893 2397 munitur
948 2336 986 2399 tit
1013 2337 1169 2399 actualem
1202 2337 1298 2418 hujus
1328 2340 1517 2401 sacramenti
1549 2340 1695 2406 relectio

139 2456 198 2517 per
211 2454 320 2511 arma,
337 2436 384 2497 sic
399 2442 633 2497 sacramentum
647 2434 720 2510 hoc,
737 2442 892 2514 quantum
947 2434 1195 2514 nem,uniouem
1210 2454 1266 2498 seu
1281 2436 1655 2517 consolationemPorro,
1668 2440 1693 2502 si

140 2542 189 2596 est
212 2554 255 2596 ex
283 2540 370 2615 parte
399 2533 511 2614 ipsius,
536 2540 671 2612 utroque
696 2532 791 2595 modo
814 2550 894 2613 prae-
947 2552 1021 2596 vere
1035 2533 1180 2612 devotus,
1196 2535 1385 2597 exercitatus
1399 2536 1600 2618 diligensque
1620 2556 1695 2601 cou-

139 2642 250 2694 serrat
272 2632 435 2695 hominem
463 2651 482 2693 a
507 2639 607 2694 morte
635 2631 757 2712 pcccati
785 2654 792 2691 :
819 2631 894 2712 quia
947 2631 1048 2710 sistat,
1069 2632 1174 2693 statim
1198 2650 1298 2713 quum
1323 2653 1412 2696 suam
1441 2635 1690 2715 distractionem,

139 2750 197 2812 per
224 2730 289 2793 hoc
323 2729 408 2810 quod
436 2736 588 2809 tauquam
616 2727 792 2811 spiritualis
819 2747 893 2790 esca
947 2729 1174 2812 negligentiam
1189 2739 1244 2793 aut
1263 2731 1399 2795 similem
1415 2732 1571 2797 venialem
1587 2735 1694 2796 adver·

139 2848 177 2891 ac
206 2827 370 2889 medicina
396 2826 520 2889 Christo
548 2826 716 2907 conjungit
743 2845 801 2907 per
823 2845 894 2907 gra·
948 2826 1020 2889 terit
1047 2826 1186 2909 culpam,
1211 2846 1284 2891 cum
1310 2829 1476 2893 intensiori
1505 2830 1625 2893 aflectu
1653 2832 1693 2894 ad

139 2928 230 3005 tiam,
263 2924 390 2988 roborat
418 2922 504 2986 intus
536 2924 635 2986 vitam
670 2924 890 3006 spiritualem3
947 2925 1046 2988 Deum
1066 2945 1100 2988 se
1115 2926 1209 2989 vertit
1230 2945 1266 2989 ac
1287 2928 1378 3009 redit,
1396 2946 1468 2990 cum
1490 2928 1695 3011 displicentia

140 3042 283 3101 rursum,
299 3024 333 3085 in
354 3029 508 3105 quantum
529 3031 579 3084 est
592 3022 719 3103 signum
734 3022 892 3104 passionis
907 3024 930 3087 C
948 3022 1081 3086 cordiali
1115 3043 1151 3086 ac
1179 3026 1387 3089 detestatione
1415 3035 1446 3089 et
1471 3028 1694 3109 aspernatione

139 3122 324 3200 dominicae,
349 3139 412 3202 qua
439 3120 515 3183 victi
545 3128 620 3182 sunt
646 3120 817 3200 daemones,
847 3120 893 3182 sic
948 3122 1071 3203 ingenti
1087 3122 1271 3203 hujusmodi
1287 3124 1531 3207 culpae:sioque
1546 3127 1640 3210 culpa
1655 3135 1697 3188 ta-

139 3221 228 3303 ipsos
255 3227 287 3281 ct
308 3220 451 3301 ipsorum
476 3217 733 3300 impugnationes
754 3218 891 3299 repellit,
949 3218 988 3281 lis
1004 3219 1248 3282 occasionaliter
1261 3230 1450 3302 cooperatur
1463 3223 1492 3284 ei
1514 3222 1693 3287 iubenum.

139 3319 288 3382 debilitat
308 3326 402 3399 atque
423 3316 576 3396 devincit,
599 3316 744 3380 fomitem
766 3334 894 3398 qnoque
988 3319 1160 3381 Sacranos.
1179 3353 1221 3364 —
1243 3318 1285 3380 De
1310 3318 1480 3381 effectibus
1506 3320 1694 3383 sacramenti

139 3416 305 3493 diminuit,
322 3415 485 3478 caritatem
504 3413 702 3496 gratiamque
721 3416 892 3497 augendo:
949 3414 1041 3477 istius
1063 3415 1213 3498 prosequi
1235 3416 1301 3496 Jam
1323 3417 1477 3497 digneris.

139 3518 225 3598 quod
251 3523 355 3579 totum
382 3522 430 3577 est
454 3513 709 3595 intelligendum,
735 3514 798 3576 nisi
820 3513 894 3595 quis
988 3512 1195 3575 vaurms-
1218 3512 1318 3593 Hujus
1345 3516 1532 3577 sacramenti
1558 3515 1695 3579 eftectus

139 3634 197 3695 per
218 3612 460 3695 negligentiam,
477 3610 766 3693 indispositionem,
781 3611 895 3674 distra-
948 3609 1199 3692 quadrupliciter
1219 3610 1448 3673 consideratur.
1465 3612 1579 3690 Primo,
1598 3632 1636 3676 ex
1656 3633 1695 3677 eo

140 3713 284 3775 ctionem
308 3710 359 3773 vel
384 3710 626 3773 irreverentiam
649 3728 739 3771 suam
768 3709 893 3772 obicem
948 3708 1032 3788 quod
1047 3708 1228 3771 continetur
1243 3707 1275 3769 in
1291 3708 1361 3789 ipso
1375 3708 1429 3789 qui
1445 3709 1527 3771 sicut
1549 3710 1581 3771 in
1605 3729 1696 3773 mun-

140 3818 253 3891 ponat.
283 3809 390 3886 Porro,
420 3808 475 3889 qni
503 3826 577 3869 cum
605 3808 712 3870 debita
739 3826 894 3889 praepara-
947 3806 1023 3867 dum
1039 3804 1209 3868 visibiliter
1223 3804 1368 3884 veniens,
1385 3806 1481 3869 vitam
1497 3809 1605 3889 gratias
1621 3828 1696 3871 con-

140 3910 243 3987 tione,
262 3908 416 3985 custodia,
432 3905 570 3987 puritate
591 3906 714 3968 accedit
731 3913 762 3967 et
783 3906 892 3985 sumit,
948 3901 1020 3964 tulit
1033 3903 1164 3981 mundo,
1180 3902 1224 3965 ita
1238 3912 1270 3965 et
1284 3904 1316 3964 in
1332 3903 1494 3967 hominem
1517 3924 1696 3969 sacramen-

139 4005 333 4068 mirabiliter
356 4004 472 4066 crescit
494 4021 532 4065 ac
561 4002 702 4085 proiicit,
728 4002 894 4066 roboratur
948 4000 1053 4063 taliter
1087 4000 1230 4081 veniens,
1261 4001 1359 4064 vitam
1394 4004 1502 4083 gratiae
1535 4011 1692 4086 operatur,

39 4124 177 4183 amoc
207 4110 439 4177 conservatur,
468 4109 563 4181 atque
591 4103 639 4180 (ut
672 4100 782 4162 talium
816 4101 894 4162 dixit
947 4098 1215 4179 quemadmodum
1244 4097 1288 4161 ait
1313 4124 1320 4161 ι
1347 4100 1405 4174 Qui
1434 4102 1603 4164 manducat
1630 4122 1692 4183 me,
1708 4137 1790 4184 ,mg
1813 4150 1840 4191 ,g

38 4204 57 4233 ⁵·
140 4205 240 4282 unus)
256 4202 340 4264 sicut
353 4201 404 4263 leo
418 4198 582 4261 flammam
597 4197 734 4281 spirans,
750 4218 769 4261 a
783 4218 894 4261 mensa
908 4200 934 4261 l)
949 4196 1034 4258 vivet
1048 4204 1178 4278 propter
1192 4216 1253 4259 me.
1268 4197 1425 4276 Secundo,
1435 4218 1472 4261 ex
1487 4218 1525 4262 eo
1539 4201 1622 4281 quod
1638 4221 1696 4284 per
1709 4204 1743 4245 ⁵⁸·

140 4300 267 4363 recedit
293 4300 413 4375 altaris,
440 4297 590 4360 terribilis
614 4295 718 4360 lactus
742 4297 894 4360 daemoni-
947 4295 1009 4357 hoc
1024 4303 1255 4358 sacramentum
1272 4305 1524 4378 representatur,
1542 4300 1625 4380 quod
1647 4309 1695 4364 est

140 4400 201 4461 bus
219 4423 226 4459 :
244 4397 331 4479 quod
345 4404 446 4459 totum
468 4415 543 4459 vera
563 4414 600 4457 ac
622 4403 707 4457 certa
729 4395 894 4478 experien-
949 4393 1055 4475 passio
1069 4392 1184 4455 Christi
1203 4394 1296 4455 :hinc
1312 4392 1465 4456 ellectum
1480 4412 1574 4475 quem
1590 4398 1694 4478 passio

141 4498 185 4559 tia
208 4494 333 4578 pandit,
358 4514 395 4556 ac
418 4494 464 4556 eis
488 4492 542 4575 qui
566 4492 610 4555 ita
634 4512 667 4555 se
691 4493 820 4573 habent,
841 4513 893 4557 ex·
948 4491 1063 4554 Christi
1078 4489 1155 4553 iecit
1177 4490 1209 4552 in
1232 4493 1362 4571 mundo,
1378 4492 1438 4555 hoc
1461 4503 1693 4557 sacramentum

140 4594 397 4677 perimentaliter
417 4599 550 4656 constat.
949 4590 1026 4653 lacit
1041 4590 1074 4650 iu
1089 4588 1227 4653 homine.
1245 4590 1364 4670 ltaque,
1380 4607 1477 4670 quum
1494 4594 1694 4656 tremendum

180 4696 355 4759 Sacranos.
375 4728 416 4738 —
439 4692 548 4754 Utrum
573 4698 806 4753 sacramentum
830 4692 892 4755 hoc
948 4688 1121 4751 accesseris
1149 4687 1294 4766 calicem,
1320 4686 1366 4750 sic
1396 4688 1510 4751 accede
1535 4690 1625 4770 quasi
1655 4692 1694 4755 de

139 4814 196 4855 seu
212 4791 387 4855 celebratio
401 4789 472 4871 ejus
487 4790 590 4851 solum
605 4788 735 4871 prodest
753 4790 892 4852 sumenti
948 4785 1064 4848 Christi
1088 4785 1186 4847 latere
1211 4784 1380 4849 bibiturus.
1403 4784 1519 4867 Tertio,
1537 4806 1575 4849 ex
1599 4789 1695 4853 modo

139 4910 175 4954 ac
201 4888 391 4966 celebranti,
417 4908 457 4949 an
487 4886 686 4950 adstantibus
709 4905 836 4968 quoque
862 4896 894 4950 et
947 4902 1010 4965 quo
1025 4884 1117 4945 datur
1136 4903 1193 4966 per
1212 4884 1340 4947 modum
1360 4883 1424 4947 cibi
1445 4904 1481 4948 ac
1500 4887 1694 4968 potus.1de0

139 4988 258 5051 ceteris
280 4986 405 5049 cunctis
426 4985 600 5049 fidelibust
948 5000 1076 5045 curnem
1091 4982 1244 5045 ellectum
1259 5000 1354 5063 quem
1370 4981 1460 5046 cibus
1475 4993 1507 5046 et
1520 4992 1614 5066 potus
1628 5005 1694 5048 ma·

178 5086 328 5147 l‘anrras.
351 5120 392 5130 -
411 5084 480 5146 lam
501 5082 564 5146 dixi
587 5082 657 5163 tibi,
681 5083 765 5162 quod
789 5103 893 5147 sacra·
947 5080 1067 5143 terialis
1087 5080 1164 5142 iacit
1182 5088 1335 5161 quantum
1360 5082 1399 5143 ad
1423 5082 1520 5147 vitam
1547 5103 1693 5168 corpora-

136 5192 287 5247 mentum
319 5182 391 5259 hoc,
421 5188 456 5243 ut
488 5188 734 5259 sacramentum,
764 5183 892 5263 prodest
948 5180 1022 5257 lem,
1039 5179 1190 5242 lacithoc
1207 5188 1438 5243 sacramentum
1455 5182 1606 5245 advitam
1629 5184 1693 5265 spi-

138 5281 294 5359 sumeuti,
312 5281 368 5343 sed
388 5288 423 5343 ut
444 5277 653 5357 sacrificium,
670 5280 800 5361 prodest
814 5302 891 5345 cun·
948 5278 1106 5341 ritualem.
1122 5277 1248 5357 Quarto,
1264 5296 1302 5339 ex
1317 5278 1484 5361 speciebus
1499 5280 1558 5343 sub
1577 5280 1693 5363 quibus
