4309 6259
427 502 466 548 na
487 501 645 549 rancorem
663 500 701 547 rr
721 499 886 548 nronrrara
905 500 1023 565 ιιιιιιιι,
1046 502 1134 548 aman
1155 503 1175 549 ι.
1197 521 1239 533 -
1258 503 1328 550 ιιι.
1351 504 1435 551 xxxv
1655 482 1715 549 tot

159 677 255 752 atque
278 670 455 754 terrigenae,
480 678 513 734 et
536 670 613 735 item
638 669 834 733 suavissimis
859 687 908 731 re-
922 666 948 729 A
963 669 1175 752 plenitudine,
1192 672 1357 737 exsultatio
1378 674 1455 736 mihi
1478 673 1592 757 ingens
1613 680 1662 737 est
1682 680 1715 737 et

160 776 310 833 creantur
332 788 371 833 ex
395 769 571 833 fructibust
596 770 669 832 llaec
691 787 807 851 nempe
835 776 911 831 sunt
963 768 1088 831 eximia.
1110 768 1233 833 Etenim
1254 773 1338 853 quod
1360 772 1519 836 solitarius
1543 792 1602 855 ego
1627 772 1713 835 etin

159 869 231 931 dne
248 868 339 933 olivas
360 867 505 932 fecundas
527 876 621 950 atque
641 885 785 947 arnoenae,
800 865 910 949 gratim
964 866 1134 931 solitudine
1149 886 1360 949 commorans,
1368 871 1557 953 crepusculo
1572 871 1714 953 itemque

159 966 329 1047 liquorem,
337 967 428 1029 lactis
441 967 608 1048 mellisque
623 966 823 1029 dulcedinem
838 964 910 1027 uni·
964 965 1068 1028 noctis
1098 966 1213 1047 medio,
1244 969 1299 1031 sed
1328 978 1361 1032 et
1391 968 1543 1049 diluculo,
1574 970 1713 1033 ubertim

43 1083 91 1126 tm.
100 1096 114 1134 t,
125 1085 143 1125 ι.
160 1065 263 1128 versis
285 1073 481 1129 emanantes.
505 1065 689 1128 Pulchriera
716 1073 791 1129 sunt
812 1063 910 1126 ubera
963 1070 996 1126 et
1018 1082 1083 1127 non
1107 1064 1177 1128 sine
1201 1068 1395 1131 recreatione
1417 1067 1626 1152 contemplor,
1646 1069 1713 1151 jam

159 1170 216 1225 tua
230 1163 317 1240 vino,
333 1162 475 1226 odivina
493 1182 620 1246 sponsa.
637 1163 709 1225 llaec
729 1162 815 1225 enirn
836 1169 911 1223 sunt
965 1181 1052 1226 nuuc
1075 1162 1115 1225 de
1139 1171 1181 1241 te,
1207 1182 1227 1227 o
1250 1165 1356 1243 llario,
1378 1184 1443 1230 nou
1466 1166 1575 1248 utique
1600 1168 1711 1231 silebo.

43 1278 143 1327 raven.
159 1264 377 1344 mandragora
389 1261 603 1327 odoriferaein
617 1262 711 1327 hortu
725 1261 909 1325 deliciarum
965 1260 1096 1341 Sepias,
1126 1259 1238 1341 fateor,
1269 1262 1358 1325 verbi
1387 1264 1573 1327 reminiscor
1596 1264 1714 1327 Aristo

43 1376 142 1427 ruera.
160 1360 417 1437 radicatae3botri
432 1378 559 1442 quoque
574 1360 739 1423 vinearum
753 1359 907 1441 Engaddi,
964 1357 1047 1436 telis,
1070 1359 1221 1440 quoniam
1243 1360 1339 1424 horno
1367 1362 1463 1439 solue,
1487 1370 1541 1424 aut
1563 1363 1642 1425 deus
1666 1370 1716 1425 est

159 1458 352 1521 miserorum
381 1466 510 1539 pectora
538 1457 747 1537 laetilicantes,
773 1465 805 1520 et
832 1476 910 1519 moe-
963 1465 1019 1519 aut
1039 1457 1151 1520 bestia.
1168 1457 1262 1521 Porro
1285 1478 1357 1522 curn
1379 1479 1442 1543 quo
1463 1460 1545 1523 Deus
1565 1469 1624 1539 est,
1646 1459 1714 1542 ipse

160 1574 265 1619 rorem
280 1555 499 1638 depellentes3
515 1556 653 1639 pomella
671 1557 803 1638 insuper
822 1555 908 1617 nivei
964 1572 1091 1636 quoque
1111 1556 1237 1618 divinus
1259 1565 1327 1636 est;
1344 1558 1398 1638 qui
1420 1576 1496 1621 vero
1518 1558 1636 1639 absque
1659 1557 1714 1621 illo

159 1653 351 1735 splendoris,
373 1654 577 1717 aParacleto
601 1654 792 1731 lecundata3
812 1653 909 1716 malo-
964 1660 1023 1731 est,
1052 1652 1186 1716 bestiam
1216 1673 1296 1719 reor
1326 1655 1468 1737 Denique
1497 1657 1617 1719 Deus:
1644 1655 1713 1720 Non
1741 1680 1815 1725 rma

43 1768 136 1821 {reem
138 1760 411 1861 granataaurea,
428 1752 645 1835 sphaerulaeac
660 1752 739 1833 lilia,
756 1752 909 1833 templum
964 1751 1085 1814 videbit
1105 1772 1157 1815 me
1172 1753 1408 1834 (inquit)homo
1429 1762 1461 1818 et
1482 1754 1576 1819 vivet.
1594 1754 1633 1817 Et
1652 1756 1799 1819 hoc¹¹¹¹¹¹·
1778 1746 1847 1795 ⁰¹²⁰·

43 1830 145 1935 ἵζω·
160 1849 229 1912 reri
253 1850 429 1913 Salomonis
450 1852 605 1916 ornantia.
922 1850 1094 1931 Bquidem
1116 1851 1154 1914 de
1177 1852 1351 1914 divinitatis
1377 1862 1489 1916 natura
1514 1854 1632 1935 suscipi
1657 1872 1715 1935 par

964 1957 1033 2026 est3
1060 1950 1115 2011 sed
1145 1950 1253 2032 etqui
1281 1950 1314 2012 in
1341 1952 1423 2013 servi
1448 1952 1646 2030 formaeqm
1669 1954 1855 2031 vi-rwa,

964 2047 1090 2125 derunt,
1115 2048 1198 2110 beati
1220 2056 1401 2113 censentur.

332 2115 575 2180 ARTICULUS
602 2116 742 2179 XXXV·
1005 2145 1136 2209 lntende
1160 2146 1301 2226 insuper,
1325 2165 1344 2210 e
1367 2146 1474 2210 anime
1498 2166 1580 2226 mea,
1604 2149 1643 2212 de
1669 2148 1715 2211 le-

178 2266 228 2325 De
246 2262 368 2339 stquo
388 2266 504 2323 lectulo
526 2265 611 2324 Fili,
630 2265 740 2339 ,pomi
757 2264 891 2341 ejusque
966 2242 1085 2306 licitate
1114 2244 1243 2325 spiritus
1272 2253 1388 2307 sancte
1416 2245 1555 2328 Virginis
1584 2247 1713 2310 interim

251 2352 410 2428 virginem
433 2352 610 2412 Genitricis
630 2362 661 2412 et
681 2370 814 2428 sportam,
966 2341 1129 2423 paulisper
1152 2341 1387 2421 obmutescens,
1407 2342 1433 2406 si
1453 2344 1505 2407 vel
1524 2363 1543 2406 a
1564 2345 1716 2408 eonstitu-

967 2440 1053 2503 tione
1073 2439 1171 2519 orbis,
1188 2448 1307 2503 tantam
1328 2441 1500 2524 aliquando
1522 2462 1639 2526 sponsa
1659 2443 1715 2505 ali·
1812 2478 1819 2487 -

43 2565 145 2615 mm,
219 2539 325 2598 AEVA
342 2536 413 2613 eJ'us
432 2538 491 2596 sub
511 2539 756 2613 capitememt
776 2540 913 2600 dextera
966 2556 1041 2618 qua,
1066 2539 1163 2601 etiam
1192 2558 1250 2621 per
1277 2559 1406 2603 comem
1434 2550 1528 2623 atque
1554 2560 1591 2603 ex
1620 2560 1714 2605 carne

236 2635 333 2693 itlius
361 2636 606 2710 ampleoabitur
634 2654 693 2695 me.
724 2633 791 2698 Non
820 2636 914 2697 susti·
968 2633 1009 2695 sit
1023 2634 1133 2696 sortita
1153 2634 1304 2712 letitiam,
1320 2636 1588 2718 quemadmodum
1607 2637 1640 2699 in
1655 2637 1715 2701 hae

160 2732 243 2809 nuit,
280 2730 307 2793 si
343 2729 402 2793 rite
437 2730 580 2809 intendo,
610 2750 700 2796 arnor
732 2734 848 2795 ardens
882 2742 915 2795 et
968 2731 1045 2794 elim
1066 2732 1131 2794 vita
1145 2732 1241 2814 Virgo
1262 2733 1382 2797 divina.
1398 2733 1468 2797 lbes
1489 2734 1528 2797 ed
1550 2734 1715 2814 lectulum,

158 2838 311 2907 aestuans,
327 2848 418 2893 arnor
436 2829 617 2911 singularis,
635 2830 774 2912 itemque
795 2830 915 2893 incom-
969 2830 1177 2911 osuperlelix
1190 2830 1293 2911 llaria,
1311 2831 1570 2895 odelieatissima
1585 2851 1715 2915 sponsa,

159 2926 324 3009 parabilis,
361 2926 465 2990 minus
496 2925 617 3009 aliquid
650 2928 807 2991 inlantulo
841 2930 914 2991 lesu
970 2945 1034 2989 non
1056 2927 1164 3009 utique
1189 2929 1296 3010 sponsi
1322 2930 1546 3011 conjunctione
1568 2930 1720 3010 caritura,

162 3033 260 3105 atque
288 3025 423 3105 puerulo
451 3024 492 3088 ab
520 3025 622 3088 electa
652 3026 793 3089 exbiberi
822 3026 916 3089 Geni·
933 3031 955 3094 C
970 3044 1034 3089 non
1048 3027 1163 3107 loseph
1179 3025 1394 3109 ligniiabrum,
1412 3029 1466 3091 sed
1481 3030 1586 3092 lesum
1606 3029 1718 3092 mundi

161 3123 253 3201 trice,
270 3141 366 3204 quam
381 3123 519 3206 propriis
535 3124 618 3186 natis
634 3132 746 3186 ceterae
764 3124 915 3187 exhibent
969 3123 1193 3188 fabricatorem
1213 3125 1440 3209 amplexatura,
1462 3127 1635 3206 coelestem,
1652 3147 1717 3192 non

160 3229 292 3284 matres.
313 3221 379 3302 Ego
407 3230 513 3283 autem
539 3221 675 3303 amplius
693 3221 825 3285 omnino
849 3222 915 3305 opi·
969 3225 1178 3301 mundanum,
1206 3242 1357 3305 sponsum
1386 3226 1577 3290 osculatura.
1602 3225 1717 3291 lnella-

160 3339 230 3383 nor.
249 3319 393 3382 Arbitror
413 3338 529 3400 nempe
549 3318 687 3399 Virginis
707 3319 813 3382 llatris
833 3320 914 3383 divi·
968 3320 1044 3382 bilis
1067 3323 1116 3401 (nt
1139 3322 1266 3404 opinor)
1294 3332 1371 3401 erat,
1399 3342 1417 3387 o
1446 3325 1662 3387 amantissima
1687 3335 1719 3388 et

160 3437 275 3498 naeqne
303 3416 404 3480 Prolia
432 3434 470 3479 eo
499 3417 697 3481 ardentiores
720 3417 820 3480 luisse
848 3438 914 3481 am·
969 3418 1045 3481 item
1064 3419 1480 3501 praecordialissimallaria,
1498 3422 1715 3487 mundissime

160 3517 285 3597 plexus,
308 3515 453 3578 uberiora
481 3515 591 3578 oscula
618 3524 713 3598 atque
740 3516 912 3580 viciniores
968 3525 1030 3579 t-uae
1045 3516 1160 3579 mentis
1176 3517 1293 3598 laetitia,
1306 3520 1383 3581 dum
1397 3518 1547 3583 floridum
1564 3520 1716 3585 lectulum

161 3617 309 3693 uniones,
333 3633 397 3696 quo
422 3615 564 3697 ipsorum
589 3622 717 3677 mutuus
742 3635 831 3680 arnor
860 3636 912 3678 ve
969 3614 1165 3696 ingredienS,
1186 3616 1241 3678 Ilei
1264 3636 1336 3680 mox
1358 3618 1572 3700 Unigenitum,
1594 3620 1718 3700 speeie-

160 3711 342 3775 hementior
368 3712 496 3775 exstitit.
522 3714 619 3775 Amor
647 3731 783 3793 namque
808 3714 913 3797 perle-
969 3712 1133 3774 sissimurn
1163 3714 1449 3796 suavissimumque
1478 3735 1516 3779 ex
1544 3725 1574 3779 te
1606 3726 1717 3781 natum

160 3820 241 3889 ctus,
278 3810 487 3892 separationis
523 3810 693 3893 impatiens
728 3819 786 3874 est.
816 3812 912 3877 Porro
968 3809 1173 3889 infantulum,
1186 3812 1352 3875 [lominum
1368 3812 1477 3893 utique
1492 3814 1644 3877 virtutum
1661 3816 1719 3878 lle-

159 3909 231 3990 qois
247 3908 508 3990 ignoret,lideles
522 3908 780 3991 allectuosasque
795 3920 911 3973 matres
967 3928 1103 3991 gemquo
1132 3909 1238 3991 gloriae
1267 3929 1303 3973 ec
1332 3910 1442 3973 mundi
1470 3913 1626 3992 ludicem,
1657 3914 1719 3976 vir-

159 4006 307 4089 proprios
328 4006 630 4088 amantissimosque
653 4006 792 4071 infantes
815 4029 852 4072 ac
874 4010 912 4071 fi·
967 4006 1070 4087 gineis
1095 4006 1181 4069 ulnis
1210 4016 1405 4090 susceptura,
1432 4028 1524 4073 roseo
1547 4030 1601 4075 ore
1626 4030 1718 4075 oscu-

157 4104 217 4167 lios
242 4123 355 4167 secum
382 4104 518 4167 ubertim
547 4103 580 4165 in
604 4112 760 4167 nocturno
785 4105 911 4169 silentio
968 4104 1070 4168 latura
1099 4113 1194 4188 atque
1224 4106 1307 4168 inter
1341 4116 1482 4171 materna
1514 4110 1644 4173 brachia
1677 4111 1716 4173 ad

158 4203 190 4264 in
214 4202 334 4266 lectulo
356 4202 473 4280 locare,
489 4201 650 4284 amplecti,
674 4202 864 4283 deosculari,
880 4202 952 4267 etl)
967 4201 1198 4281 quiescendum
1221 4224 1291 4266 eras
1314 4204 1465 4270 locatura.

154 4302 245 4382 juxta
273 4308 454 4363 maternum
482 4308 595 4382 pectus
625 4307 658 4363 et
683 4299 783 4363 ubera
809 4301 910 4381 quieti
1007 4300 1030 4362 Ο
1055 4301 1262 4365 ineffabiliter
1284 4303 1437 4385 jucunda,
1465 4305 1661 4370 delectabilis
1686 4318 1718 4371 et

159 4401 283 4464 tradere
297 4398 548 4479 dormitionique
562 4398 733 4481 deputaret
748 4399 910 4473 Quomodo
967 4399 1086 4461 munda
1100 4399 1212 4461 Christi
1228 4400 1310 4481 regis
1330 4410 1361 4463 et
1375 4402 1476 4465 llariae
1494 4405 1604 4467 matris
1626 4407 1714 4487 unio,

156 4498 256 4579 igitur
284 4498 447 4578 Virginem
475 4514 609 4572 sacram,
637 4497 766 4559 Matrem
793 4496 910 4561 deilor-
966 4496 1043 4558 dum
1070 4497 1202 4560 Fontem
1232 4500 1418 4579 sanctitatis,
1445 4501 1499 4563 Dei
1529 4502 1637 4584 utique
1662 4505 1715 4567 Sa-

157 4615 242 4658 mem
258 4594 636 4676 affectuosissimemque‚
651 4595 748 4658 unico
768 4614 825 4659 suo
840 4596 910 4658 dul·
965 4594 1118 4676 pientiam
1144 4604 1237 4677 atque
1261 4598 1423 4678 virtutem,
1450 4599 1544 4662 llater
1568 4603 1715 4684 puritatis

157 4693 289 4757 cissimo
317 4693 410 4771 Filio,
437 4692 492 4755 tali
521 4694 630 4774 utique
659 4712 696 4755 ac
720 4700 818 4771 tante,
844 4702 909 4755 tam
966 4692 1204 4774 castissimaque
1220 4693 1315 4775 Virgo
1335 4694 1418 4757 collo
1437 4696 1574 4779 stringit,
1591 4700 1624 4762 in
1644 4701 1715 4764 bra-

157 4791 243 4854 dulci
268 4801 397 4873 tamque
418 4789 571 4871 formoso,
593 4792 625 4853 id
647 4790 751 4873 ipsum
772 4810 837 4855 non
858 4811 910 4854 ex·
966 4789 1046 4851 chiis
1063 4790 1294 4873 suscipit,inter
1309 4791 1407 4854 ubera
1423 4794 1714 4874 ponit,suavissimo

157 4890 303 4953 hibuisse
331 4891 418 4953 credi
447 4892 565 4971 queatt
589 4889 739 4952 Exhibuit
765 4908 906 4971 prorsus,
965 4888 1067 4951 vultui
1091 4890 1232 4973 applicat
1256 4897 1288 4953 et
1307 4891 1493 4955 rubicundis
1515 4894 1609 4957 labiis
1634 4898 1714 4960 mul-

159 4997 189 5051 et
211 4989 431 5053 indubitanter
451 4988 605 5052 exhibuit.
965 4996 1037 5065 cet,
1058 4987 1135 5050 dum
1159 4988 1243 5051 inter
1265 4988 1483 5070 divinissime,
1504 4992 1714 5073 flagrantissi-

197 5087 289 5152 Nune
317 5106 405 5170 ergo,
434 5106 454 5151 o
485 5087 593 5165 ldarie,
621 5106 641 5151 o
673 5086 751 5149 felix
779 5105 907 5169 sponsa,
964 5105 1024 5148 mae
1048 5085 1341 5169 honestissimeque
1365 5086 1536 5153 Genitricis
1564 5091 1591 5153 is
1615 5092 1713 5156 ubera

158 5186 348 5249 beatitudini
363 5194 425 5249 tue
445 5184 683 5268 congratulatur
700 5186 806 5248 anima
824 5204 907 5265 mea,
963 5184 1110 5265 quiescit,
1124 5186 1206 5266 apud
1223 5194 1401 5249 maternum
1416 5196 1527 5268 peetus
1542 5187 1709 5269 obdormit,

157 5292 252 5367 atque
267 5286 300 5348 in
315 5284 504 5369 gaudiorum
519 5293 645 5374 tuorum
665 5284 908 5369 incomparabili
967 5282 1165 5365 singularem
1194 5284 1454 5368 carissimamque
1482 5306 1631 5371 sponsam
1659 5288 1717 5354 Ec-
