4309 6259
288 504 329 549 ll!
349 504 552 552 suoutlmtro
573 505 701 552 Atratus
722 506 760 552 ΕΤ
779 506 878 553 HlSSAE
899 506 1126 555 CELEBRA'l'lONll
1148 507 1305 555 otstoous
1330 528 1369 539 -
1391 510 1461 557 Aur.
1484 510 1582 558 xxxru
1649 494 1708 557 435

166 670 304 733 ordinant
324 680 367 753 te,
382 683 414 736 et
434 676 654 757 scrupulosam
674 694 903 758 erroneamque
920 679 944 740 A
960 677 1054 741 nobis
1070 678 1250 760 plusquam
1268 680 1411 743 valemus
1426 679 1708 763 exsolverelpsius

164 767 316 833 efficiunt.
330 772 511 835 Secundum
527 783 575 837 est
589 795 664 838 vcra
679 774 735 838 Dei
750 775 901 857 cognitio,
959 776 1092 855 esuries,
1100 778 1132 839 id
1147 785 1193 840 est
1208 778 1320 843 zelatio
1335 788 1448 843 nostras
1464 779 1585 856 salutis,
1594 797 1708 861 magna

164 886 253 948 quam
273 887 368 932 nemo
387 880 491 951 potest
514 872 632 935 habere
655 874 718 935 nisi
739 874 904 938 conscien-
960 883 1009 936 est
1022 882 1055 937 et
1067 874 1188 957 absque
1203 896 1351 939 mensura
1368 901 1375 939 ε
1393 877 1461 959 ipse
1477 877 1636 941 consumit
1649 895 1707 939 nos

163 963 233 1027 tiam
261 968 411 1030 mundam
439 969 571 1033 habens.
597 971 684 1033 llanc
712 972 766 1034 Dei
796 972 904 1053 cogni·
959 972 1103 1035 funditus
1123 992 1161 1036 ex
1181 981 1257 1053 toto,
1274 982 1305 1037 et
1324 975 1496 1038 medullam
1520 994 1558 1037 ex
1582 974 1707 1037 ossibus

163 1062 274 1125 tionem
302 1065 529 1146 gloriosissima
557 1068 648 1150 virgo
675 1069 771 1132 llaria
793 1070 903 1133 habuit
959 1070 1076 1133 nostris
1102 1072 1272 1134 consumit.
1289 1074 1435 1135 Attamen
1459 1073 1488 1135 el
1515 1074 1595 1135 bene
1620 1073 1707 1135 fave-

162 1180 279 1224 summe
303 1172 375 1244 post
397 1164 514 1229 llilium
536 1186 641 1245 suum,
666 1186 730 1249 prus
753 1168 902 1231 omnibus
958 1186 1051 1246 mus;
1077 1176 1251 1250 alquanto
1280 1169 1351 1251 plus
1379 1170 1409 1232 ei
1437 1170 1593 1249 favemus,
1620 1177 1706 1233 tanto

162 1259 340 1323 bominibus
360 1262 415 1343 qui
437 1282 578 1346 unquam
600 1263 740 1329 fuerunt.
959 1266 1074 1329 melius
1108 1267 1250 1349 sapimus
1278 1267 1319 1331 ei.
1348 1268 1387 1331 Et
1414 1276 1706 1351 quantumcumque

198 1358 265 1420 Alia
278 1360 342 1423 duo
357 1370 475 1443 puncta
489 1381 553 1426 non
569 1363 781 1445 prosequitur,
789 1364 901 1427 saltem
959 1383 1017 1427 nos
1038 1366 1208 1445 consumit,
1225 1366 1351 1448 impleri
1372 1375 1475 1430 umen
1501 1384 1566 1431 non
1591 1374 1705 1448 potest,

159 1464 229 1539 post
244 1456 312 1519 hac
335 1458 399 1521 duo
416 1481 423 1519 ε
440 1468 471 1522 ct
495 1460 535 1522 de
560 1461 740 1525 humilitate
763 1462 840 1543 quid
861 1462 903 1524 sit
958 1464 1109 1546 quoniam
1124 1464 1220 1527 habet
1234 1465 1447 1529 insatiabilem
1466 1466 1653 1548 appetitum.
1670 1464 1708 1527 Et

160 1562 278 1617 constat
291 1576 300 1631 3
315 1556 392 1637 quid
416 1566 522 1620 autem
541 1558 698 1641 intelligat
717 1559 901 1643 perlibente
958 1562 1104 1643 quamvis
1127 1562 1225 1625 simus
1244 1581 1400 1645 pauperes
1423 1571 1454 1625 et
1477 1563 1582 1645 egeni,
1599 1571 1706 1626 tamen

161 1653 328 1716 uoluntatis
352 1655 709 1737 concupiscibilitatem,
734 1658 847 1739 ignoro
869 1667 902 1722 et
957 1679 1023 1724 non
1042 1666 1143 1739 curat,
1159 1661 1310 1743 quoniam
1330 1660 1411 1723 nihil
1435 1662 1503 1723 vult
1525 1661 1706 1743 relinquere

159 1751 276 1814 discere
298 1753 405 1835 cupio.
958 1758 1061 1821 nobis.
1079 1758 1152 1822 ldeo
1178 1766 1333 1842 praeparat
1355 1777 1414 1822 nos
1439 1760 1472 1822 in
1498 1758 1606 1823 cibum
1630 1759 1703 1823 sibi.

197 1848 341 1913 l'surrss.
357 1886 399 1896 -
417 1850 522 1915 Potest
546 1872 604 1935 per
626 1853 687 1916 hoc
713 1854 814 1937 accipi
839 1855 902 1917 fer·
920 1854 943 1916 B
958 1856 1105 1919 Primitus
1121 1857 1280 1920 comburit
1294 1858 1327 1919 in
1342 1876 1448 1921 amore
1470 1858 1576 1922 omnia
1597 1866 1707 1923 nostra

159 1946 442 2012 mdesiderium
457 1969 513 2012 seu
528 1950 653 2015 interna
666 1951 801 2014 aviditas
816 1971 903 2015 com-
958 1960 1089 2035 peccata
1112 1960 1144 2015 et
1167 1951 1321 2033 defectus,
1342 1962 1374 2016 et
1398 1955 1524 2035 quando
1546 1954 1705 2038 purificati

160 2044 366 2109 municandi:
383 2048 468 2127 quod
482 2050 585 2129 aperit
598 2057 738 2112 mentem
759 2051 799 2113 ad
819 2051 904 2113 salu·
957 2070 1067 2112 sumus
1082 2059 1113 2113 et
1128 2051 1235 2129 assati,
1253 2058 1328 2114 tunc
1348 2052 1450 2134 aperit
1470 2070 1505 2115 os
1525 2072 1617 2117 suum
1637 2061 1705 2116 tan·

158 2138 243 2204 brem
275 2146 519 2227 susceptionem
541 2146 665 2211 llilecti.
695 2148 904 2223 Quemadmo
957 2166 1052 2229 quam
1079 2149 1186 2211 vultur
1208 2148 1261 2230 qui
1286 2148 1356 2211 vult
1383 2150 1490 2212 omnia
1514 2150 1669 2231 deglutire
1696 2174 1702 2213 :

45 2241 230 2310 carracedum
255 2243 344 2304 enim
368 2244 452 2306 beati
477 2244 531 2326 qui
561 2246 708 2309 esuriunt
732 2254 764 2311 et
791 2248 903 2310 sitiunt
957 2245 1109 2326 quoniam
1128 2246 1225 2309 vitam
1249 2255 1389 2309 nostram
1415 2248 1553 2329 peccatis
1578 2248 1705 2330 plenam

156 2338 322 2419 justitiam,
339 2342 490 2423 quoniam
510 2342 571 2425 ipsi
590 2344 837 2421 saturabuntur;
859 2346 907 2409 ita
957 2345 1026 2408 vult
1040 2363 1227 2409 consumere
1242 2353 1273 2407 et
1287 2346 1319 2408 iu
1335 2346 1432 2409 vitam
1449 2366 1538 2410 suam
1554 2355 1706 2410 transmu-

157 2446 186 2499 et
212 2437 298 2501 beati
328 2440 382 2522 qui
406 2441 552 2503 esuriunt
577 2442 752 2524 sitiuntque
780 2444 901 2507 fontem
958 2451 1035 2505 tare.
1050 2444 1124 2519 Quae
1146 2444 1221 2525 vita,
1238 2442 1338 2526 gratia
1352 2452 1383 2507 et
1397 2445 1498 2525 gloria
1519 2453 1620 2507 exstat
1640 2446 1707 2528 ple-

155 2535 294 2619 justitias,
313 2537 470 2601 Christum
490 2540 660 2603 Dominum
675 2542 709 2603 in
724 2541 785 2605 hoc
799 2561 903 2605 sacra·
957 2561 1000 2604 na
1012 2566 1018 2603 :
1031 2560 1102 2623 quae
1117 2542 1210 2607 nobis
1225 2562 1352 2625 semper
1366 2550 1467 2605 exstat
1481 2551 1599 2624 parata,
1615 2545 1707 2606 dum-

156 2643 258 2699 mento
286 2643 487 2717 contentum,
516 2638 667 2720 quoniam
696 2640 903 2721 replebuntur
958 2641 1053 2703 modo
1066 2640 1202 2703 velimus
1217 2640 1376 2721 nosipsos
1391 2641 1560 2721 abnegare,
1573 2648 1605 2704 et
1618 2642 1707 2703 dein-

156 2732 308 2797 beatifica
328 2734 453 2799 visione
475 2736 586 2818 ipsius.
958 2758 1033 2822 ceps
1058 2747 1188 2822 peccata
1211 2739 1321 2802 vitare.
1349 2738 1381 2801 Si
1406 2738 1514 2801 videre
1539 2758 1705 2821 possemus

191 2831 365 2896 Ssocnoos.
381 2868 423 2879 —
435 2833 556 2897 Deinde
570 2835 738 2917 subjungit
752 2860 759 2898 :
772 2836 902 2911 Quando
958 2836 1111 2919 cupidum
1130 2836 1306 2918 appetitum
1325 2854 1420 2917 quem
1446 2835 1587 2901 Christus
1612 2836 1707 2899 habet

156 2946 207 2990 rex
230 2949 369 3013 magnus
391 2939 424 2994 et
446 2933 588 3014 prudens
612 2932 682 2996 vult
705 2935 901 3016 peregrinari
957 2934 996 2997 ad
1021 2942 1163 2997 nostram
1192 2934 1338 3013 salutem,
1365 2952 1429 2996 nou
1453 2950 1618 3016 possemus
1648 2954 1706 2997 nos

154 3037 282 3109 remote,
300 3037 457 3093 convocat
477 3030 640 3113 principes
659 3050 745 3112 suos,
761 3031 901 3114 facitque
921 3032 1121 3097 Ccontinere
1141 3032 1217 3112 quin
1239 3031 1272 3093 in
1294 3031 1365 3112 ejus
1384 3039 1492 3113 guttur
1513 3032 1619 3095 volare
1641 3032 1707 3095 vel-

155 3124 199 3187 els
213 3126 412 3207 convivium,
428 3135 523 3211 atque
544 3130 715 3193 committit
728 3131 776 3194 eis
790 3150 903 3213 regen-
957 3130 1070 3194 lamus.

154 3224 223 3286 dam
247 3244 342 3289 suam
367 3228 543 3308 regionem,
568 3228 723 3310 populum
747 3248 785 3292 ac
809 3230 902 3291 fami·
996 3229 1051 3291 llis
1072 3227 1254 3291 consimilis
1274 3226 1386 3291 scribit
1405 3228 1515 3305 multa,
1537 3246 1607 3309 quae
1628 3228 1706 3290 mal-

154 3320 227 3383 liam
251 3343 346 3386 suam
369 3344 470 3407 usque
494 3326 534 3388 ad
561 3326 699 3389 reditum
727 3347 831 3390 suum.
849 3328 901 3390 Sic
957 3325 1019 3388 lem
1035 3326 1151 3388 clarius
1171 3325 1337 3409 elucidari,
1354 3343 1449 3407 quam
1469 3324 1620 3387 diffusius
1635 3342 1707 3407 pro

153 3418 305 3501 Christus,
323 3422 388 3483 Rex
408 3440 532 3504 regum,
552 3424 695 3485 exiturus
718 3424 758 3487 de
782 3424 902 3488 mundo
957 3423 1057 3505 sequi.
1073 3422 1235 3497 Quomodo
1250 3422 1336 3485 enim
1358 3441 1448 3485 amor
1460 3422 1575 3485 Christi
1591 3440 1705 3485 avarus

153 3519 190 3579 ad
203 3519 342 3597 Patrem,
358 3518 436 3582 fecit
450 3538 576 3583 coenam
596 3540 744 3603 magnam
766 3524 902 3587 novissi·
956 3531 1016 3600 est,
1032 3531 1064 3584 et
1085 3520 1223 3584 totaliter
1243 3538 1302 3585 nos
1324 3521 1505 3583 consumitf

152 3635 246 3695 mam,
273 3619 315 3681 ad
340 3637 435 3700 quam
464 3619 554 3681 duxit
580 3620 760 3701 Apostolos,
785 3623 901 3703 quibus
997 3620 1143 3682 Vanrrss.
1173 3654 1213 3665 -
1240 3619 1296 3681 Vir
1324 3617 1378 3681 ille
1408 3618 1580 3700 specialem
1608 3618 1707 3681 habet

153 3714 313 3778 commisit
349 3725 548 3779 sacramenta
583 3737 640 3780 sua
673 3737 710 3780 ac
746 3720 901 3801 populum
956 3714 1086 3778 modum
1120 3713 1281 3796 loquendi,
1312 3713 1345 3776 in
1378 3714 1488 3776 multis
1523 3714 1706 3796 frequenter

152 3831 253 3877 suum.
269 3814 311 3876 Et
325 3813 402 3895 quia
415 3814 559 3896 sequenti
573 3815 624 3878 die
646 3815 750 3880 fuerat
770 3818 902 3882 moritu·
956 3812 1209 3895 metaphoricum
1229 3819 1261 3873 et
1280 3812 1453 3875 obscurum
1470 3834 1477 3874 ε
1494 3818 1600 3875 umen
1623 3812 1706 3894 ipse-

152 3930 213 3990 ms,
239 3912 320 3976 fecit
346 3912 391 3975 ibi
420 3921 645 3977 testamentum
674 3934 779 3996 suum,
805 3918 902 3980 relin-
956 3919 1022 3975 met
1048 3929 1083 3973 se
1111 3910 1248 3992 exponit.
1280 3911 1427 3973 Amorem
1456 3908 1561 3991 itaque
1590 3910 1704 3973 Christi

151 4027 249 4089 quens
273 4012 356 4073 illud
385 4012 451 4073 suis
474 4012 645 4095 Apostolis,
672 4022 704 4077 et
731 4033 787 4096 per
815 4016 900 4098 ipsos
955 4009 1172 4091 metaphorice
1186 4016 1278 4073 vocat
1297 4027 1440 4088 avamm,
1455 4007 1606 4090 quoniam
1622 4008 1706 4071 sicut

151 4108 273 4171 cunctis
292 4107 445 4171 fidelibus
468 4128 569 4191 usque
592 4111 626 4172 in
651 4110 750 4175 finem
775 4114 897 4176 mundi.
955 4127 1070 4171 avarus
1094 4108 1177 4171 bona
1198 4106 1331 4170 aliorum
1353 4106 1484 4169 attrahit
1504 4105 1565 4168 sibi
1587 4114 1619 4169 et
1640 4107 1704 4171 col-

150 4204 233 4268 lstud
251 4214 479 4271 testamentum
503 4217 553 4271 est
576 4208 711 4291 ipsemet
733 4211 767 4272 in
791 4212 900 4275 Sacra·
914 4209 939 4272 D
955 4207 1037 4289 figit,
1067 4206 1114 4270 sic
1142 4206 1283 4269 Christus
1316 4222 1390 4269 suos
1424 4203 1539 4269 fideles
1574 4205 1705 4269 attrahit

150 4312 266 4369 mento.
282 4305 325 4369 Et
337 4304 407 4387 ipse
421 4324 440 4368 a
453 4305 544 4368 Patre
564 4308 687 4389 primus
708 4310 899 4374 constitutus
955 4306 1028 4386 sibi,
1049 4313 1081 4368 et
1105 4322 1204 4367 unum
1229 4323 1286 4387 per
1307 4303 1471 4367 caritatem
1495 4301 1574 4366 facit
1592 4322 1647 4369 eos
1668 4303 1703 4368 in

150 4410 196 4465 est
216 4404 391 4486 episcopus
414 4404 512 4468 totius
534 4404 787 4487 Christianitatis,
804 4418 899 4493 atque
954 4424 988 4468 se
1005 4428 1012 4466 ε
1029 4404 1141 4485 sicque
1155 4402 1271 4467 dicitur
1285 4420 1339 4467 ecs
1360 4402 1538 4481 comedere,
1555 4401 1588 4463 in
1604 4421 1703 4484 quan·

149 4500 180 4563 in
203 4520 241 4565 ea
260 4501 400 4584 primam
420 4502 546 4566 llissam
569 4504 754 4583 celebravit,
777 4506 812 4569 in
836 4528 899 4591 qua
954 4512 1021 4566 tum
1054 4521 1112 4585 per
1143 4501 1260 4564 amoris
1294 4500 1446 4563 unionem
1480 4499 1637 4562 convertit
1671 4508 1703 4565 ct

149 4600 314 4681 Apostolos
353 4600 515 4663 ordinavit
549 4602 762 4684 presbyteros,
798 4611 830 4668 et
864 4627 898 4671 se
954 4599 1157 4663 transformat
1179 4598 1264 4682 ipsos
1285 4598 1318 4660 in
1339 4617 1384 4676 se,
1405 4605 1498 4679 atque
1521 4596 1702 4680 incorporat

148 4694 251 4777 ipsum
276 4716 317 4761 ex
345 4697 444 4760 nimia
468 4699 599 4762 caritate
627 4700 715 4763 dedit
741 4702 836 4765 nobis
864 4705 897 4765 in
954 4699 1040 4781 ipsos
1059 4698 1133 4777 sihi,
1153 4706 1188 4760 ut
1207 4696 1271 4759 sint
1291 4696 1460 4778 mysticum
1483 4713 1598 4777 corpus
1617 4696 1699 4778 ejus

149 4794 259 4859 anima
274 4796 386 4859 cibum
400 4815 437 4859 ac
453 4799 682 4879 potumAmor
695 4799 810 4863 Christi
825 4820 899 4863 ava·
953 4797 1004 4859 Sic
1032 4814 1158 4877 quoque
1187 4795 1364 4858 conformat
1388 4812 1443 4857 eos
1468 4813 1533 4857 suae
1556 4794 1640 4873 vitae,
1667 4802 1701 4858 ut

148 4910 200 4954 rus
214 4900 263 4955 est
277 4901 312 4956 et
327 4894 434 4976 largus
448 4918 455 4955 :
471 4894 537 4958 imo
551 4914 648 4977 super
662 4897 770 4959 omnia
784 4917 898 4961 avarus
953 4893 1210 4957 christiformiter
1223 4901 1463 4971 conversentur,
1477 4900 1510 4955 et
1524 4893 1699 4956 secuudum

148 4998 194 5051 cst
211 4999 244 5053 et
261 4991 383 5073 largus,
399 4992 474 5075 quia
491 4994 546 5055 dat
569 4994 662 5057 nobis
687 5003 788 5058 totum
813 4998 897 5078 quod
952 4992 1144 5073 exigentiam
1173 4999 1204 5053 et
1231 4997 1373 5053 tenorem
1402 4990 1541 5054 caritatis
1569 4991 1697 5071 divine,

149 5097 194 5151 ost
208 5098 240 5153 et
258 5091 368 5172 habet,
389 5099 422 5154 et
439 5110 614 5155 econverso
634 5092 748 5175 recipit
767 5094 897 5157 anobis
952 5100 1045 5171 atque
1070 5090 1247 5153 secundum
1269 5089 1482 5153 sinceritatem
1507 5089 1698 5169 evangelica

149 5186 296 5251 similiter
315 5196 416 5253 totum
434 5190 519 5272 quod
541 5209 651 5254 sumus
675 5199 708 5254 et
730 5191 894 5272 habemus,
952 5188 1032 5270 legis
1046 5210 1055 5266 3
1071 5205 1135 5250 non
1150 5206 1221 5269 quas
1236 5205 1293 5249 sua
1315 5194 1398 5268 sunt,
1415 5187 1470 5249 sed
1491 5203 1562 5267 quae
1584 5185 1696 5248 Christi
1712 5204 1844 5264 roorsaq

148 5304 185 5349 ²⁰
213 5306 312 5371 ⁵¹¹l’er
346 5288 417 5367 ¹¹⁰⁰,
448 5288 682 5369 quodammodo
710 5289 849 5372 postulat
875 5309 895 5353 a
950 5286 1070 5369 jugiter
1084 5284 1295 5366 exquirentes,
1312 5292 1347 5346 ut
1367 5284 1471 5347 dicere
1493 5290 1588 5365 queat
1602 5282 1755 5349 unus-¹¹¹¹*
1770 5273 1791 5315 ⁵·
