4309 6259
685 1047 1168 1161 PROOEMIUM

786 1360 1064 1373 *

286 1758 364 1816 vetit
383 1759 481 1826 Deus,
501 1757 569 1815 aiei
590 1764 626 1815 tu
646 1758 776 1815 dederis
797 1758 1006 1831 sapientiam,
1022 1767 1052 1817 ct
1074 1758 1203 1817 miseris
1221 1758 1389 1833 Spiritum
1412 1767 1505 1818 tuum
1523 1760 1564 1817 de
1583 1758 1699 1817 coetia?

284 1864 356 1943 Sap.
374 1880 417 1937 rx,
435 1860 484 1942 13,
501 1860 550 1923 ll.

269 1970 330 2033 hoc
352 1968 456 2031 omnis
481 1975 585 2031 creata
609 1968 747 2031 essentia
767 1968 807 2031 ab
829 1968 969 2032 increata
991 1977 1085 2051 atque
1106 1970 1215 2032 divina
1235 1969 1373 2032 essentia
1392 1968 1497 2050 distat,
1520 1971 1604 2052 quod
1629 1970 1699 2053 ipsa
1797 1996 1801 2004 ·

157 2098 276 2141 summa
289 2078 344 2141 liei
359 2086 476 2141 retorna
486 2078 623 2141 essentia
637 2096 764 2141 omnem
780 2078 813 2140 in
835 2096 869 2139 se
890 2076 1118 2159 perfectionem
1140 2096 1177 2140 ac
1198 2077 1407 2156 nobilitatem,
1423 2077 1543 2159 absque
1564 2080 1699 2161 proprias

156 2184 365 2267 simplicitatis
380 2182 600 2263 minoratione,
617 2183 735 2265 absque
751 2184 886 2265 propriae
906 2182 1052 2266 puritatis
1071 2183 1295 2247 commixtione
1309 2191 1342 2245 et
1356 2183 1424 2247 sine
1441 2184 1529 2247 omni
1543 2185 1700 2267 composi-

158 2292 245 2355 tionis
260 2292 477 2354 additamento
492 2290 637 2371 includit,
646 2310 744 2372 quum
759 2289 828 2373 ipsa
840 2290 881 2352 sit
895 2290 1029 2373 simplex
1043 2296 1075 2353 et
1087 2290 1356 2354 incommutabilis
1370 2290 1475 2353 unitas
1489 2293 1591 2373 prima
1605 2299 1699 2373 atque

156 2398 302 2480 perlecta.
319 2396 427 2460 Omnis
449 2396 566 2459 etenim
588 2397 758 2460 multitudo
779 2396 819 2459 ab
842 2396 962 2459 unitate
985 2396 1138 2480 procedit,
1155 2416 1213 2460 nec
1228 2405 1278 2461 est
1297 2397 1329 2459 in
1352 2416 1386 2460 se
1402 2397 1470 2481 ipso
1484 2416 1607 2461 summe
1629 2417 1700 2480 per-

155 2504 270 2567 lectum
294 2504 326 2565 in
348 2522 412 2587 quo
433 2504 599 2567 diversitas
620 2503 792 2567 invenitur.
810 2504 905 2567 Poma
919 2504 1024 2567 omnis
1045 2512 1150 2567 creata
1170 2505 1308 2567 essentia
1322 2504 1354 2565 in
1378 2523 1411 2567 se
1425 2504 1495 2586 ipsa
1512 2504 1699 2587 imperfecta

155 2619 208 2691 est,
221 2630 326 2693 neque
341 2610 482 2693 perlecta
496 2610 585 2673 ellici
602 2610 686 2674 valet
700 2611 761 2673 nisi
777 2611 869 2693 plura
883 2610 1039 2673 addantur
1053 2612 1208 2673 essentia.
1217 2610 1498 2691 Unde,secundum
1513 2611 1697 2693 Dionysium

155 2720 321 2782 undecimo
345 2718 503 2799 Angelicae
527 2718 713 2781 hierarchia
737 2718 888 2801 capitulo,
911 2718 971 2800 ipsi
997 2738 1124 2801 quoque
1148 2718 1283 2800 angelici
1305 2718 1434 2801 spiritus
1459 2719 1644 2781 dividuntur
1665 2719 1698 2781 in

155 2826 209 2888 tria
222 2850 228 2887 :
241 2826 395 2907 quoniam
411 2826 443 2887 in
459 2824 602 2908 quolibet
615 2826 728 2906 angelo
742 2825 1001 2889 diversificantur
1015 2826 1163 2905 essentia,
1176 2825 1275 2888 virtus
1288 2834 1322 2887 et
1335 2826 1428 2907 actio,
1442 2846 1498 2889 seu
1512 2844 1593 2906 esse,
1606 2845 1699 2909 posse

154 2942 182 2994 et
201 2932 337 3015 operari,
353 2932 391 2994 Et
412 2940 530 3015 quanto
552 2932 732 2995 intellectus
756 2940 879 3017 oreatus
904 2933 945 2995 ab
967 2932 1107 2996 increato
1130 2931 1367 3015 simplicissimo
1388 2934 1552 2996 intellectu
1574 2933 1699 3014 longius

154 3040 246 3102 distat
268 3040 339 3103 sive
361 3039 494 3103 inlerior
514 3038 623 3121 luerit,
639 3059 678 3103 eo
700 3040 905 3122 compositior
919 3048 977 3121 est,
994 3058 1058 3103 non
1082 3039 1113 3101 in
1135 3040 1284 3120 essentia,
1300 3040 1402 3102 sedin
1424 3041 1653 3124 potentialitate
1668 3049 1700 3105 et

152 3149 345 3229 operatione,
363 3146 529 3229 speciebus
554 3155 648 3228 atque
672 3146 844 3227 habitibus,
861 3166 898 3211 ao
919 3146 1065 3229 pluribus
1089 3147 1235 3228 indigens
1257 3148 1295 3210 ad
1318 3148 1378 3210 boc
1400 3148 1484 3229 quod
1506 3148 1618 3212 ultimo
1639 3148 1699 3211 lini

152 3264 241 3334 queat
266 3254 433 3335 conjungi.
454 3254 555 3328 Quum
581 3272 656 3335 ergo
681 3254 788 3316 aalma
811 3252 972 3317 rationalis
997 3255 1140 3317 omnium
1166 3253 1429 3317 intellectualium
1455 3264 1638 3319 naturarum
1660 3256 1702 3319 sit

152 3361 272 3443 infima,
283 3362 429 3445 pluribus
444 3370 517 3442 eget
529 3361 656 3424 auxiliis
670 3370 702 3424 at
716 3380 797 3444 pene
813 3362 1101 3425 innumerabilibus
1116 3362 1350 3442 additamentis,
1361 3371 1530 3445 antequam
1545 3364 1700 3428 altissimo

153 3467 197 3531 illi
212 3470 289 3550 enti,
308 3468 422 3532 ultimo
436 3467 508 3549 lini,
524 3468 587 3533 Deo
603 3469 730 3531 sublimi
754 3470 934 3532 immediate
956 3470 1055 3551 possit
1070 3470 1155 3532 uniri
1173 3494 1179 3531 :
1196 3469 1370 3552 prasertim
1385 3488 1483 3551 quum
1498 3471 1575 3533 linis
1589 3471 1701 3552 hujus-

153 3578 233 3639 modi
249 3576 501 3659 supematuralis
516 3576 678 3640 consistat.
687 3578 765 3640 Hinc
781 3596 895 3659 nempe
910 3577 1066 3658 contingit
1079 3578 1163 3658 quod
1180 3584 1266 3640 tanta
1276 3585 1378 3639 exstat
1390 3577 1424 3639 in
1439 3578 1531 3641 nobis
1546 3578 1699 3641 virtutum

153 3684 325 3763 distinctio,
341 3684 499 3747 donorum
520 3683 699 3763 diversitas,
719 3684 904 3765 gratiarum,
926 3682 1143 3763 scientiarum,
1163 3682 1407 3762 beatitudinum,
1427 3683 1590 3746 lructuum
1612 3684 1700 3747 simi-

152 3790 290 3873 liumque
314 3790 489 3855 formarum
511 3790 646 3853 varietas
664 3790 878 3872 :quaomnia
900 3790 1041 3853 indicant
1055 3798 1174 3871 quanta
1195 3790 1236 3853 sit
1249 3792 1396 3854 humanm
1410 3799 1529 3854 naturae
1548 3791 1696 3873 delectio,

152 3906 264 3979 quanta
285 3896 472 3978 indigentia,
494 3904 611 3978 quanta
632 3897 809 3961 declivitas.
830 3898 874 3959 Ex
899 3916 962 3979 quo
988 3897 1225 3959 evidentissime
1251 3897 1431 3977 innotescit,
1451 3898 1536 3979 quod
1562 3900 1698 3982 propriis

151 4003 269 4067 viribus
285 4022 381 4067 nemo
397 4004 559 4067 conlidcre
575 4002 669 4067 debet
683 4022 742 4067 nec
757 4004 796 4068 de
812 4005 983 4087 semetipso
997 4024 1199 4086 presumere.
1216 4004 1296 4079 Quid
1317 4004 1403 4067 enim
1424 4004 1521 4067 babet
1534 4007 1617 4086 quod
1634 4026 1697 4071 non
1725 4034 1734 4079 1
1749 4036 1802 4080 ω,
1814 4050 1843 4089 ,,,

152 4110 330 4193 acceperitl
346 4111 412 4173 lmo
431 4111 508 4193 quid
523 4110 618 4173 babet
632 4111 716 4193 quod
738 4130 802 4175 non
824 4109 1084 4174 incessabilitera
1097 4110 1162 4174 Deo
1176 4110 1356 4174 conservari
1371 4110 1533 4192 indigeatt
1549 4113 1699 4177 llumilie-
1711 4100 1814 4215 {pm
1822 4166 1843 4208 ⁶·

151 4236 219 4279 mur
234 4218 332 4299 igitur
353 4216 413 4279 sub
433 4217 556 4298 potenti
577 4236 674 4280 manu
689 4217 756 4297 Dei,
772 4226 804 4280 et
824 4236 918 4281 omne
940 4217 1059 4280 bonum
1082 4237 1119 4280 ac
1142 4218 1290 4280 meritum
1305 4217 1368 4279 lleo
1382 4217 1521 4298 glorioso
1542 4227 1574 4282 et
1589 4230 1698 4285 sancto

151 4323 333 4406 plenissime
347 4324 577 4406 adscribamus,
594 4332 626 4389 et
645 4345 717 4389 oum
740 4324 889 4407 apostolo
911 4343 984 4387 oum
1005 4324 1121 4387 humili
1141 4344 1267 4407 semper
1286 4325 1458 4406 gratiarum
1475 4326 1599 4390 actione
1613 4328 1699 4391 dica-

152 4450 219 4493 mus
237 4456 244 4493 r
261 4432 371 4495 Gratia
384 4432 525 4495 naisum
541 4432 573 4495 id
588 4434 671 4513 quod
687 4450 768 4495 sum.
1710 4438 1848 4492 {Car-att·

207 4540 363 4613 Quoniam
388 4548 494 4603 autem
521 4538 602 4602 inter
626 4538 837 4621 perlectiones
861 4538 1016 4602 divinitus
1041 4539 1134 4603 nobis
1158 4540 1299 4619 collatas,
1321 4540 1407 4603 dona
1430 4540 1536 4603 Sancti
1561 4542 1697 4623 Spiritus

152 4647 311 4709 excelsum
326 4646 470 4709 obtinent
485 4646 602 4727 locum,
616 4646 733 4709 idcirco
748 4646 787 4709 do
801 4647 851 4709 bis
866 4646 957 4710 donis
973 4646 1223 4728 tractare,bujus
1237 4646 1386 4710 editionis
1400 4646 1534 4712 intentio
1550 4648 1600 4712 sit.
1610 4649 1697 4724 Quod

152 4763 186 4815 ut
199 4755 295 4836 digne
310 4754 437 4837 exsequi
452 4753 587 4833 valeam,
603 4752 869 4817 illuminationem
884 4753 1020 4835 Spiritus
1035 4754 1141 4817 Sancti
1165 4762 1228 4817 tam
1250 4753 1425 4817 allectuose
1447 4755 1581 4838 imploro
1602 4777 1697 4839 quam

153 4861 308 4922 veraciter
331 4880 401 4923 eam
424 4860 502 4922 mihi
523 4861 733 4924 necessariam
755 4880 824 4924 esso
847 4879 1016 4943 cognosco,
1038 4861 1196 4943 precipue
1218 4862 1250 4923 in
1271 4880 1367 4951 opere
1389 4870 1487 4944 tanto,
1507 4865 1592 4945 quod
1615 4866 1698 4929 vires

153 4986 238 5029 meas
260 4986 389 5049 prorsus
412 4968 606 5031 transcendit
623 4990 630 5029 ε
647 4969 731 5051 quod
753 4988 812 5032 nec
834 4969 925 5032 aliter
946 4969 1061 5033 inchoo
1083 4968 1145 5030 nisi
1169 4968 1201 5030 in
1223 4968 1295 5050 ejus
1316 4968 1537 5034 liberalissima
1557 4971 1698 5037 bonitate

153 5072 329 5139 conlidens.

163 1646 347 2031 QUIS
370 1648 538 1707 dominum
558 1650 681 1724 poterit
709 1650 792 1707 scire
815 1650 988 1709 consitium
1018 1650 1091 1718 net,
1116 1658 1174 1709 aut
1202 1650 1277 1728 quia
1301 1652 1424 1725 poterit
1448 1651 1592 1728 copitare
1616 1651 1699 1728 quid

223 1991 242 2031 n

683 5270 1163 5285 m
