4309 6259
411 464 471 531 294
706 480 746 528 ult
766 482 915 530 rasstorta
936 481 1044 529 boum!
1066 481 1253 529 SALVATORIS
1275 482 1434 530 ulandans
1458 502 1496 513 -
1518 483 1588 529 Alta.
1611 482 1665 531 XVI

411 653 525 717 cialem
547 671 584 715 ao
605 652 768 716 fruitivam
793 653 950 717 visionem
974 652 1158 717 beatificam
1173 654 1199 717 Α
1215 661 1285 716 tens
1301 661 1349 716 est
1363 653 1489 735 ligatus,
1507 654 1589 718 Deus
1603 654 1712 736 gloriae
1733 653 1958 733 conculcatum

410 772 470 817 nos
489 752 602 815 creasti
620 775 627 813 :
644 751 691 814 sic
710 753 795 833 quod
814 751 877 814 nisi
896 754 936 815 ad
955 771 1025 815 eam
1045 753 1160 834 perdu-
1214 752 1327 815 esuriit
1350 752 1454 834 panis,
1477 752 1550 816 fons
1570 752 1680 833 sitivit,
1696 752 1748 815 via
1767 753 1838 833 ipsa
1857 754 1891 815 in
1911 752 1962 816 via

411 870 568 930 ceremur,
598 859 748 914 aternam
776 858 958 933 pateremur
984 850 1160 914 damnatio·
1215 857 1263 913 θεῖ
1277 849 1418 933 fatigata,
1437 851 1560 914 Veritas
1579 850 1669 914 falsis
1684 850 1961 914 criminationibus

412 970 497 1028 nem,
514 949 671 1013 infamale
685 948 869 1012 incendium
891 957 923 1011 et
942 949 1091 1012 univorsa
1113 949 1161 1011 in·
1215 946 1370 1029 impetita,
1387 957 1419 1012 et
1437 950 1570 1013 Sanctus
1590 950 1777 1013 Sanctorum
1800 949 1833 1010 iu
1857 950 1962 1013 medio

411 1049 552 1112 ferorum
567 1048 735 1130 supplicia.
748 1048 913 1129 Quumque
928 1047 1089 1111 beatitudo
1105 1047 1160 1109 illa
1215 1046 1372 1110 latronum
1388 1056 1436 1109 est
1450 1066 1624 1129 suspensus
1638 1066 1676 1109 ac
1692 1046 1774 1109 inter
1795 1065 1849 1109 eos
1871 1065 1963 1129 repu-

412 1155 445 1210 et
470 1147 571 1229 gloria
598 1146 640 1208 sit
666 1154 731 1209 tam
759 1146 1022 1209 inestimabiliter
1049 1147 1157 1228 digna,
1216 1150 1309 1206 tatus.
1326 1144 1420 1207 Porro
1435 1145 1502 1207 haeo
1524 1144 1639 1226 hisque
1661 1144 1780 1207 similia
1798 1163 1856 1227 per
1877 1163 1963 1208 com-

412 1263 538 1327 magua,
551 1244 672 1322 divina,
685 1252 778 1326 atque
792 1243 953 1308 damnatio
968 1243 1024 1306 illa
1039 1243 1081 1306 sit
1095 1252 1158 1306 tam
1215 1241 1464 1305 municationem
1487 1243 1674 1306 idiomatum
1698 1242 1859 1305 verificari
1885 1242 1963 1305 fatc-

411 1342 692 1407 vebementissime
723 1341 831 1425 gravis
863 1361 900 1405 ac
928 1341 1102 1424 fugienda3
1132 1342 1158 1403 si
1216 1359 1297 1421 mur,
1313 1341 1357 1403 ita
1379 1342 1462 1422 quod
1488 1360 1547 1404 nec
1573 1340 1637 1403 vita
1661 1341 1812 1419 increata,
1828 1360 1888 1404 nec
1911 1341 1962 1404 lux

411 1441 479 1504 baec
503 1442 567 1505 duo
591 1440 842 1518 considerentur,
859 1448 891 1502 et
916 1439 992 1502 item
1016 1439 1161 1522 supcrin·
1216 1446 1343 1517 aeterua,
1370 1458 1429 1501 nec
1459 1438 1560 1502 virtus
1590 1438 1746 1501 immensa
1774 1438 1807 1501 iu
1836 1439 1963 1501 deitatis

411 1538 506 1602 finita
523 1538 659 1615 bouitas,
677 1537 804 1614 caritas,
816 1536 1038 1599 munificentia
1052 1546 1084 1599 et
1102 1537 1161 1598 mi·
1216 1543 1328 1598 natura
1350 1535 1471 1618 aliquid
1487 1538 1600 1600 horum
1623 1545 1671 1599 θεῖ
1691 1556 1795 1620 passa.

412 1636 585 1699 sericordia
604 1643 658 1698 tua
676 1635 715 1697 ad
737 1633 959 1716 tuafigmeuta
980 1634 1160 1697 illuminato
1257 1634 1428 1696 Satvarou.
1458 1671 1499 1681 —
1526 1636 1597 1697 llaec
1625 1634 1734 1699 omnia
1762 1633 1905 1698 fideliter
1931 1655 1968 1697 es

411 1734 505 1798 oculo
527 1733 775 1817 perpendantur,
791 1733 968 1795 minoratur
991 1732 1159 1795 admiratio
1217 1730 1351 1794 locutus.
1368 1732 1442 1795 ldoo
1461 1733 1552 1795 stude
1572 1733 1639 1796 hac
1659 1734 1820 1797 moderate
1839 1732 1962 1811 mirari,

411 1832 483 1895 illa:
494 1832 569 1914 quia
583 1840 615 1894 et
628 1831 782 1894 naturalis
798 1830 877 1895 ratio
891 1831 958 1893 fide
972 1839 1004 1893 et
1019 1830 1159 1912 Scriptu—
1178 1828 1201 1890 B
1217 1829 1359 1892 mirando
1374 1829 1549 1911 regratiari,
1569 1830 1767 1911 regratiando
1781 1829 1913 1893 obedire
1928 1850 1963 1893 ac

410 1932 454 1995 ris
482 1930 602 2011 adjuta,
629 1930 705 1992 satis
736 1929 892 1993 consentit
916 1937 947 1993 et
975 1928 1074 1991 dictat
1102 1947 1159 1991 seu
1216 1926 1344 1989 imitari.
1376 1928 1409 1990 Si
1438 1928 1525 1991 onim
1553 1929 1635 1991 Deus
1666 1946 1723 2010 pro
1751 1937 1782 1991 te
1812 1928 1965 1991 sustinuit

411 2028 575 2110 approbat,
605 2026 690 2107 quod
721 2034 866 2088 creatura
893 2046 973 2107 pura
1000 2044 1064 2088 nou
1090 2034 1160 2089 erat
1214 2033 1310 2103 tauta,
1328 2044 1386 2087 eur
1404 2034 1438 2087 tu
1458 2044 1522 2089 nou
1544 2026 1593 2088 vis
1614 2026 1891 2108 proportionaliter
1906 2046 1964 2109 pro

410 2125 569 2208 condigna
584 2132 704 2187 tanum
718 2123 949 2187 beatitudinem
965 2125 1159 2206 generalem·
1215 2123 1315 2187 saluto
1338 2124 1461 2206 perpeti
1484 2128 1559 2187 tuaf

410 2243 473 2305 que
495 2224 630 2305 gratiam
658 2242 695 2285 ac
724 2224 858 2285 salutem
885 2231 918 2285 et
945 2223 1158 2285 universalem
1255 2222 1425 2285 Sanvarus.
1455 2258 1496 2269 -·
1529 2223 1664 2305 lmplore
1700 2240 1842 2304 propono
1877 2224 1963 2304 quod

411 2320 663 2403 redemptionem
682 2320 791 2402 generi
810 2320 983 2403 promereri
1008 2340 1045 2383 ac
1070 2340 1160 2383 recu·
1215 2338 1297 2381 uuus
1317 2327 1442 2383 tuorum
1466 2320 1546 2383 dixit
1569 2320 1716 2384 fidelium
1740 2320 1937 2383 imitatorum
1954 2345 1962 2383 :
1977 2341 2082 2385 anama

411 2438 523 2503 perere
537 2420 688 2481 bumauo.
704 2418 870 2499 Quumque
885 2418 968 2480 Deus
983 2418 1015 2480 in
1031 2417 1158 2481 deitatis
1214 2416 1369 2490 Quamdiu
1384 2418 1504 2498 vixero,
1517 2436 1640 2481 memor
1654 2437 1708 2482 ero
1723 2418 1867 2482 laborum
1882 2436 1964 2500 quos

411 2526 523 2580 natura
537 2534 601 2579 non
616 2524 701 2579 esset
719 2525 813 2597 aptus
834 2517 959 2593 mereri,
978 2517 1071 2597 plaue
1093 2534 1158 2578 nou
1215 2515 1373 2597 pertulisti
1395 2517 1429 2578 in
1453 2516 1666 2598 pradicando‚
1685 2516 1908 2599 fatigationum
1931 2518 1964 2579 in

411 2616 452 2679 ob
468 2615 753 2697 imperfectionem,
766 2615 822 2677 sed
836 2614 878 2678 ob
893 2634 957 2677 sua
972 2614 1159 2696 supremita-
1215 2614 1433 2694 discurrendo,
1463 2614 1674 2678 tentationum
1707 2614 1740 2676 iu
1772 2614 1963 2696 jejunando,

411 2714 464 2793 tis,
472 2712 736 2795 impassibilitatis
750 2711 949 2792 infinitaque
964 2712 1158 2774 excellentia
1215 2711 1398 2793 vigiliarum
1415 2712 1448 2774 iu
1463 2713 1593 2793 orando,
1611 2713 1812 2775 lacrimarum
1828 2712 1862 2774 in
1878 2732 1968 2777 com-

411 2811 654 2895 perfectionem,
675 2809 1014 2873 convenientissimum
1032 2827 1159 2890 quoquc
1216 2808 1377 2890 patiendo,
1413 2810 1571 2889 dolorum,
1601 2810 1825 2889 convitiorum,
1856 2820 1969 2893 sputo-

412 2909 600 2975 consisteret
614 2916 650 2970 ut
663 2916 776 2970 natura
790 2926 861 2989 quae
875 2907 1013 2989 perdidit
1035 2927 1161 2989 repara·
1215 2924 1297 2983 rum,
1334 2906 1551 2988 colaphorum,
1587 2908 1883 2986 subsannationum,
1915 2928 1969 2971 ex·

412 3016 469 3085 ret,
486 3015 518 3071 et
531 3008 586 3089 qui
606 3006 754 3083 offendit,
771 3005 996 3068 satisfaciendo
1019 3000 1195 3069 recondi-G
1217 3004 1467 3085 probrationum,
1492 3004 1705 3087 flagellorum,
1733 3006 1910 3084 clavorum,
1937 3016 1970 3069 et

412 3106 524 3184 liaret3
540 3105 587 3167 nil
603 3104 823 3168 rationabilius
838 3104 1006 3166 videbatur
1027 3113 1158 3184 restare,
1217 3102 1434 3164 consimilium
1462 3103 1576 3166 horum
1600 3122 1670 3184 quae
1695 3123 1753 3186 pro
1777 3123 1828 3167 mo
1852 3124 1970 3185 passus

411 3203 475 3266 nisi
490 3211 526 3265 ut
543 3203 626 3265 Deus
640 3201 793 3265 inviolata
806 3201 923 3265 deitate
943 3201 1038 3263 fieret
1051 3203 1158 3279 homo,
1217 3218 1261 3278 es,
1279 3201 1423 3264 Domine.

413 3310 506 3383 atque
537 3319 595 3383 per
621 3308 816 3381 assumptam
847 3298 1078 3361 humanitatem
1113 3320 1161 3363 re-

411 3407 548 3484 pararet,
578 3397 808 3475 reconciliaret,
844 3397 981 3460 salvaret
1014 3405 1159 3461 naturam

412 3500 598 3562 humanam,
1408 3462 1655 3530 ARTICULUS
1679 3466 1770 3529 XVI.

454 3598 678 3661 Verumtamen
700 3594 909 3657 ineffabiliter
927 3613 1078 3676 maguum
1103 3595 1161 3656 mi·
1280 3612 1431 3680 Qualiter
1457 3613 1698 3674 consideranda
1724 3615 1768 3674 sit
1792 3615 1905 3690 passio

413 3714 548 3776 rumque
571 3694 684 3773 fateor,
704 3694 788 3774 quod
811 3701 858 3770 tu,
873 3691 1041 3773 Unigenite
1062 3692 1161 3755 Patris
1317 3702 1503 3761 Saloutaria
1516 3704 1561 3761 ad
1576 3703 1864 3778 inflammandum.

412 3793 534 3872 aetemi,
547 3792 629 3855 Patri
643 3791 785 3873 aequalis,
799 3798 863 3853 tam
880 3789 1024 3871 fragilem
1040 3798 1162 3853 creatu-

413 3911 481 3955 ram
496 3892 534 3953 ad
551 3900 615 3953 tana
630 3888 901 3971 supernaturalem
921 3896 953 3951 et
972 3887 1162 3950 sublimissi-
1257 3884 1429 3949 Sacvaroa.
1446 3884 1575 3959 -Quis
1597 3894 1660 3949 tam
1683 3887 1792 3967 duruS,
1808 3888 1972 3970 ingratus,

413 4010 499 4054 mam
514 3988 684 4052 condidisti
701 3987 897 4065 felicitatem,
914 3994 1008 4069 atque
1023 4005 1080 4068 pro
1096 4007 1163 4049 cre·
1217 4002 1398 4065 pervorsus,
1427 3983 1483 4064 qui
1519 4002 1582 4046 nou
1617 3986 1767 4048 tandem*
1795 3986 1974 4051 beneficiis
1988 4012 2108 4053 uacuas

413 4097 504 4151 atura
524 4086 580 4148 illa
598 4085 722 4168 perdita
742 4083 927 4147 redimenda
947 4092 979 4147 et
998 4084 1160 4163 salvanda,
1217 4080 1414 4144 emolliaturl
1428 4082 1483 4163 qui
1499 4100 1564 4144 uon
1578 4082 1684 4164 diligit
1699 4103 1771 4147 eum
1786 4104 1884 4167 aquo
1902 4106 1974 4150 son·

413 4194 537 4249 tautum
553 4193 584 4247 te
599 4183 755 4264 dejecisti,
771 4182 947 4245 humiliasti
970 4191 1001 4246 et
1021 4181 1160 4264 fatigasti
1177 4185 1202 4247 D
1218 4180 1256 4241 tit
1269 4188 1301 4243 θῖ
1320 4180 1423 4243 noscit
1442 4199 1476 4242 se
1496 4180 1633 4243 maxime
1651 4182 1765 4263 diligit
1780 4182 1894 4247 Nonne
1917 4206 1975 4249 ve-

414 4294 446 4348 te
467 4285 583 4366 ipsum,
599 4291 632 4345 θῖ
650 4290 737 4345 tauta
755 4301 792 4344 ac
813 4281 887 4344 talia
907 4281 1096 4344 sustinuisti.
1112 4282 1164 4343 Εῖ-
1218 4296 1288 4340 rum
1303 4285 1352 4339 θεῖ
1370 4278 1455 4358 quod
1475 4277 1623 4341 Salomon
1648 4278 1728 4342 dixit
1745 4304 1751 4341 :
1768 4280 1880 4344 liunus
1896 4283 1975 4347 abs-
2000 4308 2104 4351 mm.

414 4384 500 4448 euim
523 4382 557 4444 in
576 4382 636 4444 hac
655 4388 719 4460 tua,
737 4379 881 4459 Domine,
897 4379 1044 4462 passiouc
1068 4380 1163 4443 salvi·
1218 4375 1380 4439 conditum
1406 4375 1578 4456 exstinguit
1601 4376 1692 4455 iram,
1718 4385 1750 4440 ct
1780 4379 1903 4442 donum
1939 4382 1973 4444 in
1989 4375 2023 4416 ¹⁸·

414 4482 490 4559 fica,
521 4479 751 4562 propositiones
784 4497 913 4559 prorsus
941 4477 1103 4540 mirabiles
1131 4486 1163 4541 et
1218 4472 1290 4536 sinu
1305 4472 1554 4554 indignationem
1576 4474 1768 4537 maximaml
1783 4476 1885 4550 Quum
1912 4478 1976 4561 igi-

415 4580 607 4663 sapientium
635 4576 743 4641 saeeuli
768 4576 864 4656 hujus
887 4576 1010 4657 judicio
1035 4576 1162 4658 penitus
1218 4579 1270 4633 tur
1289 4570 1395 4653 passio
1411 4570 1584 4633 measitiu
1601 4572 1844 4637 sebeueficium
1866 4578 1977 4640 maxi-

415 4677 641 4761 impossibiles,
657 4674 830 4738 verificataa
852 4682 925 4736 suut
946 4683 978 4737 et
997 4674 1159 4757 impletae:
1218 4689 1318 4749 mum,
1341 4669 1374 4731 in
1399 4676 1553 4750 quantum
1578 4676 1627 4732 est
1650 4670 1768 4734 oblatio
1792 4691 1848 4753 pro
1873 4676 1977 4741 vobis

415 4777 565 4861 quoniam
586 4793 697 4857 passus
716 4782 764 4836 est
782 4773 875 4851 Deus,
891 4773 1017 4836 occisus
1035 4780 1084 4836 θεῖ
1104 4773 1163 4835 im·
1219 4767 1358 4831 exhibita
1380 4767 1474 4845 Patri,
1497 4786 1533 4829 ae
1558 4768 1798 4849 perfectissima
1823 4773 1978 4837 caritatis

415 4874 568 4952 mortalis,
585 4873 651 4935 vita
666 4873 735 4954 ipsa
749 4880 873 4935 mortua
894 4879 961 4951 est;
977 4872 1031 4934 lux
1045 4871 1163 4934 iuvari·
1217 4866 1352 4929 effectus
1380 4873 1474 4946 atque
1504 4864 1672 4945 indicium,
1697 4866 1787 4947 juxta
1808 4870 1895 4949 quod
1924 4872 1978 4935 di-

415 4973 508 5038 abilis
527 4982 559 5036 et
576 4979 694 5035 aeterna
717 4977 765 5032 est
788 4970 966 5050 obscurata,
983 4989 1109 5032 summa
1132 4978 1163 5032 et
1218 4972 1303 5026 ctum
1318 4971 1377 5043 est,
1393 4962 1542 5043 llajorem
1557 4963 1720 5027 caritatem
1740 4984 1834 5029 nemo
1856 4966 1976 5049 babet,
1992 4998 2101 5041 rma„

415 5072 543 5136 infinita
564 5068 726 5151 Sapientia
746 5075 794 5131 θεῖ
812 5067 916 5147 irrisa,
932 5069 1031 5131 ludex
1055 5088 1164 5131 esson—
1217 5071 1252 5125 ut
1274 5060 1413 5124 animam
1440 5080 1529 5123 suam
1554 5069 1651 5143 ponat
1673 5062 1744 5143 quis
1768 5081 1827 5144 pro
1852 5068 1978 5133 amicis
1995 5070 2028 5110 ¹³·

415 5171 532 5234 tialiter
550 5176 679 5232 sanetus
702 5174 735 5231 θῖ
756 5166 861 5248 iustus
884 5185 902 5228 a
924 5165 1032 5246 judice
1061 5166 1161 5247 impio
1216 5164 1282 5229 suis
1313 5188 1321 5226 ι
1351 5182 1458 5229 noune
1491 5183 1529 5228 ex
1562 5165 1778 5248 speculatione
1806 5169 1980 5250 passionis

412 5269 574 5353 iudicatus
595 5275 643 5331 θεῖ
667 5275 699 5330 et
722 5264 814 5330 morti
838 5264 994 5342 addictus,
1012 5263 1161 5346 Omnipo-
1216 5283 1294 5329 meae
1314 5272 1345 5327 θῖ
1363 5263 1506 5327 omnium
1526 5282 1596 5345 quae
1622 5282 1679 5347 pro
1705 5272 1758 5327 tua
1781 5266 1832 5347 egi
1858 5277 1981 5349 per-tu-
