4309 6259
466 500 507 547 ns
526 498 673 547 ιιιεειοιιιι
694 497 800 547 norrun
821 500 1006 549 salvareris
1027 500 1185 551 ciaconus.
1208 520 1249 531 -
1269 502 1338 548 ιιιι.
1362 503 1385 548 ιι
1642 485 1702 549 273

166 666 287 745 bonitas,
303 667 495 749 amabilitas,
514 668 729 753 pulchritudo,
746 670 896 749 suavitas,
915 674 940 735 A
955 680 1019 735 stas
1037 691 1075 735 ac
1100 672 1246 754 dignitas,
1264 672 1367 736 omnis
1393 672 1576 750 dominatio,
1593 672 1701 755 prela-

165 765 313 829 beatitudo
333 775 365 829 et
384 766 497 848 gloria,
520 768 670 831 nobilitas
691 778 724 831 et
744 769 898 853 perfectio
954 778 1035 847 tura,
1062 771 1253 847 auctoritas;
1284 770 1448 852 sapientiae
1477 788 1602 852 quoque
1631 770 1700 852 ejus
1714 794 1845 843 reuma

165 862 469 945 supergloriosissimi
504 866 572 945 Dei,
608 867 753 929 omnium
792 887 898 931 rerum
953 884 1017 930 non
1037 876 1085 931 est
1105 887 1253 931 mensura
1272 888 1332 930 nec
1353 888 1525 945 numerus3
1547 886 1610 931 sum
1631 886 1702 947 per-

163 968 328 1025 creatarum
343 962 512 1042 bonitates,
528 963 753 1047 perfectiones,
768 966 898 1028 divitias
953 962 1099 1027 fectionis
1127 984 1165 1027 ac
1194 965 1368 1028 sanctitatis
1397 964 1505 1028 nullus
1537 973 1586 1027 est
1613 963 1698 1027 finis.

162 1058 328 1122 etdelicias
342 1060 438 1123 simul
452 1070 609 1145 acceptas.
625 1062 745 1125 infiniti
761 1082 898 1145 namque
951 1060 1078 1141 Quarto,
1106 1062 1138 1124 iu
1163 1063 1232 1145 ipso
1256 1070 1306 1126 est
1325 1062 1505 1127 virtuosltcs
1530 1070 1563 1124 et
1593 1061 1701 1125 effica-

162 1165 189 1219 et
208 1156 289 1218 finiti
311 1158 400 1221 nulla
420 1167 522 1222 exstat
542 1160 716 1243 proportio.
953 1158 1001 1221 cia
1023 1178 1153 1241 prorsus
1179 1160 1346 1223 illimitata.
1363 1160 1487 1239 Quinto,
1508 1160 1540 1222 in
1561 1160 1630 1241 ipso
1653 1168 1702 1223 est

196 1254 358 1319 Sscvsrns.
378 1292 420 1302 -
439 1256 612 1321 innotescit
635 1277 673 1320 ex
695 1258 756 1321 hoc
779 1267 898 1340 quanta
952 1257 1192 1339 omnipotentia,
1219 1277 1281 1341 qna
1311 1278 1375 1322 suae
1403 1258 1552 1321 Ecclesiae
1581 1258 1701 1321 exsistit

160 1352 353 1436 perversitas,
377 1363 496 1435 quanta
520 1354 664 1434 stultitia,
690 1355 755 1419 imo
778 1365 897 1437 quanta
951 1364 1179 1437 propugnator,
1196 1355 1383 1419 adversarie
1397 1374 1523 1437 quoque
1538 1356 1700 1439 potestatis

159 1450 275 1513 insania
299 1451 350 1531 sit,
376 1461 470 1515 tanta
493 1453 687 1516 excellentiae
712 1454 795 1517 hono
819 1473 897 1536 praa
953 1452 1229 1517 victoriosissimus
1254 1462 1470 1536 expugnatum
1497 1454 1589 1535 cujus
1613 1463 1701 1537 pote·
1715 1480 1847 1533 cuim,

159 1550 233 1612 ferre
246 1549 315 1611 bec
330 1569 411 1613 vana
425 1560 458 1614 et
471 1551 558 1631 vilia,
574 1551 641 1614 hnc
662 1552 759 1632 foeda,
776 1554 897 1615 caduca
953 1550 1024 1613 stati
1049 1551 1127 1613 nihil
1147 1560 1251 1633 potest
1271 1571 1400 1634 prorsus
1421 1552 1576 1615 resistere.
1594 1552 1699 1632 Sexto,
1714 1548 1735 1589 ⁹·
1807 1630 1810 1637 Ι

159 1656 186 1709 et
207 1647 319 1729 turpia.
339 1648 427 1723 Quod
451 1667 522 1731 ego,
542 1650 626 1713 beut
648 1650 845 1713 miserrimus
865 1659 897 1714 et
951 1648 1019 1730 ipsc
1034 1650 1120 1713 solus
1135 1650 1263 1732 propria
1278 1657 1432 1731 potestate
1447 1650 1486 1712 ad
1502 1649 1624 1713 libitum
1643 1650 1702 1711 rni-

158 1746 326 1809 rilissimns
347 1756 507 1829 peccator,
524 1747 617 1811 toties
639 1746 712 1811 feci.
952 1747 1062 1810 rabilia
1088 1755 1236 1828 operatur
1261 1748 1361 1829 signa,
1380 1747 1532 1830 prodigia,
1548 1748 1701 1811 miracula
1714 1768 1755 1811 roc
1767 1770 1819 1819 er.

193 1845 360 1907 Sscvaron.
376 1881 418 1891 —
436 1846 599 1928 Sapienter
620 1846 801 1910 consideras
815 1870 824 1926 ;
840 1847 895 1909 sed
914 1842 939 1905 Β
953 1865 1067 1927 magna
1082 1855 1113 1908 et
1128 1845 1343 1909 inscrutabilia
1358 1846 1390 1907 iu
1405 1846 1487 1909 coelo
1502 1854 1534 1909 et
1552 1846 1584 1909 iu
1606 1854 1698 1910 terra.

156 1942 223 2003 audi
246 1943 393 2007 ulterius.
417 1944 547 2007 Diversa
568 1945 704 2008 diversis
730 1965 768 2009 ex
792 1947 896 2009 causis
952 1944 1104 2025 Septimo,
1120 1943 1234 2026 ipsein
1250 1944 1367 2027 seipso
1382 1943 1510 2006 infinite
1529 1944 1703 2026 pulchritu-

156 2048 295 2103 amantur
315 2060 323 2098 ε
344 2042 488 2123 quadam
509 2050 640 2125 propter
659 2042 840 2122 utilitatem,
863 2051 898 2105 ut
952 2041 1026 2105 dine
1044 2041 1201 2123 splendet,
1217 2041 1427 2105 essentialiter
1446 2041 1580 2124 pulcher
1601 2050 1632 2103 et
1651 2062 1703 2104 su-

155 2157 236 2220 opes,
251 2139 421 2219 pecunie,
441 2142 586 2221 quaedam
610 2149 740 2224 propter
762 2141 899 2205 delecta·
954 2140 1154 2221 pereminens
1179 2139 1252 2203 fons
1281 2141 1385 2204 omnis
1410 2140 1544 2203 decoris.
1572 2140 1701 2221 Octavo,

155 2236 318 2315 bilitatem,
345 2238 429 2301 sicut
453 2239 579 2320 objecta
604 2240 764 2318 odoratus,
787 2248 898 2322 gustus
954 2238 1022 2320 ipse
1037 2246 1086 2301 est
1106 2238 1375 2321 intompnrebilis,
1392 2238 1545 2321 gratuitus
1567 2257 1603 2300 ac
1627 2238 1704 2301 libe-

154 2343 183 2397 et
203 2343 304 2397 tactus
318 2358 326 2413 ;
342 2338 488 2417 quaedam
507 2346 637 2421 propter
655 2357 745 2402 suam
763 2338 899 2402 honora-
954 2334 1128 2398 ralissimus
1159 2336 1355 2415 benefactor,
1386 2336 1582 2399 naturalibus
1610 2335 1703 2398 donis

153 2432 304 2497 bilitatem
332 2444 386 2497 aut
413 2436 622 2517 honestatem,
647 2444 683 2498 ut
713 2436 897 2519 dignitates,
954 2434 1204 2514 supernaturalia
1219 2436 1350 2512 addens,
1365 2434 1429 2497 imo
1443 2443 1476 2497 et
1491 2453 1524 2497 se
1544 2434 1647 2515 ipsum
1670 2433 1703 2495 in

153 2530 359 2611 prefationes,
381 2532 505 2613 officia,
531 2533 676 2597 scientim
698 2542 729 2597 et
753 2534 897 2614 virtutes,
955 2532 1019 2593 suis
1044 2532 1186 2595 tribuens
1214 2540 1309 2613 atque
1334 2532 1573 2597 communicans
1598 2531 1700 2596 donis.

155 2629 274 2713 ipsique
290 2631 437 2695 homines
452 2632 484 2694 in
499 2633 616 2714 quibus
632 2642 706 2696 sunt
719 2634 779 2696 ista
792 2655 800 2710 ς
815 2653 900 2715 quas-
954 2629 1054 2708 Nono,
1075 2630 1143 2711 ipse
1164 2631 1448 2713 propinquissimus
1468 2631 1559 2695 nobis
1579 2637 1637 2707 est,
1656 2638 1704 2692 ut-

151 2730 218 2791 dam
237 2730 280 2793 ob
300 2749 389 2793 suam
411 2730 643 2795 virtuositatem
661 2731 848 2815 ingenitam,
865 2741 900 2795 ut
955 2736 1028 2809 pote
1050 2737 1279 2810 paternoster,
1305 2730 1505 2791 immediatus
1532 2728 1704 2810 productor

151 2828 290 2909 quedam
313 2848 448 2910 gemmae
469 2837 502 2892 et
521 2830 652 2907 berbe3
676 2830 807 2913 quidam
827 2850 900 2914 pro-
954 2826 1132 2889 animarum
1156 2834 1347 2907 nostrarum,
1370 2834 1484 2889 cuncta
1509 2844 1703 2891 conservans

151 2934 216 3005 pter
228 2946 319 2989 suam
335 2926 553 2990 strenuitatem
568 2927 604 2989 in
617 2928 722 3006 bellis,
734 2936 770 2991 ut
790 2928 900 2992 defen·
954 2943 1011 2986 sua
1031 2923 1107 2987 reali
1127 2924 1306 3006 praesentia,
1322 2941 1386 3004 qua
1405 2933 1437 2988 et
1456 2923 1532 3006 ipsis
1558 2924 1703 2987 essentiis

151 3042 231 3088 sores
262 3024 447 3107 reipublice
475 3033 586 3089 contra
604 3027 712 3090 hostes
730 3051 739 3105 3
768 3027 898 3111 quidam
915 3026 938 3091 (l
955 3041 1059 3085 rerum
1074 3020 1225 3101 illabitur,
1242 3031 1274 3085 et
1292 3022 1398 3086 omnia
1413 3022 1444 3083 in
1460 3021 1608 3085 omnibus
1629 3038 1704 3101 ope-
1718 3044 1846 3097 romnus.

150 3122 188 3185 ob
218 3124 427 3186 eminentiam
460 3123 492 3185 in
529 3124 695 3189 sanctitate
734 3146 772 3189 ac
805 3126 900 3189 mira-
955 3129 1051 3183 ratur.
1069 3120 1243 3202 Unicuique
1258 3140 1384 3203 quoque
1401 3120 1445 3184 rei
1461 3128 1561 3183 exstat
1574 3119 1703 3202 propin-

150 3219 246 3300 culis,
267 3221 399 3303 quidam
421 3221 464 3283 ob
491 3221 699 3286 excellentem
723 3224 900 3306 pulchritu-
953 3218 1046 3301 quior
1068 3236 1164 3299 quam
1189 3218 1324 3300 ipsamet
1353 3238 1408 3281 seu
1437 3217 1616 3281 essentialia
1646 3236 1703 3280 sua

150 3317 251 3380 dinem
282 3338 396 3397 sunm3
422 3319 552 3401 quidam
583 3330 714 3403 propter
739 3321 899 3385 beneficia
955 3316 1110 3399 principia
1132 3316 1202 3379 sibi.

149 3434 217 3494 sua,
234 3417 368 3497 quidam
387 3424 518 3499 propter
536 3418 808 3501 propinquitatem
829 3420 898 3482 sive
993 3414 1083 3477 Nune
1108 3433 1184 3497 ergo
1210 3415 1370 3497 perpende
1393 3432 1488 3495 quam
1518 3432 1641 3477 summe
1670 3422 1703 3476 et

149 3514 186 3576 cb
209 3514 289 3578 alias
315 3514 498 3579 consimiles
525 3535 646 3579 causas.
670 3516 707 3579 lit
736 3536 822 3580 nunc
849 3518 899 3579 in·
953 3514 1171 3579 ardentissime
1201 3513 1242 3576 sit
1269 3514 1422 3577 amandus
1446 3512 1478 3574 iu
1502 3530 1566 3593 quo
1594 3512 1701 3575 omnia

147 3618 231 3674 tuere
244 3612 400 3675 attentius
415 3612 442 3675 si
467 3632 531 3677 non
551 3632 662 3677 omues
681 3614 731 3677 har
745 3634 849 3677 causae
863 3614 897 3677 iu
952 3610 1013 3673 ista
1040 3610 1136 3674 simul
1165 3630 1238 3673 curn
1266 3618 1331 3673 tam
1360 3609 1486 3672 infinita
1513 3609 1700 3673 excellentia

148 3708 709 3794 Deosummeincomparabiliterque
725 3712 897 3776 abundent.
952 3727 1022 3772 esso
1052 3717 1237 3773 noscuntur.
1264 3707 1296 3771 Si
1318 3708 1385 3790 jam
1411 3708 1508 3770 scires
1537 3708 1699 3771 hominem

182 3807 285 3872 Primo
300 3808 420 3871 etenim
435 3808 504 3890 ipse
518 3809 641 3872 cunctis
655 3812 895 3892 supereminen-
952 3807 985 3869 in
1010 3808 1101 3870 terris
1125 3815 1189 3870 tarn
1219 3804 1392 3887 sapientem
1416 3812 1452 3867 ut
1474 3804 1591 3868 exstitit
1613 3804 1700 3869 Salo-

147 3912 193 3967 ter
210 3906 297 3968 utilis
324 3915 358 3969 ct
382 3906 579 3969 necessarius
603 3916 715 3986 exstat,
738 3908 808 3971 sine
832 3927 896 3990 quo
952 3923 1038 3984 mon,
1056 3913 1208 3987 quantum
1224 3903 1398 3967 efficereris
1419 3903 1458 3967 ad
1480 3902 1550 3983 ejus
1567 3920 1699 3984 conspe-

146 4003 229 4066 nulla
244 4013 392 4067 creatura
407 4023 464 4087 per
479 4014 674 4070 momentum
695 4014 802 4087 posset
823 4008 897 4071 sub-
952 4008 1061 4068 ctumt
1075 4012 1130 4067 aut
1145 4011 1209 4066 tarn
1224 4002 1338 4067 fortem
1355 4011 1389 4065 ut
1403 4002 1548 4081 Samson,
1565 4009 1620 4064 aut
1634 4009 1698 4064 tarn

148 4101 254 4165 sistere
283 4110 341 4165 aut
369 4104 493 4166 durare.
521 4104 679 4182 Secundo,
711 4124 836 4167 summa
863 4115 896 4170 et
951 4102 1119 4185 pulchrum
1145 4110 1179 4164 ut
1203 4101 1354 4179 hbsalon,
1376 4100 1442 4164 sive
1466 4108 1530 4162 tam
1555 4099 1700 4164 victorio-

146 4200 284 4281 perlecta
314 4200 484 4264 delectatio
509 4201 655 4265 beatifice
681 4204 934 4271 contentativaI)
951 4220 1032 4282 sum,
1049 4209 1224 4281 strenuum,
1241 4200 1406 4263 robustum
1430 4206 1464 4260 ut
1483 4197 1697 4279 lfachabaeus3

146 4296 175 4359 iu
190 4317 227 4361 eo
242 4299 313 4363 solo
330 4298 486 4378 consistit,
501 4300 575 4381 quia
594 4300 628 4361 in
648 4300 718 4383 ipso
739 4302 806 4366 solo
828 4321 895 4366 om·
949 4309 1004 4363 aut
1017 4300 1050 4362 in
1066 4298 1226 4362 miraculis
1247 4306 1310 4361 tam
1332 4304 1492 4378 potentem
1508 4304 1544 4359 ut
1558 4296 1700 4360 beatissi-

146 4397 231 4459 nium
260 4398 422 4461 houomm
450 4398 657 4480 omniumque
686 4399 893 4480 pulchrorum
949 4418 1020 4461 mus
1045 4397 1105 4460 fuit
1129 4398 1249 4475 Petrus,
1276 4395 1423 4478 princeps
1448 4394 1695 4476 Apostolorum

145 4513 180 4557 ac
198 4495 461 4559 desiderabilium
480 4496 620 4578 perfecta
641 4506 673 4560 et
693 4497 820 4562 infinita
841 4520 893 4563 err-
949 4504 1004 4559 aut
1022 4495 1259 4578 predicatorem
1274 4494 1317 4557 ita
1331 4492 1493 4575 egregium
1509 4500 1545 4554 ut
1560 4491 1694 4571 Paulus3

146 4594 222 4655 sistit
246 4594 419 4675 possessio.
447 4594 577 4676 Propter
605 4596 689 4678 quod
713 4598 781 4679 ipse
806 4600 893 4663 omni
949 4616 1005 4659 seu
1028 4604 1093 4658 tam
1118 4593 1279 4657 liberalem
1301 4600 1333 4655 et
1351 4593 1438 4674 pium
1461 4599 1496 4654 ut
1515 4590 1574 4653 fuit
1592 4591 1696 4655 llarti·

144 4694 238 4755 menti
269 4701 386 4757 creste
410 4694 490 4757 benc
514 4694 673 4776 disposita
696 4695 893 4780 incompara·
948 4692 1167 4775 nuszqualiter
1181 4693 1220 4755 ad
1236 4708 1495 4772 unumquemque
1512 4689 1696 4771 hujusmodi

146 4790 246 4855 biliter
259 4801 365 4855 exstat
385 4793 579 4857 conveniens
597 4802 630 4856 et
647 4813 803 4858 amoenus.
820 4798 894 4861 Pro·
947 4792 1132 4857 afficeretur
1162 4808 1217 4855 cor
1245 4791 1356 4852 tuuml
1379 4788 1486 4866 Porro,
1515 4788 1541 4851 si
1569 4788 1602 4851 in
1631 4806 1696 4852 uno

41 4905 132 4963 tana.
146 4896 211 4969 pter
233 4892 324 4973 quod
348 4891 424 4954 dixit
448 4891 710 4976 psalmographus
736 4917 744 4955 :
769 4894 804 4957 ln
829 4896 893 4959 lieo
948 4893 1054 4973 aliquo
1067 4898 1175 4954 essent
1189 4890 1283 4951 simul
1299 4888 1390 4970 plura
1405 4886 1549 4969 istorum,
1561 4894 1616 4949 aut
1629 4905 1696 4950 om-

145 4987 278 5052 salutare
294 5008 403 5051 meum
418 4998 450 5050 et
464 4989 565 5071 gloria
579 5008 661 5053 mea.
678 4992 793 5071 Tertio,
812 4993 894 5057 sicut
948 4992 1001 5053 nia
1024 4990 1151 5073 pariter,
1176 5007 1272 5071 quarn
1301 4987 1509 5051 vehementer
1536 4987 1576 5048 ad
1604 4985 1694 5051 illum

62 5104 130 5155 ans.
145 5086 353 5165 prehabitum
374 5096 433 5168 est,
449 5087 482 5149 in
508 5089 572 5152 Deo
595 5098 644 5151 cst
667 5089 893 5154 honorabilitas
948 5089 1175 5154 accenderetur
1199 5104 1254 5150 cor
1282 5088 1392 5148 tuuml
1418 5085 1578 5165 quomodo
1601 5100 1695 5147 omne

143 5184 278 5248 maxima
302 5193 337 5248 et
359 5185 486 5267 penitus
505 5186 642 5250 infinita.
658 5188 693 5250 ln
713 5189 783 5271 ipso
802 5207 892 5253 narn-
948 5206 1048 5271 gemm
1069 5184 1233 5248 hominum
1253 5184 1292 5245 ed
1312 5182 1401 5245 illum
1422 5179 1620 5245 confluerett
1633 5180 1696 5243 Cur

143 5300 201 5364 qne
215 5284 324 5347 omnis
339 5283 482 5347 consistit
496 5285 655 5364 nobilitas,
668 5285 793 5349 infinita
808 5296 893 5369 pote
949 5304 1024 5369 ergo
1040 5303 1103 5347 non
1119 5280 1350 5346 ferventissime
1365 5298 1452 5342 amas
1467 5278 1577 5356 Deum,
1584 5278 1616 5339 in
1632 5296 1694 5359 quo

267 5418 303 5471 Τ.
321 5420 362 5471 35.
1538 5411 1570 5463 18
