4309 6259
455 476 515 543 266
1145 492 1314 547 ιιιοαιιιιιιιι

516 670 669 753 Denique,
687 672 769 735 sicut
789 673 871 735 Dens
893 682 940 735 εει
959 671 1093 735 infinitae
1114 672 1275 751 bonitatis,
1292 672 1335 736 ita
1356 681 1404 737 est
1426 682 1458 736 ει
1479 672 1614 737 infinita
1635 670 1849 735 amabilitatis.
1865 670 1903 733 Et
1920 669 1991 733 sicut

457 786 506 840 εει
519 778 863 862 incircumscriptibilis
878 780 1053 862 maJestatis
1072 799 1109 844 ac
1126 780 1312 859 sanctitatis,
1324 780 1369 843 sic
1385 789 1433 844 εει
1447 780 1582 843 infinitae
1597 778 1863 844 honorabilitatis.
1873 778 1991 857 Rursus,

458 885 542 948 sicut
556 886 706 949 universa
719 886 759 949 ab
774 888 843 969 ipso
858 887 1029 966 fluxerunt,
1037 888 1080 949 ita
1094 888 1133 950 ad
1149 887 1253 969 ipsum
1269 895 1343 949 sunt
1356 887 1498 951 finaliter
1513 888 1690 967 referenda,
1706 895 1801 968 etque
1815 886 1854 947 ad
1869 884 1937 965 ejus
1946 884 1994 948 ho

458 1011 580 1071 norem,
607 994 734 1057 laudem
758 1003 790 1058 et
810 996 945 1077 gloriam
972 996 1101 1059 totalem
1122 995 1307 1059 ordinanda.
1332 996 1395 1058 Deo
1417 1014 1492 1077 ergo
1514 995 1648 1059 debetur
1670 1014 1795 1057 summa
1815 992 1992 1071 reverentia,

458 1110 604 1183 prompta
623 1101 814 1182 obedientia,
830 1103 933 1166 omnis
951 1103 1055 1166 honor
1073 1110 1105 1165 ει
1124 1102 1235 1184 gloria.
1251 1101 1318 1165 lmo
1337 1101 1406 1185 ipse
1426 1110 1473 1165 εει
1494 1102 1528 1163 in
1548 1101 1661 1184 primis
1681 1109 1713 1164 et
1733 1119 1830 1182 super
1848 1098 1951 1162 omnia
1969 1108 1995 1161 et

458 1217 588 1291 propter
602 1228 636 1271 se
651 1209 942 1292 incomparabiliter
966 1211 1158 1292 diligendus,
1175 1210 1335 1273 timendus
1356 1230 1393 1273 ac
1415 1193 1640 1288 honorandus,
1664 1207 1757 1290 eique
1779 1208 1884 1291 placet
1903 1205 1995 1269 omnis

458 1316 559 1378 virtus
579 1324 610 1379 et
627 1316 730 1380 omnis
752 1326 841 1380 actus
862 1317 1026 1395 virtutum,
1044 1317 1122 1379 vitia
1141 1317 1311 1380 abhorrere
1336 1336 1373 1380 ac
1388 1316 1510 1397 fugere,
1528 1315 1699 1379 virtutibus
1719 1315 1885 1377 inhaerere.
1901 1313 1995 1395 ltaque

458 1424 556 1485 Deum
582 1423 788 1506 spiritualiter
813 1444 849 1488 ac
874 1425 1034 1487 meritorie
1060 1425 1204 1506 diligere,
1222 1432 1270 1487 est
1296 1424 1391 1486 etiam
1411 1424 1493 1487 velle
1513 1432 1546 1486 et
1569 1442 1693 1486 summe
1712 1429 1821 1504 optare
1845 1421 1947 1504 ipsum
1964 1420 1997 1483 ab

458 1530 606 1593 omnibus
621 1532 732 1611 amari,
749 1532 865 1610 timeri,
882 1532 1043 1610 honorari,
1064 1540 1097 1594 ει
1116 1531 1203 1595 omni
1224 1532 1317 1594 modo
1338 1530 1482 1612 possibili
1503 1531 1543 1593 ad
1565 1530 1626 1593 lroc
1646 1529 1754 1593 conari
1774 1536 1807 1591 ει
1820 1527 1996 1610 cooperari:

458 1636 502 1700 ita
516 1645 550 1699 ut
565 1638 783 1720 unusquisque
802 1639 834 1701 in
850 1638 962 1720 primis
982 1638 1193 1720 personaliter
1206 1639 1266 1701 ista
1285 1639 1427 1721 impleat,
1444 1646 1476 1702 et
1496 1638 1657 1720 proximos
1675 1656 1761 1717 suos,
1777 1643 1931 1718 quantum
1948 1634 1999 1697 sihi

458 1744 609 1827 possibile
630 1754 689 1825 est,
705 1747 743 1809 ad
765 1746 832 1809 hae‘c
854 1745 934 1828 ipse,
952 1753 1045 1827 prout
1066 1746 1104 1808 ad
1121 1764 1211 1807 suam
1226 1753 1348 1827 spectat
1369 1745 1573 1828 positionem,
1590 1744 1731 1823 inducat,
1748 1742 1889 1806 virtuose
1909 1760 2000 1804 exem·
2119 1726 2120 1731 ἵ

459 1852 651 1935 plariterquc
666 1852 815 1931 vivenda,
831 1853 993 1916 ferventer
1006 1853 1125 1917 orando
1145 1851 1414 1934 aedificatorieque
1434 1852 1605 1934 loquendo,
1623 1850 1837 1933 corripiendo,
1854 1849 1997 1925 docendo,

456 1960 622 2023 hortando.

515 2067 724 2150 intelligenda
752 2076 826 2130 sunt
854 2068 915 2130 ista
939 2069 1068 2130 demum
1093 2068 1133 2131 de
1156 2067 1239 2131 velle
1263 2067 1462 2149 imperativo,
1488 2066 1627 2146 efficaci,
1650 2065 1789 2144 intenso,
1812 2063 1912 2145 quod,
1933 2063 2000 2125 dum

402 2180 405 2183 ’
457 2175 592 2238 facultas
617 2175 765 2256 adfuerit,
787 2194 860 2239 mox
885 2176 1030 2259 procedit
1053 2175 1088 2237 in
1113 2182 1230 2255 actum,
1252 2176 1364 2238 saltem
1389 2182 1532 2258 tempore
1553 2181 1754 2257 opportuno,
1775 2190 1839 2235 non
1865 2172 1905 2234 de
1927 2172 2000 2235 velle

458 2284 560 2347 solum
585 2283 737 2365 optativo,
759 2282 904 2364 remisso,
925 2284 1009 2365 quod
1031 2302 1096 2346 non
1121 2283 1186 2364 agit
1210 2281 1365 2365 quidquid
1387 2290 1492 2363 potest
1512 2290 1547 2344 ut
1571 2288 1721 2363 sequatur
1741 2279 1890 2343 effectus.
1912 2278 2002 2341 Filius

457 2408 533 2471 ergo
555 2390 738 2473 parentibus
760 2391 828 2453 suis
853 2390 885 2451 in
909 2390 1100 2472 quibusdam
1121 2408 1185 2453 non
1211 2409 1336 2472 parens,
1360 2390 1414 2452 sed
1439 2408 1494 2453 eos
1519 2396 1629 2454 contra
1650 2388 1847 2452 voluntatem
1869 2386 2002 2470 ipsorum

457 2497 580 2579 agendo
601 2495 782 2575 offendens,
798 2498 1005 2578 inhonorans,
1022 2496 1225 2577 contristans,
1241 2516 1306 2561 non
1328 2497 1433 2578 diligit
1454 2515 1509 2560 eos
1532 2496 1701 2579 complete.

518 2604 685 2666 Summos.
709 2640 749 2651 -
769 2605 864 2677 Multa
885 2604 1022 2667 includit
1043 2604 1104 2666 ista
1118 2604 1267 2683 dilectio,
1291 2604 1355 2667 imo
1377 2622 1505 2667 omnem
1527 2604 1679 2666 virtutem
1700 2610 1732 2665 ει
1754 2620 1884 2665 οιιιιιειῐι
1906 2610 2002 2664 actum

457 2711 594 2789 virtutis,
602 2712 766 2775 videlicet:
780 2712 899 2775 evitare
914 2719 946 2775 ει
958 2712 1108 2775 detestari
1123 2730 1217 2774 omne
1232 2712 1315 2794 quod
1331 2711 1480 2794 displicet
1494 2711 1638 2790 Dco‚hoc
1652 2718 1700 2773 εει
1714 2727 1809 2773 οιιιιιε
1823 2717 2001 2792 peccatum

459 2827 492 2882 ct
506 2819 634 2900 exsequi
650 2839 686 2882 ac
701 2820 836 2902 implere
851 2818 1003 2901 quidquid
1019 2819 1199 2900 complacet
1213 2819 1255 2899 ei,
1272 2819 1333 2882 hoc
1348 2826 1396 2881 est
1411 2836 1505 2881 omne
1519 2818 1603 2900 quod
1619 2816 1765 2899 praecipit
1782 2816 1865 2899 ipse,
1878 2825 1910 2879 et
1926 2815 2003 2897 quod

458 2929 526 3010 ipse
546 2928 614 2989 vult
635 2946 693 2989 nos
714 2927 807 2990 velle.
896 2980 901 2983 ,

325 3053 445 3105 noman,
520 3035 690 3097 simum.
711 3072 752 3081 -
769 3033 880 3099 Nonne
905 3036 943 3097 de
967 3034 1098 3097 caritate
1123 3034 1257 3116 proximi
1284 3032 1361 3096 dicit
1386 3032 1555 3116 Apostolus
1578 3056 1584 3094 :
1606 3032 1771 3096 Plenitudo
1792 3030 1874 3113 legis
1898 3040 1945 3095 εει
1965 3032 2006 3094 di·

312 3118 446 3231 i‘ssmfflq
459 3141 577 3205 lectiot
599 3141 720 3217 Quanto
745 3141 846 3223 magis
870 3142 998 3205 dilectio
1022 3141 1101 3204 Deif
1124 3142 1240 3204 Verum
1266 3148 1297 3204 et
1323 3159 1432 3202 rursus
1458 3139 1607 3203 disseruit
1631 3162 1637 3199 :
1661 3138 1780 3201 Caritas
1803 3139 1929 3221 patiens
1951 3146 2004 3217 est,

460 3250 598 3330 benigna
619 3258 692 3328 est;
713 3248 827 3311 caritas
853 3267 917 3312 non
939 3250 1117 3328 aemulatur,
1139 3268 1202 3312 non
1225 3248 1291 3329 egit
1318 3266 1495 3330 perperam,
1516 3266 1581 3311 non
1603 3245 1746 3326 infletur,
1766 3253 1798 3309 et
1819 3255 1926 3310 cetera
1943 3264 2006 3326 qua

322 3377 445 3433 crescens.
459 3355 573 3437 legisti.
596 3356 712 3418 Verum
737 3364 769 3418 et
796 3375 880 3418 unus
908 3356 951 3419 ait
981 3357 1181 3435 Sanctorum,
1205 3355 1303 3418 Omne
1329 3362 1522 3437 preceptum
1547 3354 1587 3416 de
1613 3354 1743 3416 caritate
1768 3360 1827 3433 est,
1848 3361 1881 3415 et
1905 3350 2007 3417 omnia

459 3483 558 3528 unum
576 3472 768 3546 praeceptum
784 3472 858 3525 sunt
874 3487 881 3525 :
899 3482 963 3527 non
984 3464 1069 3545 quod
1084 3481 1179 3526 omne
1195 3469 1390 3545 preceptum
1410 3461 1449 3523 de
1470 3460 1536 3524 sola
1551 3460 1593 3523 sit
1607 3460 1737 3523 caritate
1751 3459 1940 3539 formaliter,
1957 3458 2006 3521 sed

460 3572 611 3635 finaliter.
630 3572 681 3634 Sic
700 3580 732 3635 et
751 3580 866 3635 cuncta
881 3580 1039 3654 praecepta
1054 3590 1154 3632 unum
1170 3578 1243 3633 sunt
1263 3569 1461 3649 reductione,
1478 3586 1541 3630 non
1562 3567 1701 3631 essentia
1719 3591 1725 3629 :
1742 3567 2007 3649 quemadmodum

320 3697 446 3751 treats.
460 3680 494 3742 in
516 3679 664 3762 Apostolo
688 3698 796 3742 rursus
819 3679 934 3761 legisti,
957 3678 1044 3740 Finis
1071 3677 1219 3759 praecepti
1242 3684 1290 3739 est
1310 3676 1426 3739 caritas
1453 3677 1492 3739 de
1520 3676 1615 3739 corde
1637 3693 1718 3758 puro
1742 3697 1749 3737 ι
1773 3675 1834 3738 hoc
1859 3682 1921 3754 εει,
1946 3692 2008 3738 om-

459 3788 548 3849 nium
570 3796 800 3869 praeceptorum
822 3785 898 3848 finis
920 3805 957 3848 ac
976 3784 1084 3848 finalis
1099 3782 1264 3866 perfectio,
1289 3792 1338 3845 est
1358 3783 1492 3847 actualis
1514 3781 1614 3865 ipsius
1633 3782 1689 3845 lici
1710 3781 1841 3845 dilectio
1857 3802 1896 3845 ex
1918 3781 2007 3845 corde

458 3912 540 3977 puro
561 3894 748 3977 procedens,
766 3900 958 3976 purgatoac
980 3890 1161 3955 reformato.

520 4003 689 4065 smvmns.
705 4036 746 4048 —
759 4001 841 4084 Ergo
856 4020 914 4083 per
927 4000 1091 4064 caritatem
1106 3998 1252 4065 voluntas
1273 3999 1414 4063 humana
1432 3998 1597 4081 potissime
1617 3995 1835 4063 conformatur
1855 3996 2006 4063 voluntati

461 4109 589 4175 divinae.

520 4218 692 4282 Sstvaron.
709 4252 749 4264 —
762 4218 832 4281 Rite
855 4216 1031 4282 concludis.

518 4327 689 4390 Srtvnrns.
704 4360 745 4372 —
758 4325 793 4387 ln
812 4326 873 4388 hoc
894 4323 1001 4407 igitur,
1017 4332 1053 4386 ut
1071 4329 1213 4406 apparet,
1230 4321 1376 4387 consistit
1394 4319 1606 4387 conformatio
1625 4319 1697 4400 ista,
1713 4329 1749 4383 ut
1767 4320 1926 4404 quidquid
1944 4319 2009 4385 vult

457 4433 551 4513 Deus,
568 4434 705 4498 velimus
727 4440 759 4495 et
779 4451 848 4496 nos.

518 4542 689 4605 Suavsron.
715 4539 984 4622 —Nequaquam
1011 4561 1018 4600 ε
1045 4537 1179 4601 forsitan
1210 4536 1297 4600 enim
1325 4538 1407 4601 Deus
1435 4536 1503 4599 vult
1527 4535 1623 4600 hodie
1647 4544 1769 4618 patrem
1793 4544 1885 4599 tuum
1915 4534 2006 4613 mori,

457 4657 490 4711 ει
509 4648 726 4710 adversarium
741 4653 831 4709 tuum
846 4647 989 4709 damnari
1003 4668 1011 4723 3
1027 4653 1180 4708 ettamen
1200 4653 1234 4707 ιιι
1255 4644 1419 4725 utriusque
1433 4643 1616 4726 oppositum
1631 4643 1713 4707 velle
1735 4650 1825 4725 potes
1845 4652 1877 4705 et
1899 4642 2005 4706 debes.

459 4756 519 4819 Sed
542 4755 576 4817 in
596 4756 658 4818 hoc
681 4755 781 4837 magis
803 4754 948 4818 consistit
968 4754 1178 4818 conformatio
1200 4752 1256 4816 illa
1279 4752 1450 4816 voluntatis
1470 4752 1617 4815 humanae
1638 4769 1712 4815 cnm
1735 4750 1855 4828 divina,
1876 4758 1914 4813 ut
1934 4749 2009 4813 velit

457 4864 554 4925 homo
576 4862 677 4925 viator
696 4862 851 4943 quidquid
872 4862 955 4925 Deus
975 4861 1044 4924 vult
1065 4880 1139 4924 eum
1164 4860 1258 4941 velle,
1282 4869 1314 4923 ει
1334 4860 1413 4923 nolit
1436 4858 1590 4941 quidquid
1611 4876 1685 4921 eum
1710 4858 1792 4921 Deus
1817 4858 1887 4921 vult
1910 4855 2006 4934 nolle,

459 4967 619 5051 faciatque
633 4968 789 5051 quidquid
804 4968 886 5030 Deus
901 4968 970 5031 vult
988 4988 1044 5032 εειι
1064 4967 1207 5051 praecipit
1221 4976 1275 5030 aut
1293 4965 1433 5031 consulit
1453 4984 1526 5029 eum
1545 4964 1662 5041 facere,
1679 4971 1711 5027 ct
1728 4962 1808 5027 vitet
1825 4966 1912 5045 quod
1928 4964 2007 5027 Deus

458 5076 623 5140 vulteum
644 5075 745 5138 vitare
764 5099 771 5137 :
788 5076 831 5139 ita
852 5083 887 5139 ut
907 5083 1007 5139 totum
1028 5077 1092 5140 hoc
1113 5077 1262 5158 procedat
1282 5095 1320 5138 ex
1341 5074 1482 5138 caritate.

519 5184 689 5246 vaaros.
715 5182 869 5246 -Circa
896 5184 962 5247 hac
992 5182 1071 5245 milri
1100 5182 1209 5263 aliqua
1235 5181 1333 5245 dubia
1359 5180 1515 5260 oriuntur,
1541 5198 1611 5262 quse
1640 5178 1762 5242 utinam
1787 5176 1905 5241 fassit
1932 5176 2009 5241 milri

459 5308 648 5378 proponere.
