4309 6259
456 463 516 529 284

745 488 785 534 DE
805 488 952 545 PASSlONE
973 489 1081 536 uotum
1102 489 1285 535 SALVATORIS
1307 489 1465 537 ntatoous
1488 508 1530 520 ·-·
1549 490 1619 535 All'l'.
1642 488 1685 536 Vll

458 652 532 715 dam
556 658 715 739 assumpsi
735 658 906 737 naturales,
922 677 987 721 non
1008 677 1047 720 ex
1068 658 1205 722 infirmi·
1219 658 1245 721 Α
1261 667 1387 741 totaque
1417 679 1489 724 caro
1514 669 1619 724 vostra
1642 681 1661 724 a
1688 660 1807 724 fomitis
1835 658 1993 725 infectione

458 847 675 931 formidinem,
699 874 868 918 moerorem
894 864 956 917 tam
981 856 1208 939 uehementem¹

322 961 377 1006 cua.
393 974 443 1013 nn.
459 956 491 1010 et
524 958 754 1033 penetrantem,
782 954 868 1035 quod
896 953 1000 1016 factus
1032 963 1081 1016 est
1108 954 1204 1016 sudor

458 1065 548 1110 meus
563 1049 646 1112 sicut
659 1060 754 1132 guttae
769 1052 933 1134 sanguinis
952 1052 1150 1116 decurrentis
1169 1052 1202 1113 in

458 1154 586 1227 terram,
614 1156 650 1211 ut
682 1151 723 1212 ab
750 1151 900 1214 omnibus
932 1151 1122 1214 inordinatis
1150 1150 1204 1211 tri-

459 1245 545 1308 stitia
572 1255 604 1310 et
630 1248 771 1328 horrore,
798 1249 838 1311 ab
862 1249 1009 1330 angustia
1030 1258 1062 1311 et
1086 1267 1203 1330 pavore

457 1344 513 1425 qui
528 1344 561 1406 in
576 1345 627 1408 die
642 1347 840 1428 particularis
855 1367 891 1409 ac
906 1347 1062 1429 generalis
1076 1347 1202 1428 judicii,

457 1442 573 1505 deinde
601 1443 634 1505 in
663 1445 787 1507 tartaris
815 1446 943 1509 invadet
970 1453 1001 1508 et
1028 1445 1204 1527 possidebit

458 1542 608 1622 reprobos
622 1549 654 1604 et
669 1542 806 1623 iniquos,
822 1562 880 1607 vos
894 1562 1130 1625 praeservarem.

497 1638 611 1720 Captus
632 1648 726 1721 atque
746 1641 862 1722 ligatus
880 1660 963 1727 sum,
980 1648 1016 1703 ut
1034 1660 1053 1703 a
1070 1641 1147 1723 jugo
1173 1648 1205 1703 et

457 1736 639 1818 captivitate
663 1738 781 1801 diaboli
806 1758 843 1802 ac
868 1739 1001 1821 peccati,
1022 1759 1041 1801 a
1065 1740 1203 1801 vinculis

1259 776 1296 819 ao
1315 758 1410 821 variis
1429 758 1578 822 vitiorum
1599 759 1783 822 vulneribus
1802 758 1931 822 omnino
1948 777 1994 821 cu-

1260 864 1355 918 retur.
1381 859 1555 920 Accusatus
1580 876 1650 919 sum
1674 857 1765 935 false,
1791 864 1826 920 ut
1850 876 1869 919 a
1893 857 1994 919 domo

1260 973 1337 1015 num
1352 953 1530 1016 liberemini
1552 954 1782 1017 criminatione.
1799 954 1993 1035 Adjudicatus

1261 1070 1329 1113 sum
1350 1052 1454 1129 morti,
1475 1060 1511 1115 ut
1529 1052 1757 1134 adjudicemini
1779 1052 1849 1115 vitas
1870 1060 1990 1115 aetcma.

1299 1149 1435 1230 Propriis
1451 1151 1592 1213 humeris
1612 1170 1740 1213 crucem
1760 1149 1884 1233 portavi
1905 1151 1941 1212 ad
1957 1151 1994 1213 lo

1261 1266 1333 1309 cum
1349 1248 1509 1330 supplicii,
1526 1256 1560 1309 ut
1574 1266 1655 1311 onus
1669 1248 1874 1329 iniquitatum
1890 1256 1994 1310 uestra-

1260 1365 1331 1407 rum
1360 1364 1456 1427 super
1485 1366 1535 1409 me
1564 1346 1692 1423 ferrem,
1723 1355 1753 1408 ot
1781 1345 1925 1425 ferendo,
1948 1365 1994 1408 vos

1259 1443 1333 1506 inde
1358 1462 1502 1507 eruerem
1524 1468 1530 1505 :
1553 1444 1704 1525 quoniam
1728 1444 1819 1507 Pater
1842 1444 1946 1525 posuit
1967 1444 1993 1505 in
2004 1462 2081 1513 ruat.

1260 1560 1310 1603 me
1335 1542 1532 1623 iniquitatem
1558 1543 1701 1605 omnium
1727 1550 1880 1621 vestrum,
1902 1561 1939 1603 ne
1957 1541 1995 1603 fc

1259 1640 1335 1701 ratis
1359 1639 1524 1702 vobiscum
1547 1640 1667 1702 seelera
1688 1647 1793 1702 vestra
1817 1640 1856 1701 ad
1879 1639 1994 1702 Deitatis

1258 1737 1407 1800 tribunal.
1429 1738 1579 1801 Confisus
1601 1758 1671 1800 sum
1694 1738 1792 1819 ligno,
1813 1746 1848 1800 ut
1870 1757 1890 1800 a
1909 1746 1995 1799 trans

457 1835 607 1898 vitiorum
621 1855 658 1898 ac
673 1836 847 1900 inferorum
863 1855 920 1900 vos
935 1856 1059 1900 exuam.
1076 1838 1120 1900 lle
1138 1838 1203 1919 qui·
1221 1839 1244 1902 B
1259 1837 1422 1917 gressione
1450 1836 1598 1917 originali
1627 1836 1661 1897 in
1689 1836 1777 1918 ligno
1801 1835 1888 1899 facta
1912 1846 1941 1899 et
1962 1836 1995 1897 ab

310 1959 443 2011 procusa.
458 1935 516 1997 bus
541 1934 645 2016 legisti
670 1959 677 1996 :
700 1936 884 2016 Iniquitates
909 1955 973 1998 suaa
994 1936 1126 2017 capiunt
1146 1936 1205 1998 im-

457 2032 558 2114 pium,
575 2041 607 2095 et
620 2031 751 2095 funibus
766 2042 969 2115 peccatorum
984 2053 1114 2097 suorum
1130 2052 1205 2097 con-

457 2130 633 2211 stringitur.
670 2132 788 2193 Ductus
827 2150 897 2193 sum
936 2132 980 2193 ita
1017 2131 1135 2214 ligatus
1174 2140 1205 2193 et

457 2228 596 2308 vinctus,
613 2228 658 2291 sic
674 2237 777 2291 tentus
793 2249 874 2308 sum,
888 2237 922 2291 ut
937 2231 976 2292 ab
991 2229 1204 2293 infernalibus

457 2326 509 2388 via
528 2346 565 2389 ac
584 2346 710 2390 carcere
731 2346 787 2390 vos
807 2327 974 2405 abducam,
991 2348 1031 2391 ne
1056 2329 1204 2391 manibus

410 2440 416 2451 ’
457 2424 654 2506 pedibusque
674 2425 778 2506 ligatis
793 2426 826 2487 in
842 2427 987 2489 tenebras
1008 2425 1205 2507 projiciami-

458 2522 491 2583 ni
524 2522 722 2585 Acherontis.
753 2523 880 2585 Velatus
909 2543 991 2603 sum,
1021 2531 1057 2585 ut
1088 2524 1204 2587 mentis

459 2628 571 2683 vestras
591 2621 701 2684 oculos
722 2620 901 2684 illuminem
915 2642 953 2685 ac
968 2622 1117 2685 revolem.
1135 2622 1206 2684 lrri-

458 2718 575 2797 siones‚
611 2719 731 2801 alapas,
764 2720 1034 2801 consputationes,
1064 2720 1206 2802 colaphi-

368 2901 371 2905 ·
458 2817 607 2896 rationes,
638 2817 851 2897 blasphemias
879 2818 1007 2899 pertuli,
1039 2826 1074 2880 ut
1102 2836 1158 2880 vos
1187 2838 1205 2880 a

458 2916 637 2977 damonum
651 2915 864 2994 irrisionibus,
874 2916 1065 2997 opprobriis,
1075 2915 1202 2995 ictibus,

1259 1936 1439 1997 extentione
1467 1934 1577 2016 iniqua
1609 1934 1647 1997 ad
1681 1934 1759 1997 illud
1793 1943 1921 2016 peracta
1948 1954 1996 1996 ros

1259 2033 1424 2095 redimam.
1442 2034 1538 2095 ilceto
1560 2041 1592 2094 ot
1612 2031 1687 2095 felle
1709 2031 1847 2095 refectus
1870 2051 1948 2111 sum,
1966 2040 1997 2093 nt
2014 2056 2096 2102 rina,

1259 2132 1300 2193 ab
1331 2129 1479 2193 infernali
1509 2130 1667 2193 absinthio
1702 2130 1836 2207 liberati,
1869 2120 2032 2194 coelestis²¹·

1260 2248 1377 2292 mensae
1404 2236 1436 2291 et
1464 2228 1627 2291 suavitatis
1656 2236 1781 2291 aeterna
1809 2228 1881 2291 sitis
1914 2229 1997 2309 parti-

1260 2328 1357 2409 cipes.
1379 2329 1464 2391 lnter
1488 2328 1657 2390 sceleratos
1682 2346 1751 2389 sum
1777 2336 1948 2410 reputatus,
1969 2336 2094 2397 utama

1261 2427 1394 2507 collegio
1413 2425 1669 2488 annumeremini
1688 2426 1867 2489 Beatorum.
1884 2426 1919 2489 ln
1937 2446 1999 2489 oru-

1260 2545 1296 2587 ce
1325 2524 1554 2587 violentissime
1583 2543 1654 2587 sum
1682 2524 1850 2605 distentus,
1881 2533 1915 2587 ul
1941 2533 1998 2587 tota

1259 2623 1298 2685 ad
1323 2623 1422 2685 Deum
1444 2621 1615 2685 allectione
1637 2622 1846 2685 intentissime
1869 2622 2000 2705 erigatur

1260 2739 1314 2783 cor
1342 2727 1494 2782 vestrum.
1524 2720 1626 2783 Clavis
1654 2738 1725 2781 sum
1754 2719 1943 2801 perforatus,
1971 2728 1998 2781 ut

1259 2818 1395 2880 vinculis
1421 2817 1560 2879 caritatis
1589 2816 1761 2879 fortissime
1785 2836 1822 2879 ac
1848 2816 2000 2899 insepara-

1261 2917 1364 2979 biliter
1389 2915 1467 2977 mihi
1491 2915 1681 2997 jungamini.
1707 2916 1742 2978 ln
1768 2934 1862 2979 cruce
1888 2924 1999 2998 septem

458 3012 601 3094 colaphis
623 3012 766 3092 liberem,
783 3014 913 3095 verique
934 3013 990 3076 Dei
1015 3014 1152 3077 cultores
1175 3022 1205 3075 et
1221 3014 1243 3077 C
1260 3015 1356 3077 verba
1386 3013 1600 3076 sacratissima
1628 3013 1757 3096 protuli,
1788 3021 1823 3075 ut
1850 3015 1893 3077 ab
1923 3014 2000 3077 omni

459 3113 659 3176 confessores
681 3110 833 3174 efficiam.

498 3210 600 3273 ludici
636 3217 842 3291 praesentatus
878 3229 960 3287 sum,
991 3208 1204 3290 ignominiose

458 3310 586 3391 ligatus,
602 3308 797 3371 mendaciter
811 3316 988 3387 accusatus,
1002 3307 1085 3369 facie
1100 3306 1206 3369 defor-

458 3415 574 3485 matuS,
591 3426 631 3469 ne
646 3426 703 3469 vos
718 3406 818 3468 divini
832 3406 946 3487 judicii
961 3405 1111 3467 tribunali
1127 3424 1205 3486 prae-

458 3504 626 3568 sentemini
656 3512 774 3586 turpes,
800 3504 845 3566 rei
874 3512 907 3566 et
934 3503 1134 3585 reprobandi.
1161 3503 1204 3565 lle

456 3603 563 3686 judice
577 3603 616 3665 ad
635 3602 787 3683 judicem,
804 3602 843 3664 de
866 3600 1019 3682 pontifice
1040 3601 1079 3662 ad
1102 3600 1206 3681 ponti-

457 3702 554 3765 ficem
570 3700 686 3762 missus
701 3719 771 3761 sum
786 3698 1026 3776 examinandus
1044 3718 1084 3760 ne
1101 3699 1133 3759 in
1153 3698 1204 3760 die

456 3799 570 3881 judicii
595 3818 668 3860 cum
694 3798 837 3879 reprobis
856 3817 875 3859 a
894 3798 1004 3859 Judice
1024 3814 1149 3859 summo
1174 3804 1205 3858 el

458 3897 670 3961 assessoribus
691 3897 762 3977 ejus
783 3894 1030 3977 redarguemini.

498 3996 577 4057 Alba
601 4004 688 4057 veste
712 4002 743 4056 et
767 4012 908 4075 purpura
931 4012 1000 4055 sum
1026 3992 1147 4071 irrisus,
1170 4001 1205 4054 ut

457 4114 515 4157 vos
530 4093 610 4155 stola
627 4092 746 4173 gloria,
764 4100 850 4154 veste
869 4092 976 4173 gratiae
998 4111 1034 4154 ac
1052 4090 1204 4153 virtutum

1262 3113 1377 3195 linguae
1402 3112 1567 3193 iniquitate
1592 3111 1784 3194 purgemini.
1805 3111 1939 3174 Gravius
1961 3112 2001 3173 af-

1262 3210 1398 3291 fligebar
1421 3209 1640 3291 compassione
1669 3228 1764 3289 quam
1789 3209 2002 3290 passionem

1259 3328 1323 3372 non
1340 3308 1443 3371 solum
1463 3307 1618 3389 corporali
1638 3308 1758 3386 dolore,
1776 3308 1830 3371 sed
1851 3306 2000 3390 spirituali

1260 3426 1385 3489 quoque
1401 3405 1542 3469 cruciatu
1559 3406 1647 3469 vobis
1662 3425 1881 3469 succurrerem
1896 3426 1932 3469 ac
1947 3426 2003 3467 me·

1260 3524 1357 3567 rerer.
1379 3505 1413 3566 ln
1436 3524 1548 3566 manus
1574 3504 1672 3565 Patris
1698 3505 1926 3568 commendans
1947 3505 2053 3585 spi-n..
2067 3530 2103 3560 aa

1260 3602 1355 3664 ritum
1375 3600 1544 3683 exspiravi,
1561 3608 1595 3662 ut
1616 3602 1759 3664 omnium
1781 3610 1923 3665 vestrum
1946 3602 2003 3683 spi·
2014 3589 2042 3627 ⁴⁶·

1260 3700 1339 3763 ritus
1361 3701 1424 3763 Deo
1446 3700 1527 3763 Patri
1552 3699 1781 3782 conjungerem
1796 3700 2000 3763 etofferrem.

1299 3800 1374 3860 Tam
1387 3797 1630 3861 innumerabiles
1646 3807 1740 3879 atque
1755 3800 1930 3862 acerrimas
1943 3818 2003 3882 poe

1260 3916 1328 3975 nas,
1345 3897 1500 3977 laesiones,
1522 3896 1667 3979 injurias,
1690 3899 1861 3978 opprobria
1882 3908 1915 3961 et
1935 3918 2004 3961 oon-

1259 4002 1397 4076 tcmptus
1420 3995 1485 4077 pati
1505 3994 1599 4076 elegi,
1622 4003 1657 4057 ut
1677 3996 1717 4057 ab
1741 3996 1891 4059 universa
1914 3997 2005 4059 infer-

1260 4094 1381 4156 nalium
1420 4092 1621 4155 miseriarum
1662 4092 2003 4177 innumerabiliumque

457 4192 625 4257 ornemini.
650 4191 765 4271 Spinea
788 4209 905 4253 corona
928 4210 998 4253 sum
1023 4198 1202 4268 coronatus,
1221 4190 1425 4276 Dpoenarum
1455 4200 1486 4254 ot
1513 4190 1738 4253 confusionum
1767 4196 1919 4275 congerie
1953 4213 2005 4257 ros

456 4299 614 4373 quatenus
639 4307 755 4352 corona
779 4290 819 4352 de
844 4289 946 4370 lapide
975 4288 1112 4368 pretioso
1141 4287 1205 4349 dia-

457 4392 612 4469 demaque
637 4387 753 4469 speciei
779 4395 882 4449 restro
907 4386 1001 4466 capiti
1025 4386 1206 4466 imponatur

457 4490 490 4551 in
505 4486 604 4551 coelis.
615 4486 821 4548 Praeseutatus
836 4504 905 4546 sum
922 4484 1039 4565 populo
1055 4492 1204 4565 tanquam

457 4584 745 4648 miserabilissimus
772 4583 879 4660 homo,
906 4590 1034 4663 portans
1062 4582 1205 4663 spineam

458 4702 607 4748 coronam
623 4682 772 4763 incapite
793 4689 888 4761 atque
903 4698 1096 4761 purpureum
1112 4681 1206 4743 vesti-

458 4790 600 4844 mentum
625 4779 658 4840 in
682 4797 824 4859 corpore,
848 4778 938 4840 vultu
962 4797 1074 4842 cruore
1100 4779 1206 4860 perfu-

458 4900 523 4955 sus,
546 4879 647 4959 sputis
671 4885 703 4939 et
727 4876 827 4957 alapis
848 4877 1084 4954 dehonestatus,
1106 4897 1146 4939 ne
1171 4877 1205 4939 in

457 4979 509 5042 die
533 4976 646 5059 judicii
670 4994 776 5038 coram
802 4975 883 5038 coelo
907 4984 938 5038 et
962 4983 1045 5038 terra
1069 4994 1207 5057 expona-

457 5076 536 5139 mini
561 5072 789 5137 confundendi.
815 5072 955 5135 Nudatos
980 5092 1051 5135 sum
1079 5081 1110 5135 et
1138 5073 1207 5135 alli-

457 5185 550 5259 gatus
575 5180 702 5253 totoque
727 5189 857 5253 corpore
879 5172 1075 5235 amarissime
1097 5172 1208 5253 flagel-

458 5278 551 5354 latus,
581 5279 616 5334 ut
646 5269 832 5333 indumento
864 5270 972 5332 salutis
1004 5270 1204 5352 operiamini,

1260 4308 1495 4372 praeservarem.
1516 4288 1644 4351 llatrem
1664 4306 1767 4350 meam
1787 4289 2003 4371 dignissimam

1261 4396 1354 4470 atque
1383 4387 1578 4450 carissimam
1614 4386 1755 4467 passioni
1784 4407 1863 4451 meae
1901 4391 2005 4452 adesse

1260 4495 1292 4549 et
1317 4485 1394 4548 mihi
1419 4494 1483 4547 tam
1512 4484 1790 4548 vehementissime
1817 4488 1907 4549 volui
1937 4506 2007 4551 con·

1261 4584 1378 4662 dolero,
1399 4591 1435 4645 ut
1458 4584 1526 4664 ipsa
1552 4602 1608 4644 sua
1632 4583 1853 4663 compassione
1877 4604 2007 4667 praecor-

1261 4682 1436 4745 dialissime
1470 4680 1755 4743 innumerabilibus
1787 4684 2007 4763 peccatoribus

1260 4780 1393 4861 gratiam
1415 4786 1590 4841 mereretur
1610 4778 1827 4842 conversionis
1847 4780 1969 4845 finalis.

1300 4878 1358 4940 Pro
1377 4876 1489 4939 morali
1508 4894 1635 4957 quoque
1656 4885 1761 4939 vestra
1782 4877 2008 4943 efficacissima

1261 4975 1469 5039 instructione
1498 4974 1648 5037 universa
1675 4983 1707 5037 et
1734 4976 1861 5057 singula
1896 4979 2007 5060 pertuli

1261 5074 1331 5137 ista.

1302 5173 1469 5235 Saturius.
1497 5206 1538 5216 -
1565 5170 1644 5245 Quid
1672 5172 1887 5252 gratitudinis,
1919 5192 2009 5255 quam

1262 5271 1434 5353 gratiarum
1456 5270 1626 5349 actionem,
1641 5269 1717 5351 quid
1738 5270 1873 5334 honoris
1895 5280 1929 5336 et
1950 5274 2012 5336 lau·
