4309 6259
462 486 522 553 fflss
601 508 641 554 DE
661 507 863 555 stamnum
883 509 1012 555 Atratus
1032 508 1070 553 BT
1091 508 1188 554 1188AE
1210 506 1436 554 amnuntrtotta
1459 507 1614 555 olnuottttS.
1638 525 1678 537 -
1699 506 1772 554 Ant.
1793 506 1865 553 xvtn

460 676 608 759 gationis,
632 696 728 759 quam
753 678 845 741 decet
867 679 1064 742 sacerdotem
1093 676 1125 739 in
1155 696 1207 741 ca-
1221 675 1247 741 t
1262 675 1397 758 Spiritus
1411 676 1518 740 Sancti
1540 677 1797 760 theologicasquc
1817 677 1943 743 virtutes
1958 698 1990 743 aa

461 775 635 840 lebratione
656 777 795 839 haberet
815 784 847 840 et
869 796 910 840 en
934 776 1061 841 devotio
1081 794 1207 858 semper
1262 785 1382 838 ceteras
1403 795 1473 857 quat
1497 776 1531 838 iu
1556 775 1620 839 illis
1643 777 1821 840 consistunt
1844 778 1989 859 potentiis,

404 917 407 923 -
459 872 578 937 oriatur
599 894 636 937 ex
657 875 711 937 Dei
732 878 863 939 amorel
1262 875 1363 955 magis
1377 874 1542 956 perficitur
1552 894 1589 937 ae
1605 875 1762 955 firmatur,
1779 883 1864 939 tante
1877 875 1990 939 facilius

499 972 647 1035 Vestras.
661 973 782 1037 -Duo
796 973 948 1037 notabilia
962 972 1146 1051 sciscitaris,
1166 972 1206 1034 ad
1261 991 1298 1035 ac
1323 972 1459 1035 validius
1484 972 1627 1036 inferiori
1652 972 1747 1055 parti,
1770 973 1913 1037 videlieet
1931 994 1991 1036 sen-

460 1087 530 1150 quaa
554 1070 610 1133 tibi
635 1071 668 1133 in
695 1072 820 1135 duobus
848 1072 1052 1153 sequentibus
1077 1090 1207 1153 respon·
1263 1069 1375 1151 sitivae,
1388 1090 1425 1134 ac
1440 1071 1642 1153 passionibus
1657 1070 1991 1154 dominatur3etquen-

460 1168 542 1232 debo
563 1168 717 1232 articulis.
1263 1176 1294 1231 to
1319 1168 1390 1250 plus
1415 1169 1485 1231 illas
1513 1170 1609 1232 habet
1636 1170 1696 1232 sibi
1725 1170 1892 1251 subiectas,
1916 1178 1990 1234 tante
2102 1162 2103 1221 ἶ

1263 1275 1352 1329 actus
1380 1275 1412 1330 et
1438 1266 1627 1330 affectiones
1651 1286 1688 1330 ac
1713 1268 1932 1331 delectationes
1953 1268 1992 1330 in-

1263 1364 1408 1427 tellectus
1423 1373 1454 1427 et
1468 1364 1640 1427 voluntatis
1654 1364 1769 1428 lortius
1789 1366 1991 1448 copiosiusque

636 1442 882 1507 ARTICULUS
905 1441 1031 1505 XVIII·
1264 1462 1493 1525 redundantia
1516 1464 1600 1526 vires
1625 1463 1793 1527 inferiores
1816 1472 1847 1526 et
1864 1482 1992 1547 corpora·

459 1592 509 1651 De
527 1590 707 1665 multiplici
723 1591 901 1658 devotione,
917 1597 947 1648 et
965 1588 1152 1663 specialiter
1168 1588 1208 1645 de
1265 1560 1326 1622 ¹⁰¹⁰
1342 1568 1499 1639 naturam>
1515 1561 1559 1623 im
1579 1561 1664 1641 (1¹¹0d
1686 1561 1840 1624 SffllSffiVfl
1860 1580 1927 1643 Ι)Μδ
1940 1562 1992 1623 ²¹0²

500 1679 667 1737 devotione
687 1678 995 1755 supereroqacionis,
1011 1696 1108 1755 quam
1130 1678 1207 1735 cece.
1264 1658 1383 1721 vationi
1409 1658 1524 1721 mentis
1551 1658 1583 1720 in
1608 1659 1707 1721 Deum
1733 1678 1798 1723 non
1828 1658 1990 1735 reluctatio,

501 1769 648 1828 drentem
662 1769 750 1828 decet
764 1768 890 1828 babere.
1264 1756 1319 1818 sed
1334 1757 1436 1837 magis
1451 1756 1609 1820 subservit
1623 1765 1654 1819 et
1669 1765 1865 1839 cooperatur.
1876 1756 1991 1838 Nempe,

1225 1850 1298 1915 But
1319 1874 1356 1917 ex
1377 1854 1579 1937 philosophia
1599 1873 1726 1937 quoque
1747 1854 1902 1936 agnoscis,
1924 1856 1993 1917 sicut

499 1956 645 2019 Veseris.
668 1991 709 2001 -
732 1954 927 2017 Generaliter
951 1974 1064 2017 verum
1090 1963 1139 2018 est
1160 1954 1208 2016 di·
1263 1952 1295 2014 in
1316 1952 1406 2015 coelis
1427 1954 1549 2034 sphaera
1572 1954 1716 2033 superior
1739 1972 1847 2015 seeum
1870 1955 1946 2034 rapit
1963 1972 1991 2015 ec

459 2062 546 2116 ctum
562 2053 641 2116 illud
657 2072 838 2130 commuue,
856 2053 939 2133 quod
957 2053 990 2114 in
1005 2053 1057 2115 via
1071 2054 1125 2115 Dei
1140 2071 1205 2115 non
1263 2051 1485 2114 circumvolvit
1505 2051 1660 2132 sphaeram
1683 2050 1879 2131 interiorem,
1894 2051 1936 2113 sic
1955 2050 1993 2112 al-

458 2151 605 2233 pnogredi
634 2169 739 2231 neque
767 2148 936 2231 prolicere,
963 2150 1005 2211 sit
1032 2150 1206 2231 retrogradi
1263 2148 1380 2211 lectiva
1401 2148 1545 2231 superior
1559 2148 1655 2212 trahit
1677 2149 1860 2212 sensitivam
1876 2158 1991 2231 postse.

459 2257 553 2330 atque
568 2246 723 2326 delicere3
735 2254 768 2310 ct
782 2266 901 2327 rursus,
914 2248 997 2327 quod
1014 2248 1047 2308 in
1062 2248 1208 2311 mortalia
1302 2248 1420 2327 ltaque,
1445 2246 1526 2309 sicut
1544 2254 1618 2308 sunt
1643 2254 1705 2309 tres
1729 2248 1845 2328 gradus
1869 2246 1993 2309 caritatis

458 2347 537 2409 vitia
563 2346 627 2408 cito
654 2344 825 2424 delabitur,
854 2344 910 2425 qui
941 2344 1079 2407 venialia
1108 2345 1207 2408 vitare
1263 2365 1299 2407 ac
1328 2344 1403 2408 doni
1431 2343 1606 2425 sapienties,
1633 2344 1677 2406 ita
1705 2353 1780 2407 sunt
1806 2353 1867 2407 tres
1893 2345 1993 2427 gradus

458 2463 523 2507 uon
547 2443 666 2506 nititur.
693 2442 775 2523 Ergo
803 2441 858 2523 qui
882 2443 1043 2504 communi
1070 2442 1125 2505 illa
1155 2444 1208 2505 de·
1263 2442 1452 2505 devotionis.
1474 2441 1528 2504 Est
1548 2442 1634 2506 euim
1659 2443 1777 2524 gradus
1803 2441 1937 2505 caritatis
1954 2443 1993 2503 iu-

458 2544 586 2607 votioue
614 2550 647 2605 ct
674 2542 739 2604 suis
766 2540 922 2623 angustiis
950 2549 999 2603 est
1027 2548 1206 2620 contentus,
1263 2539 1743 2623 feriorincipientium,medius
1758 2539 1991 2623 proficientium,

458 2640 596 2704 allectus
625 2659 723 2703 sacrat
751 2638 997 2717 communionis,
1026 2639 1065 2701 de
1093 2638 1208 2720 quibus
1263 2638 1374 2700 tertius
1390 2636 1612 2719 perlectorum.
1630 2638 1675 2700 nd
1698 2637 1847 2701 iniimum
1868 2636 1993 2701 caritatis

457 2739 542 2801 inlra
562 2746 702 2819 bugam,
727 2755 798 2800 raro
824 2736 995 2818 experitur,
1019 2744 1073 2798 aut
1097 2736 1207 2799 remis·
1263 2736 1394 2817 gradum
1420 2744 1542 2817 spectat
1564 2735 1697 2798 iniimus
1725 2737 1841 2818 gradus
1869 2736 1994 2800 devotio
2104 2747 2105 2787 t

457 2857 492 2900 se
525 2837 665 2913 sortitur,
696 2844 728 2899 et
759 2852 894 2917 parvum
926 2842 981 2895 aut
1012 2834 1137 2897 nullum
1170 2854 1207 2896 ex
1263 2834 1325 2913 uis,
1355 2832 1504 2896 omnibus
1533 2834 1571 2895 ad
1601 2833 1708 2896 minus
1737 2835 1931 2897 necessarius
1961 2833 1993 2895 ad

458 2934 670 2998 celebratione
695 2940 834 3015 reportat
857 2932 1010 3010 fructum,
1036 2951 1140 3012 neque
1169 2952 1206 2994 ex
1264 2932 1409 3009 salutem,
1427 2949 1489 3013 quo
1504 2932 1575 3011 quis
1592 2951 1649 2995 suo
1671 2932 1765 2996 modo
1781 2940 1954 3015 promptum
1967 2950 1994 2993 se

459 3033 547 3095 lontc
575 3032 636 3095 boc
664 3032 847 3113 gratiarum,
870 3029 1075 3093 Eucharistiae
1104 3049 1206 3093 sacra-
1227 3028 1391 3092 Cexhibet
1411 3030 1450 3091 ad
1475 3048 1511 3091 ea
1532 3047 1601 3110 quaa
1623 3029 1741 3092 cadunt
1761 3030 1821 3093 sub
1841 3040 1993 3113 precepto,

461 3235 562 3290 smata
589 3250 597 3288 ι
624 3227 688 3289 imo
712 3225 902 3289 celebrando
931 3226 1046 3287 multas
1074 3226 1211 3288 incurrit
1265 3224 1444 3307 importune
1466 3244 1503 3287 ac
1525 3224 1669 3307 improbe
1691 3226 1872 3289 reluctetur.
1894 3226 1995 3289 Secun-

460 3139 580 3211 mcnto,
605 3130 713 3211 gratiae
737 3148 775 3191 ac
800 3128 950 3190 virtutum
974 3129 1081 3190 haurit
1105 3127 1208 3190 chari·
1264 3126 1409 3208 quamvis
1433 3126 1622 3189 sensualitas
1649 3126 1784 3209 fortiter,
1815 3128 1878 3191 imo
1905 3126 1995 3209 potius

461 3325 583 3407 culpas,
606 3323 829 3406 negligentias,
854 3323 1090 3401 distractiones
1114 3322 1210 3386 omis·
1264 3323 1322 3385 dus
1336 3324 1453 3404 gradus
1467 3322 1646 3385 devotionis
1660 3329 1719 3401 est,
1736 3342 1799 3405 quo
1821 3324 1892 3405 quis
1906 3340 1995 3403 prom·

461 3425 578 3488 siones.
600 3422 815 3486 Periculosum
840 3430 889 3483 est
913 3421 1020 3502 igitur,
1047 3421 1209 3503 ruiuaequo
1264 3429 1317 3504 pte
1332 3421 1371 3483 ad
1386 3439 1423 3483 ea
1438 3440 1507 3501 quas
1522 3420 1577 3482 Dei
1593 3428 1667 3483 sunt
1682 3420 1794 3499 lectur,
1811 3421 1995 3503 passionibus
2105 3450 2106 3505 p

315 3523 653 3605 11„„„‚0‚proximum,
688 3540 754 3584 non
787 3520 895 3584 conari
931 3521 970 3582 ad
1006 3520 1137 3583 meliora
1172 3539 1208 3582 ac
1263 3520 1329 3601 jam
1354 3518 1557 3582 mediocriter
1581 3518 1732 3600 mitigatis
1756 3539 1793 3582 ac
1820 3518 1994 3595 reformatis,
2105 3522 2106 3535 ²

462 3621 619 3685 viciniora
646 3619 752 3700 saluti,
778 3629 810 3681 et
837 3617 892 3681 tali
923 3619 1085 3682 communi
1114 3618 1210 3681 devo·
1265 3626 1296 3682 et
1320 3636 1451 3699 corpore
1474 3616 1508 3678 in
1534 3616 1716 3679 servitutem
1742 3618 1869 3699 spiritus
1894 3617 1936 3680 sic
1957 3626 2093 3677 rte-torat-

461 3720 548 3782 tione
572 3719 605 3780 in
630 3725 716 3781 tauto
745 3716 921 3779 contentari
947 3716 1108 3798 mysterio,
1132 3736 1210 3797 prae
1264 3718 1356 3780 dacto
1380 3715 1464 3797 quod
1488 3716 1536 3777 vis
1560 3715 1748 3793 devotionis,
1770 3716 1908 3779 caritatis
1928 3713 1995 3777 aile-

360 3844 447 3883 mm.
462 3818 571 3882 sertim
595 3836 692 3899 quum
717 3815 838 3879 dictum
861 3815 911 3894 sit,
937 3822 1084 3896 oportere
1108 3834 1210 3878 sacer·
1266 3816 1340 3895 ctio,
1370 3814 1537 3877 delectatio
1565 3813 1738 3895 spiritualis
1774 3823 1804 3877 et
1839 3816 1995 3878 vehemens

462 3918 568 3980 dotem
583 3916 626 3977 ita
641 3934 704 3997 prae
719 3913 838 3995 populo
856 3930 1024 3975 eoruscare
1038 3912 1209 3975 eminentia
1264 3912 1431 3994 occupatio
1456 3910 1573 3973 mentis
1598 3909 1631 3972 in
1657 3910 1741 3973 vires
1766 3911 1930 3976 inferiores
1949 3928 1995 3972 no

462 4013 598 4095 quadam
613 4012 778 4089 virtutum,
795 4010 876 4073 sieut
898 4029 955 4091 per
975 4010 1143 4073 sacerdotii
1163 4010 1210 4073 di·
1265 4011 1403 4075 tabiliter
1428 4010 1627 4091 suaviterque
1656 4010 1846 4074 redundant.
1873 4011 1911 4073 Et
1934 4008 1995 4071 talis

462 4112 616 4195 gnitatem
636 4109 668 4171 in
692 4109 793 4189 gradu
816 4116 848 4169 et
868 4108 980 4171 ordine
1006 4108 1211 4171 constituitur
1264 4108 1391 4173 devotio
1422 4115 1526 4189 potest
1552 4108 1658 4171 vocari
1688 4109 1862 4188 sensibilis,
1890 4105 1996 4191 experi-

461 4208 577 4285 altiori,
594 4208 638 4269 ita
657 4206 743 4287 quod
758 4205 884 4268 assidue
899 4204 993 4268 debet
1013 4207 1052 4268 ad
1067 4206 1128 4269 boc
1143 4215 1211 4269 ten·
1224 4202 1248 4264 D
1265 4206 1424 4285 mentalis,
1440 4205 1543 4269 dulcis
1558 4225 1595 4269 ac
1610 4206 1751 4286 servida;
1768 4208 1801 4270 in
1816 4228 1879 4291 qua
1899 4216 1997 4270 natura

461 4309 538 4371 dere
558 4326 596 4369 ac
618 4304 726 4369 conari
743 4329 750 4365 ε
768 4304 852 4385 quod
874 4303 936 4365 nisi
959 4306 1128 4385 peregerit,
1145 4324 1209 4367 non
1265 4322 1400 4386 parsque
1424 4302 1557 4365 inferior
1584 4302 1627 4365 ita
1652 4304 1821 4387 participat
1845 4325 1933 4367 suum
1954 4324 1996 4365 su·

462 4406 517 4469 din
532 4406 626 4487 eulpa
640 4403 760 4467 carebit
778 4399 913 4480 mortali,
930 4402 1004 4482 quia
1026 4401 1060 4463 in
1075 4401 1140 4465 imo
1155 4402 1209 4464 diu
1265 4401 1383 4485 parius,
1405 4408 1436 4463 et
1456 4399 1485 4463 ei
1507 4401 1689 4479 concordat,
1710 4401 1833 4483 alludit,
1855 4400 1997 4465 subservit

462 4514 545 4568 stare
566 4522 630 4567 nou
652 4501 745 4565 valet.
1265 4508 1359 4580 atque
1394 4505 1592 4580 cooperatur,
1621 4498 1710 4580 juxta
1744 4500 1828 4580 quod
1858 4500 1995 4582 scriptum

502 4602 664 4679 Praeterea‚
681 4599 764 4662 sicut
783 4618 821 4661 ex
842 4598 973 4661 caritate
993 4598 1121 4661 devotio
1143 4618 1210 4661 sca·
1265 4606 1313 4661 est
1330 4621 1336 4659 :
1354 4596 1459 4659 Sitivit
1480 4596 1513 4658 in
1535 4604 1565 4660 te
1586 4598 1694 4660 anima
1714 4618 1806 4677 mea;
1822 4618 1916 4681 qnam
1929 4597 2082 4661 mul-caat

462 4701 550 4780 turit,
570 4700 615 4763 ita
631 4699 719 4779 juxta
738 4697 897 4779 triplicem
916 4697 1050 4779 gradum
1068 4696 1209 4759 caritatis
1265 4696 1417 4778 tipliciter
1443 4695 1501 4758 tibi
1527 4714 1600 4759 caro
1629 4704 1719 4760 meat
1747 4698 1869 4761 Tertius
1895 4698 1996 4781 gradus

462 4799 592 4882 ponitur
609 4796 724 4877 triplex
749 4794 873 4877 species
892 4814 948 4856 seu
968 4794 1073 4876 potius
1093 4796 1209 4876 gradus
1264 4794 1443 4858 devotionis
1473 4802 1532 4871 est,
1558 4811 1620 4874 quo
1645 4796 1729 4875 quis,
1752 4805 1840 4878 parte
1863 4796 1997 4860 sensitiva

461 4895 651 4962 devotionis.
667 4894 790 4957 Etenim
807 4901 930 4957 certum
945 4895 1091 4974 estquod
1111 4912 1210 4975 quan·
1263 4891 1329 4973 jam
1358 4892 1528 4955 reformata
1556 4911 1592 4954 ae
1622 4893 1758 4973 subdita,
1789 4896 1997 4975 sensitivisque

463 5006 494 5060 to
522 4995 592 5076 quis
620 4991 758 5074 amplius
785 4990 891 5072 diligit
915 4990 1026 5068 Deum,
1054 4997 1141 5054 tanto
1169 4992 1208 5054 ad
1264 4990 1385 5053 viribus
1410 4990 1581 5071 cognitivis
1606 4990 1796 5069 recollectis,
1820 5000 1884 5056 toto
1905 4991 1997 5054 cordis

462 5095 532 5175 ejus
548 5092 668 5155 cultum
683 5090 723 5151 lit
736 5090 922 5171 promptior.
938 5089 1071 5171 insuper
1086 5096 1209 5151 constat
1263 5088 1395 5168 aflectu,
1418 5090 1563 5171 expedite
1591 5108 1628 5151 ac
1657 5089 1769 5168 libere,
1791 5110 1863 5154 cum
1888 5088 1996 5173 ingenti

461 5192 545 5274 quod
560 5196 678 5272 quanto
700 5187 845 5270 superior
865 5204 937 5267 pars
953 5185 1078 5264 animae,
1096 5194 1207 5267 utputa
1262 5186 1513 5269 promptitudine
1541 5185 1642 5249 lertur
1669 5188 1708 5249 ad
1737 5206 1774 5251 ea
1808 5207 1878 5269 qua
1909 5186 1996 5250 divini

461 5290 641 5353 intellectus
665 5295 696 5349 et
720 5285 876 5365 voluntas,
898 5303 955 5366 per
978 5292 1099 5366 septem
1124 5284 1207 5348 dona
1263 5293 1337 5347 sunt
1361 5286 1475 5361 cultus,
1502 5292 1532 5347 et
1554 5284 1632 5364 ipsis
1660 5284 1781 5349 diutine
1809 5306 1846 5350 ae
1872 5286 1997 5350 delacta-
