4309 6259
727 1045 1209 1157 PRDOEMIUM

835 1358 1101 1371 *—

274 1753 347 1812 licis
369 1751 613 1827 spiritualibus,
634 1758 801 1809 coutentes
824 1756 855 1807 et
877 1752 1051 1824 psallentes
1075 1750 1286 1809 tricordibus
1309 1750 1424 1809 uestris
1447 1751 1599 1819 Domiuo,
1615 1750 1744 1825 pretim

272 1866 402 1935 agentes
414 1874 473 1933 pro
487 1857 645 1917 omuibus.
662 1854 776 1936 Ephes.
793 1872 824 1931 v,
841 1852 939 1917 1820.

257 1965 291 2027 ln
313 1964 372 2027 hac
395 1962 604 2026 saluberrima
625 1960 726 2025 divini
742 1960 883 2043 Apostoli
906 1960 1124 2024 exhortatione
1148 1968 1320 2043 tanguntur
1340 1969 1430 2024 actus
1452 1961 1595 2044 preclari
1616 1961 1744 2025 virtutis

197 2090 267 2153 quae
281 2070 373 2133 latria
388 2070 577 2151 appellatur,
593 2088 663 2150 quae
685 2068 748 2131 Deo
770 2067 892 2131 cultum
914 2066 1192 2149 cerimoniamque
1214 2067 1393 2151 impendit:
1409 2068 1464 2151 qui
1486 2076 1575 2131 actus
1589 2069 1630 2131 ad
1651 2067 1745 2151 spiri-

198 2178 298 2240 tuales
313 2194 464 2259 personas
479 2174 638 2257 precipue
652 2174 823 2258 pertinent,
839 2176 879 2237 ad
901 2173 1066 2238 universos
1087 2192 1214 2257 queque
1235 2173 1360 2238 fideles.
1375 2175 1422 2238 hd
1443 2174 1521 2256 quid
1541 2174 1629 2238 enim
1649 2175 1745 2239 ratio·

197 2282 280 2347 nafis
294 2292 438 2347 creatura
451 2292 500 2345 est
514 2282 609 2361 facta,
619 2281 681 2343 nisi
698 2290 733 2343 ut
746 2282 924 2345 Creatorem
941 2300 1033 2345 suum
1048 2289 1209 2363 agnoscat,
1217 2281 1312 2358 colat,
1319 2281 1443 2362 diligat,
1459 2281 1577 2361 laudet,
1583 2290 1742 2361 vereatur,

198 2410 236 2455 ac
250 2391 337 2455 omni
352 2391 446 2453 modo
462 2389 523 2452 sibi
546 2388 690 2471 possibili
714 2392 904 2452 veneraturi
920 2389 958 2452 Et
971 2389 1123 2471 quoniam
1144 2388 1318 2470 unicuique
1339 2389 1504 2451 mandavit
1517 2389 1600 2452 Deus
1618 2391 1658 2453 da
1673 2408 1745 2473 pro-
1760 2414 1831 2459 οπο,
1841 2426 1892 2465 uu.

199 2499 285 2563 ximo
306 2516 375 2576 suo,
391 2506 427 2560 ut
447 2496 571 2559 scilicet
591 2496 705 2578 diligat
725 2516 798 2559 eum
820 2516 858 2559 ex
879 2496 1009 2560 caritate
1032 2505 1182 2577 tanquam
1204 2514 1238 2558 se
1259 2496 1377 2577 ipsum,
1393 2504 1486 2578 atque
1504 2496 1644 2560 edificet
1657 2516 1743 2577 oum,
1761 2480 1794 2521 ¹²·

200 2613 355 2688 quatenus
378 2604 433 2686 qui
457 2604 546 2667 audit
569 2604 701 2666 verbum
724 2604 835 2665 salutis
862 2604 948 2667 dicat
971 2602 1136 2681 confratri,
1161 2602 1240 2665 Veni
1269 2604 1308 2665 ad
1336 2603 1620 2686 obtemperandum
1648 2604 1745 2669 verbo

201 2712 346 2789 salutari,
363 2711 472 2794 sicque
487 2710 705 2792 unusquisque
720 2718 815 2793 prout
828 2711 954 2793 accepit
967 2710 1113 2793 gratiam,
1130 2710 1164 2771 in
1178 2710 1365 2773 altemtmm
1384 2710 1473 2773 illam
1487 2711 1698 2789 administret,
1714 2720 1747 2774 et
1773 2734 1894 2785 rrum.

200 2818 344 2883 conferat
358 2836 466 2880 secum
480 2816 520 2878 de
535 2814 718 2897 Scripturis,
733 2816 773 2878 de
788 2816 935 2879 laudibus
950 2815 1017 2893 Dei,
1033 2815 1095 2879 hoc
1108 2823 1158 2877 est
1169 2796 1214 2878 'da
1229 2814 1360 2898 psalmis
1374 2824 1406 2878 et
1419 2815 1558 2898 hymnis,
1575 2815 1747 2898 spirituali·
1762 2801 1795 2841 ¹⁰·

200 2927 260 2989 bus
275 2924 419 3005 canticis,
435 2942 473 2986 ac
493 2924 534 2985 de
555 2922 767 3005 intelligentia
787 2923 984 3002 eommdem‚
999 2922 1039 2984 de
1061 2923 1155 2986 modo
1177 2922 1333 3004 psallendi
1355 2930 1472 2986 attente
1493 2942 1530 2987 ac
1551 2931 1744 3003 reverenter,

201 3052 275 3097 cum
296 3030 477 3097 ohedientia
497 3048 630 3113 operum
652 3030 782 3093 salutari
804 3048 840 3093 ac
862 3030 969 3093 debita
989 3029 1154 3112 (quoniam
1175 3029 1328 3093 Dominus
1346 3030 1416 3111 ipse
1436 3031 1644 3113 deprompsit,
1666 3030 1747 3106 Quid
1762 3062 1892 3117 mg,

201 3140 281 3204 mihi
296 3138 414 3216 dicitis,
430 3137 574 3215 Domine,
590 3136 734 3215 Domine,
750 3144 782 3199 et
796 3154 861 3199 non
876 3135 983 3199 facitis
998 3154 1068 3217 quae
1082 3136 1176 3200 dicct
1191 3136 1343 3219 itemque,
1359 3136 1496 3218 Populus
1514 3137 1568 3201 hic
1587 3137 1681 3201 labiis
1695 3157 1747 3201 me
1761 3169 1848 3217 um,
1858 3184 1896 3225 „¹

202 3247 346 3324 honorat,
363 3263 418 3308 cor
431 3251 537 3306 autem
551 3242 622 3324 ejus
637 3241 730 3325 longe
745 3250 794 3305 est
813 3262 831 3305 a
845 3244 909 3323 me)
922 3266 929 3304 :
944 3243 1062 3325 itaque,
1078 3242 1118 3305 ad
1132 3242 1324 3323 condignam
1339 3250 1372 3305 et
1384 3242 1448 3307 Deo
1463 3251 1626 3326 acceptam
1641 3244 1749 3307 lauda·
1762 3236 1782 3277 ⁸·

196 1645 354 1917 IMPL
361 1645 500 1707 EMINI
510 1644 643 1721 Spiritu
657 1644 792 1711 Souclc,
802 1645 965 1721 loquentes
980 1643 1215 1718 vobismetipsis
1229 1643 1264 1703 in
1276 1644 1417 1720 psalmis
1430 1650 1461 1701 et
1475 1642 1607 1719 hymnis
1620 1651 1652 1701 et
1665 1662 1744 1702 ceu·

202 3354 333 3430 tionem,
349 3350 486 3432 exigitur
501 3348 605 3412 cordis
620 3348 765 3427 attentio,
777 3356 809 3411 et
823 3366 954 3430 operum
970 3347 1132 3411 exsecutio
1145 3347 1303 3427 timorate,
1315 3348 1360 3411 ita
1374 3356 1409 3411 ut
1422 3350 1599 3413 serviamus
1613 3350 1747 3415 Domino
1762 3383 1802 3428 p„
1815 3396 1837 3435 ῃ,
1850 3388 1883 3429 ¹,

202 3478 276 3523 cum
290 3466 378 3521 metu
392 3464 424 3519 et
437 3456 562 3533 timore,
578 3462 609 3517 et
630 3456 824 3517 exsultamus
845 3454 874 3517 ei
896 3472 971 3517 cum
985 3462 1132 3517 tremore.
1149 3454 1275 3516 Etenim
1294 3454 1482 3517 maledictus
1500 3455 1555 3538 qui
1575 3454 1654 3520 facit
1666 3475 1748 3541 opus
1771 3492 1894 3545 mm„

202 3568 257 3632 Dei
282 3566 480 3649 negligenter
504 3564 571 3626 sive
595 3562 823 3641 fraudulenter,
839 3580 939 3643 quum
959 3562 1028 3646 ipse
1051 3562 1176 3625 locutus
1198 3561 1239 3623 sit
1255 3582 1262 3623 :
1280 3561 1312 3625 Si
1333 3570 1423 3645 pater
1443 3580 1503 3644 ego
1524 3581 1607 3642 sum,
1624 3563 1679 3626 uhi
1701 3572 1750 3627 est
1764 3556 1887 3663 spuma

202 3676 304 3739 honor
318 3675 431 3736 meust
447 3678 479 3733 et
493 3671 519 3733 si
542 3669 695 3733 Dominus
716 3688 775 3751 ego
797 3688 879 3747 suin,
895 3668 952 3731 uhi
967 3676 1016 3731 est
1037 3668 1132 3731 timor
1152 3672 1264 3731 meust
1278 3668 1358 3731 ilinc
1373 3687 1453 3751 opus
1467 3668 1623 3732 ditissimi
1645 3669 1751 3733 eflicit
1763 3682 1784 3721 ο
1889 3650 1896 3671 '

202 3780 432 3857 fraudulenter,
443 3778 498 3860 qui
514 3776 634 3858 aliquid
648 3776 762 3839 debite
777 3776 961 3839 reverentie
976 3782 1030 3839 aut
1043 3774 1257 3839 formidolose
1272 3774 1463 3838 laudationis
1477 3775 1636 3839 subtrahit
1649 3776 1750 3840 cultui

204 3889 285 3971 ejus.
301 3887 375 3950 ldeo
389 3884 506 3948 dicitur
520 3884 559 3947 ad
573 3882 721 3945 hebreos
739 3905 746 3945 ι
763 3882 945 3945 Serviamus
959 3882 1023 3945 Deo
1038 3900 1112 3945 cum
1126 3889 1214 3943 metu
1227 3888 1260 3943 et
1273 3882 1461 3945 reverentia.
1777 3900 1844 3945 ute.
1859 3916 1895 3954 m.

263 3994 505 4059 Consideremus
528 3998 646 4073 quanta
670 3990 712 4053 sit
734 3990 921 4053 excellentia
944 3990 1015 4071 cyus
1044 3989 1096 4053 cui
1119 3988 1298 4071 psallimus,
1320 4007 1416 4071 quem
1439 3989 1616 4053 laudamus.
1639 3989 1751 4054 Nonne
1764 3966 1798 4007 ²⁸¹

205 4104 360 4167 columne
375 4098 448 4163 coeli
467 4096 719 4161 contremiscunt
737 4104 768 4158 et
786 4104 905 4179 pavent
924 4098 963 4160 ad
977 4104 1091 4159 nutum
1105 4094 1229 4177 ipsiusl
1243 4094 1356 4159 Nonne
1374 4096 1531 4160 exercitus
1550 4097 1597 4159 illi
1613 4096 1750 4179 angelici
1779 4126 1820 4168 re
1838 4139 1897 4178 m,

205 4228 278 4273 cum
294 4216 429 4270 tremore
444 4206 473 4267 ei
488 4204 666 4267 adsistuntl
682 4203 794 4277 Quanti
810 4222 885 4284 ergo
899 4221 957 4267 nos
978 4221 1088 4266 sumus
1107 4210 1143 4264 ut
1161 4203 1329 4285 loquamur
1346 4203 1452 4267 verbis
1471 4203 1587 4268 nostris
1602 4223 1676 4267 cum
1690 4208 1749 4268 eol
1763 4192 1896 4299 namu,

205 4316 294 4378 Certe
309 4331 415 4376 coram
431 4311 500 4393 ipso
515 4317 547 4372 et
565 4308 801 4390 comparatione
821 4308 935 4390 ipsius,
952 4327 1015 4372 uon
1036 4308 1140 4371 solum
1158 4308 1245 4372 orbis
1265 4317 1431 4388 terrarum,
1448 4310 1504 4372 sed
1523 4317 1555 4372 et
1568 4309 1665 4373 totius
1680 4310 1751 4373 uni·
1763 4339 1897 4395 s„„,‚2³,

206 4420 339 4485 versitas
361 4426 523 4495 creature,
539 4424 587 4479 est
608 4424 757 4497 tanquam
772 4424 969 4479 momentum
985 4422 1119 4495 statere,
1135 4423 1166 4478 et
1180 4424 1331 4498 tanquam
1350 4424 1441 4497 gutta
1461 4416 1542 4481 roris
1555 4418 1748 4483 antelucani.

205 4531 276 4613 lpse
294 4536 354 4608 est,
370 4536 448 4589 teste
467 4524 650 4607 Porphyris,
666 4542 761 4607 quem
776 4531 807 4586 et
820 4524 925 4605 polus,
941 4522 1036 4585 tellus
1054 4530 1234 4605 pontusque
1254 4530 1466 4602 contremunt,
1482 4532 1514 4587 et
1532 4524 1603 4607 ipsa
1620 4525 1752 4609 insuper

207 4638 341 4702 numine
361 4634 614 4719 perhorrescunt.
631 4632 695 4695 lloc
719 4631 961 4694 Ecclesiasticus
985 4630 1165 4694 evidentius
1191 4629 1412 4713 salubriusque
1433 4632 1653 4714 deprompsit:
1670 4634 1751 4699 Εοοο
1772 4658 1898 4713 neem,

207 4746 382 4829 (inquiens)
397 4742 513 4805 coelum
528 4750 560 4803 et
574 4740 646 4803 coeli
661 4741 826 4818 coelorum,
839 4738 970 4820 abyssus
985 4746 1018 4802 et
1031 4739 1182 4802 universa
1195 4747 1288 4819 terra,
1303 4738 1541 4821 etomniaque
1555 4739 1650 4804 ineis
1665 4752 1750 4822 sunt,
1766 4724 1800 4773 ¹⁸·
1810 4724 1843 4766 ¹⁹·

208 4856 241 4919 in
265 4858 438 4935 conspectu
462 4850 516 4913 Dei
541 4847 837 4925 commovebuntur,
853 4854 978 4910 montes
1001 4846 1097 4908 simul
1121 4852 1153 4907 et
1176 4844 1294 4924 colles,
1310 4853 1342 4907 et
1355 4864 1454 4928 quum
1479 4849 1679 4928 conspexerit
1696 4850 1754 4914 illa

207 4963 302 5040 Deus,
322 4968 457 5022 tremore
479 4956 710 5021 concutientur.
734 4954 979 5033 Nihilominus,
1001 4954 1085 5016 sicut
1106 4953 1225 5016 ibidem
1247 4954 1464 5035 subjungitur,
1485 4955 1520 5017 ln
1541 4956 1691 5018 omnibus
1712 4958 1752 5019 iis
1767 4970 1870 5016 imao.

208 5072 405 5134 insensatum
424 5075 473 5129 est
491 5084 546 5129 cor
562 5090 569 5127 :
587 5082 642 5127 cor
663 5062 771 5144 utique
792 5062 931 5126 hominis
953 5060 1094 5124 indevoti
1116 5060 1177 5122 ista
1195 5078 1260 5123 non
1279 5061 1483 5139 attendentis,
1504 5069 1568 5123 tam
1591 5061 1752 5126 infinitam

209 5173 525 5261 superglorioaiasimi
540 5172 594 5234 Dei
610 5170 829 5234 excellentiam
845 5186 909 5232 non
923 5166 1100 5249 pensantis,
1117 5166 1186 5229 sine
1201 5166 1426 5231 recollectione
1446 5166 1581 5248 hymnos
1595 5170 1751 5249 canentis,

209 5289 279 5353 sine
303 5282 455 5360 custodia,
476 5279 647 5344 formidine
670 5286 703 5340 et
725 5276 850 5341 fervore
875 5275 1052 5360 psallentis.
1068 5273 1239 5355 Erubesce,
1255 5274 1311 5356 qui
1334 5273 1406 5337 talis
1430 5292 1476 5351 es,
1496 5280 1530 5336 et
1552 5274 1688 5339 formida
1712 5295 1754 5339 ne
