4309 6259
447 487 507 554 262
543 472 549 480 ’
736 506 777 553 uu
797 508 888 555 nouas
909 508 1043 556 srmrros
1065 507 1183 567 suucu,
1205 508 1380 557 reserares
1401 510 1441 557 tv.
1465 530 1505 539 -
1525 508 1653 556 nonum
1674 509 1705 557 vt

445 685 498 741 tur
518 677 622 759 potius
643 695 700 760 pro
722 675 875 741 fidelitate
893 679 945 741 vel
967 676 1042 741 fidei
1066 677 1194 742 certitu·
1207 679 1232 742 A
1247 686 1281 741 ut
1304 679 1408 759 docet,
1430 678 1549 744 donum
1573 680 1754 745 intellectus
1774 679 1914 743 daturin
1934 680 1985 743 ad·

445 776 530 841 diue.
1245 777 1398 859 jutorium
1417 778 1503 843 fidei.
1522 780 1621 858 Unde,
1639 781 1721 862 quod
1742 779 1849 861 opinio
1864 779 1921 841 ista
1939 798 1984 841 ex-

484 875 613 951 Rursus,
645 894 683 937 ex
715 875 810 938 modo
843 874 992 956 loquendi
1021 874 1193 939 beatissimi
1247 877 1335 958 ponit
1351 876 1695 959 verhaB.Gregorii‚ut
1710 878 1780 941 ideo
1795 879 1877 940 dona
1892 877 1985 940 dican·

444 973 531 1037 lsaiae
552 982 633 1055 post,
655 980 741 1056 patet
761 972 883 1035 falsitas
904 974 1001 1055 hujus
1021 974 1190 1056 opinionis,
1246 983 1298 1038 tur
1317 975 1384 1037 dari
1398 974 1432 1035 iu
1447 976 1638 1058 adjutorium
1661 976 1823 1055 virtutum,
1845 976 1982 1055 quoniam

444 1072 506 1135 Cur
529 1072 614 1134 enim
643 1080 764 1152 septem
791 1070 847 1133 ille
870 1072 929 1135 sub
952 1091 1015 1136 uuo
1045 1079 1192 1135 contextu
1246 1074 1361 1136 dantur
1385 1073 1416 1135 in
1441 1073 1634 1155 adjutorium
1659 1074 1810 1137 virtutum
1830 1072 1984 1153 acquisita-

445 1179 620 1248 enumerat‚
638 1178 669 1233 et
688 1188 761 1233 cum
780 1170 997 1253 praemissione
1016 1179 1048 1233 et
1067 1189 1193 1253 expres·
1247 1190 1328 1250 rum,
1347 1190 1410 1235 uon
1433 1179 1481 1234 est
1502 1172 1562 1233 nisi
1586 1172 1804 1255 imperitorum
1825 1172 1982 1253 deceptio:

445 1268 533 1332 sione
553 1268 691 1351 spiritus,
712 1268 857 1347 dicendo,
879 1268 1012 1351 Spiritus
1033 1268 1192 1351 sapientiae
1246 1270 1395 1352 quoniam
1416 1270 1497 1333 fides
1516 1271 1555 1333 de
1575 1289 1638 1351 qua
1656 1269 1825 1352 Gregorius
1846 1269 1983 1351 loquutur,

446 1376 479 1431 et
502 1366 692 1445 intellectus,
717 1367 845 1447 spiritus
869 1366 992 1429 consilii
1015 1376 1047 1430 et
1070 1367 1194 1430 fortitu·
1247 1367 1335 1430 nullo
1359 1368 1452 1430 modo
1474 1375 1521 1429 est
1542 1368 1642 1430 virtus
1664 1368 1828 1449 acquisita.

445 1465 539 1545 dinis,
556 1473 629 1543 etc,
646 1464 707 1527 nisi
722 1465 760 1527 ad
776 1464 1000 1528 insinuandum
1019 1466 1104 1547 quod
1126 1466 1192 1528 haec
1287 1464 1440 1546 Amplius,
1458 1465 1564 1547 opinio
1579 1465 1639 1528 ista
1658 1474 1707 1529 est
1726 1473 1836 1528 contra
1856 1484 1986 1528 commu·

446 1572 566 1645 septem
587 1562 766 1646 specialiter
788 1571 819 1626 et
840 1563 970 1645 praecise
992 1563 1142 1627 dicuntur
1162 1572 1194 1627 et
1247 1580 1321 1623 nem
1345 1562 1521 1625 doctrinam
1547 1570 1579 1625 et
1603 1562 1810 1626 assertionem
1834 1560 1983 1637 Ecclesia,

445 1670 519 1724 sunt
541 1662 625 1725 dona
649 1660 782 1743 Spiritus
804 1662 933 1724 Sanctil
954 1661 1061 1725 Fidem
1087 1670 1192 1725 autem
1246 1660 1393 1741 ponentis
1414 1658 1660 1723 substantialiter
1679 1679 1749 1723 esse
1774 1668 1895 1741 septem
1913 1659 1986 1722 dona

302 1784 430 1829 samum
445 1768 477 1823 et
498 1759 651 1841 justitiam
676 1759 719 1821 ita
743 1777 807 1822 non
830 1759 987 1841 exprimit.
1012 1760 1091 1823 llinc
1114 1760 1194 1823 Tho·
1248 1756 1380 1838 Spiritus
1396 1757 1514 1836 Sancti,
1531 1759 1681 1838 quoniam
1704 1766 1810 1821 cantat
1824 1758 1857 1819 in
1879 1756 1986 1839 hymno

303 1850 403 1965 mk
410 1861 431 1957 ’Ψ
444 1876 512 1919 mas
532 1856 757 1939 sapientialiter
771 1857 858 1936 dicit,
875 1858 960 1938 quod
980 1857 1139 1939 loquendo
1154 1859 1193 1921 de
1210 1854 1233 1916 B
1248 1855 1287 1917 de
1309 1855 1426 1936 Spiritu
1447 1855 1561 1920 Sancto
1579 1879 1586 1917 :
1601 1856 1647 1918 l'u
1670 1855 1864 1938 septiformis
1886 1854 1984 1937 gratia.

423 1944 547 2034 donis,
564 1956 717 2019 debemus
738 1974 797 2019 nos
816 1954 1016 2019 conformare
1035 1957 1129 2019 modo
1149 1956 1195 2019 lo-
1247 1952 1286 2015 Et
1300 1953 1339 2015 ad
1360 1954 1613 2034 reprobationem
1634 1954 1792 2036 opinionis
1813 1962 1879 2015 tam
1900 1954 1987 2034 impe-

443 2053 562 2135 quendi
578 2072 675 2117 sacra
690 2053 870 2136 Scriptura,
888 2053 921 2115 in
936 2073 998 2135 qua
1013 2054 1193 2135 exprimun-
1249 2050 1326 2130 ritae,
1357 2059 1488 2132 possent
1521 2052 1629 2115 induci
1658 2052 1764 2115 omnia
1797 2070 1870 2133 quaa
1903 2070 1987 2133 supra
2008 2072 2055 2110 ue
2074 2064 2085 2113 t

443 2159 497 2214 tur
525 2152 585 2214 sub
613 2151 742 2214 nomine
766 2151 905 2233 spiritus,
931 2153 971 2214 ad
995 2152 1192 2215 innuendum
1248 2149 1377 2212 inducta
1406 2158 1480 2211 suut
1508 2150 1547 2213 ad
1577 2151 1777 2232 pmhandum
1805 2151 1891 2231 quod
1915 2134 2087 2233 douram*

444 2251 528 2331 quod
559 2257 682 2331 septem
710 2249 770 2312 ista
799 2257 873 2311 sunt
902 2250 1082 2332 specialiter
1110 2251 1194 2314 dona
1248 2246 1449 2309 avirtutibus
1465 2247 1591 2311 realiter
1605 2248 1668 2310 sint
1689 2248 1848 2311 distincta.
1866 2248 1904 2309 Et
1920 2265 1990 2328 quo

445 2345 578 2428 Spiritus
608 2345 725 2424 Sancti,
751 2354 782 2410 et
810 2365 869 2429 per
896 2366 934 2409 ea
957 2346 1119 2430 potissime
1144 2366 1194 2409 ca·
1249 2344 1334 2407 niam
1363 2347 1508 2410 doctores
1543 2346 1725 2409 scholastici
1754 2346 1869 2410 ceteris
1899 2344 1989 2426 magis

445 2462 540 2525 paces
556 2442 718 2506 efficimur
736 2443 951 2526 inspirationis
971 2463 1026 2508 seu
1046 2444 1194 2508 motionis
1249 2444 1337 2506 uncti
1356 2452 1388 2506 et
1409 2444 1576 2507 illuminati
1598 2464 1634 2509 eo
1655 2444 1863 2522 devotissimi,
1881 2443 1991 2507 scilicet

445 2561 482 2605 ec
518 2541 701 2605 directionis
730 2541 864 2623 Spiritus
893 2542 1009 2605 Sancti.
1040 2542 1191 2623 Denique,
1250 2541 1280 2603 S.
1299 2542 1445 2619 Thomas,
1462 2541 1639 2604 Alexander
1657 2543 1696 2605 de
1716 2542 1819 2620 Hales,
1836 2542 1991 2605 Bonaven·

444 2639 600 2701 maximus
622 2638 675 2701 ille
699 2639 865 2721 theologus
884 2640 1061 2702 Alexander
1081 2641 1119 2703 de
1137 2640 1195 2703 Ha-
1250 2646 1330 2716 tura,
1347 2638 1506 2718 Albertus,
1523 2658 1596 2702 cum
1619 2640 1808 2721 sequacibus
1830 2640 1908 2719 suis,
1929 2646 1992 2719 post

446 2735 505 2816 les,
533 2738 564 2800 S.
592 2738 727 2801 Thomas
754 2747 786 2801 et
810 2738 957 2801 Albertus
983 2746 1196 2821 exposuerunt
1251 2736 1505 2817 diligentissimas
1520 2736 1801 2815 considerationes,
1817 2736 1994 2819 disputatio

445 2835 587 2917 plenarie
602 2835 713 2898 lsaiam
733 2836 921 2919 prophetam
938 2860 946 2898 ε
963 2845 1115 2899 ettamen
1131 2856 1194 2900 uon
1251 2853 1308 2897 nes
1324 2842 1355 2897 et
1370 2834 1565 2913 collationes,
1584 2835 1783 2899 concorditer
1805 2836 1849 2897 ita
1870 2834 1994 2916 scripse

445 2942 620 3015 posuerunt
642 2933 703 2995 nisi
727 2934 794 2997 haec
818 2944 939 3017 septem
968 2954 1037 2997 esse
1068 2934 1195 3017 proprie
1252 2940 1335 3011 runt,
1353 2932 1490 2996 firmiter
1505 2935 1678 2996 tenendum
1694 2941 1742 2996 est
1757 2952 1832 2997 vere
1849 2934 1895 2996 sic
1910 2951 1993 3006 esse3

446 3031 529 3094 dona
551 3030 684 3113 Spiritus
706 3032 823 3095 Sancti.
1215 3034 1311 3097 Gneo
1327 3030 1458 3093 curandi
1478 3039 1552 3094 sunt
1571 3031 1625 3112 qui
1645 3030 1854 3095 infructuosis
1875 3029 1996 3094 curiosi-

487 3127 600 3192 Adhuo
623 3136 740 3209 autem,
762 3129 869 3212 opinio
892 3130 952 3193 ista
975 3148 1108 3194 erronea
1131 3150 1195 3193 non
1252 3129 1367 3191 tatibus
1382 3148 1418 3191 ac
1435 3128 1626 3193 novitatibus
1647 3130 1796 3210 gaudent,
1813 3130 1871 3193 sed
1887 3127 1996 3191 sanctis

449 3234 553 3307 potest
566 3226 689 3289 salvare
705 3229 801 3291 verba
817 3228 847 3290 S.
865 3226 1015 3309 Gregorii,
1034 3228 1088 3309 qui
1102 3247 1197 3309 super
1253 3224 1513 3306 solidissimisque
1538 3225 1732 3303 doctoribus,
1760 3226 1916 3307 sapientie
1938 3225 1997 3307 ple

299 3352 436 3403 pagara,
449 3323 507 3387 lob
527 3324 640 3405 primo,
662 3325 705 3387 eit
724 3344 781 3407 per
799 3334 864 3388 tres
884 3323 966 3388 filias
985 3326 1043 3389 lob
1065 3325 1198 3408 intelligi
1252 3322 1313 3403 nis,
1330 3324 1482 3386 debemus
1505 3323 1659 3387 inherere
1678 3348 1684 3385 :
1702 3342 1781 3405 quos
1803 3324 1836 3385 in
1856 3325 1916 3387 hac
1938 3342 1996 3385 ma-

450 3430 514 3485 tres
535 3422 666 3486 virtutes
686 3424 900 3505 theologicas,
917 3443 975 3505 per
994 3433 1129 3505 quatuor
1143 3445 1198 3487 an·
1252 3420 1340 3499 teu'a,
1363 3422 1444 3484 siout
1462 3422 1495 3483 iu
1516 3422 1640 3500 ceteris,
1663 3422 1713 3504 pie
1734 3423 1930 3485 credendum
1955 3430 1996 3483 est

450 3520 542 3603 gulos
557 3521 681 3602 domus,
697 3529 833 3602 quatuor
853 3522 985 3585 virtutes
1000 3522 1196 3601 cardinales,
1252 3540 1322 3583 esse
1342 3520 1478 3602 desuper
1496 3520 1679 3600 illustratos,
1703 3520 1880 3602 prasertim
1903 3520 1933 3582 in
1953 3519 1996 3581 his

451 3636 508 3699 per
532 3625 653 3700 septem
681 3618 778 3699 lilios,
806 3629 928 3702 septem
958 3621 1041 3683 dona
1064 3620 1198 3702 Spiritus
1253 3637 1322 3699 qua
1344 3618 1542 3681 concorditer
1563 3618 1681 3681 dicunt.

451 3716 577 3793 Sancti;
602 3724 634 3779 et
656 3716 805 3799 deinceps
831 3716 982 3796 affirmat,
1007 3719 1090 3799 quod
1115 3719 1199 3782 done
1293 3716 1430 3797 Legique
1455 3717 1571 3797 scripta
1596 3716 1763 3779 Alexandri
1787 3718 1828 3780 de
1855 3717 1946 3781 llales
1969 3724 1996 3779 et

450 3814 510 3876 ista
535 3814 650 3877 dantur
674 3813 707 3876 in
736 3814 928 3896 adjutorium
954 3815 1106 3879 virtutum
1132 3816 1200 3879 illa·
1253 3812 1410 3877 Guillelmi
1441 3813 1706 3877 Antisiodorensis
1736 3816 1775 3878 de
1803 3816 1920 3893 donis3
1947 3815 1996 3877 scd

451 3932 533 3992 mm,
546 3930 611 3977 uon
625 3912 733 3994 utique
749 3913 956 3977 cardinalium
971 3920 1093 3975 tantum
1104 3936 1111 3975 :
1121 3912 1196 3991 imo,
1254 3912 1398 3975 brevitati
1413 3913 1554 3992 studens,
1572 3912 1705 3976 dimitto.
1723 3914 1787 3977 lleo
1800 3913 1931 3995 gratias.

657 4422 752 4473 FINlS
784 4420 951 4482 ottAuttoh
981 4420 1220 4474 TeAcTATttttht
1250 4420 1297 4471 DE
1328 4422 1433 4473 DONlS
1464 4422 1623 4475 SPIRITUS
1656 4422 1792 4474 SANCTI.
