4309 6259
455 468 512 533 lit
852 486 1008 534 axrosrno
1029 485 1128 532 nrum
1151 485 1159 532 ε
1182 484 1309 531 amnne
1329 484 1431 531 nanux
1452 482 1600 530 sonnnon

453 653 546 736 agite,
573 654 838 736 appropinquabit
865 654 950 717 enim
980 673 1111 736 regnum
1140 652 1485 731 ooe-dcontentiones,
1502 651 1727 715 amaritudines
1749 658 1781 713 et
1801 660 1932 736 peccata
1947 672 2002 735 per

454 752 568 815 lorum.
1256 750 1476 833 Apostolorum
1496 750 1750 831 pradicationem
1769 758 1835 814 toto
1849 752 1926 814 orbe
1946 768 2001 833 pm

496 854 564 911 Hoc
585 852 748 911 eccitctus
768 852 916 928 Lucifer,
934 851 965 912 id
987 858 1044 927 est,
1062 872 1079 908 a
1102 850 1162 912 hoc
1185 872 1202 909 a
1255 869 1370 931 magna
1395 856 1483 930 parte
1506 856 1721 926 cessaverunt,
1748 847 1853 931 impiis
1878 849 1941 911 illis
1964 849 1999 911 ad

456 957 597 1029 tempore
613 949 719 1029 gratia
733 957 826 1011 natus
841 957 871 1011 et
882 968 1038 1030 apparens
1049 948 1199 1026 Christus,
1255 946 1412 1008 Christum
1440 945 1602 1008 conversis
1631 953 1664 1008 et
1696 946 1729 1006 in
1763 946 1833 1027 ejus
1861 945 2001 1009 Ecclesia

390 1092 395 1101 .
458 1046 745 1127 splendidissimum
762 1047 858 1125 sidua,
870 1047 990 1125 Oriens,
1000 1066 1036 1108 ec
1052 1047 1202 1128 splendor
1256 1044 1454 1106 concorditer
1468 1063 1504 1106 ao
1519 1043 1654 1107 dulciter
1663 1044 1926 1121 cohabitantibus,
1933 1044 2001 1125 jux-

322 1125 346 1213 ῗῖ
361 1136 442 1228 2⁰„ss
457 1144 536 1206 lucis
562 1151 686 1207 aeternae
710 1146 762 1224 (de
785 1165 848 1225 quo
877 1146 1007 1226 mystice
1035 1145 1202 1225 exponitur
1257 1149 1286 1203 ta
1305 1141 1382 1202 illud
1403 1141 1489 1203 Isaiae
1507 1164 1513 1201 :
1531 1142 1618 1203 'lunc
1640 1140 1792 1205 habitabit
1814 1141 1908 1223 lupus
1930 1161 2000 1203 oum
2013 1161 2084 1208 naas

328 1220 342 1290 ’·
437 1218 532 1303 'illud
548 1242 579 1304 in
594 1243 652 1306 Job
669 1242 844 1324 :Numquid
861 1244 1007 1324 producis
1021 1243 1200 1305 Lucilerum
1255 1257 1347 1319 agno,
1378 1246 1410 1301 et
1438 1239 1554 1319 pardus
1583 1257 1656 1300 cnm
1686 1238 1781 1301 boedo
1813 1238 1999 1314 accubabit3

323 1324 342 1413 ⁰,
356 1322 441 1361 mm*
455 1340 488 1401 in
511 1349 652 1421 tempore
678 1344 782 1420 suot),
804 1343 898 1402 solvit
915 1346 1026 1418 polum
1046 1344 1199 1418 caliphae,
1255 1334 1383 1413 vitulus,
1400 1335 1449 1398 leo
1465 1343 1496 1398 et
1511 1337 1579 1398 ovis
1594 1335 1687 1397 simul
1701 1336 1920 1399 mombuntur.
1935 1340 2002 1397 Hoc

455 1439 566 1516 idest,
593 1438 778 1517 Ecclesiam,
804 1458 874 1520 quae
898 1440 928 1500 in
955 1438 1125 1521 Evangelio
1154 1458 1201 1501 re·
1254 1437 1324 1510 ipsa
1349 1438 1451 1495 Petra
1475 1436 1628 1495 Ecclesiae
1650 1434 1704 1513 (de
1732 1453 1794 1514 qua
1821 1434 1899 1496 dixit
1922 1435 2002 1516 Apo

454 1556 551 1618 gnum
576 1537 729 1600 coelorum
752 1546 784 1599 et
813 1538 845 1599 in
872 1538 1060 1619 Apocalypsi
1084 1537 1199 1600 coelum
1254 1532 1372 1594 stolus:
1386 1531 1476 1594 Petra
1489 1539 1556 1593 erat
1571 1531 1725 1611 Christus)
1739 1537 1868 1608 culpam
1885 1535 2000 1601 diluit,
2014 1554 2104 1600 icam

453 1634 612 1697 multoties
627 1635 903 1717 appellatur,eruit
913 1637 952 1698 de
963 1636 1102 1699 tenebris
1113 1636 1201 1717 igno-
1253 1630 1285 1692 id
1314 1638 1362 1692 est
1390 1628 1466 1691 vitia
1494 1629 1618 1710 generis
1646 1630 1787 1708 humani,
1817 1631 1857 1692 de
1886 1630 2001 1710 quibus

453 1733 560 1795 rantiaa
575 1740 606 1795 et
627 1734 759 1815 peccati,
776 1742 871 1814 atque
894 1734 932 1795 de
954 1734 1199 1796 obscuritatibus
1254 1727 1470 1790 sanctissimus
1485 1728 1620 1790 loannes
1631 1727 1882 1792 disseruittllcce
1894 1730 2001 1809 Agnus
2012 1751 2111 1793 tanna.

452 1830 530 1912 legis
547 1832 798 1912 tegumentisque
814 1832 1051 1912 Prophetarum,
1069 1822 1236 1913 praescr-B
1254 1826 1318 1903 llei,
1346 1845 1420 1888 ecce
1448 1824 1501 1905 qui
1531 1824 1612 1887 tollit
1640 1834 1769 1907 peccata
1797 1826 1918 1888 mnndi.
1946 1825 2001 1901 Oui

453 1929 509 1989 tim
524 1927 556 1989 in
572 1929 783 1991 sacratissimo
799 1929 849 1991 die
864 1930 1074 2007 Pentecostes,
1092 1929 1199 1990 iniim-
1254 1926 1293 1987 de
1318 1943 1351 1986 se
1377 1923 1445 2005 ipso
1470 1923 1629 2004 perhibuit
1654 1946 1662 1985 ε
1689 1925 1876 1989 Potestatem
1906 1925 2110 1990 habetxama

451 2026 556 2088 dendo
582 2026 747 2108 primitivae
771 2026 919 2089 Ecclesiae
944 2026 1092 2108 Spiritum
1123 2029 1199 2089 San·
1253 2022 1349 2085 Filius
1365 2024 1500 2089 hominis
1515 2025 1547 2085 in
1563 2023 1837 2104 terrassdimittendi
1857 2014 2032 2105 peccata.⁶·

452 2134 549 2201 ctum,
585 2124 676 2205 cujus
711 2124 959 2187 illuminatione·
976 2124 1199 2188 intellexerunt
1253 2122 1350 2197 Quam
1366 2131 1396 2184 et
1412 2122 1476 2185 suis
1491 2122 1648 2184 concessit
1662 2120 1825 2202 discipulis
1843 2141 1881 2183 ac
1897 2140 2001 2183 sacer·

451 2222 544 2302 primi
574 2223 619 2283 illi
648 2223 817 2285 Salvatoris
846 2223 990 2304 discipuli
1017 2223 1197 2286 universam
1253 2220 1389 2297 dotibus,
1407 2221 1539 2301 loquens
1557 2220 1715 2293 :Quorum
1731 2220 1913 2282 remiseritis
1929 2238 2001 2301 pec-
2018 2242 2111 2283 ranan.

454 2319 658 2401 Scripturam,
682 2340 718 2382 ac
744 2320 893 2402 deinceps
919 2328 1017 2383 totum
1044 2322 1197 2383 mundum
1254 2327 1333 2397 cata,
1351 2319 1552 2381 remittuntur
1566 2318 1623 2381 eis.
2013 2307 2041 2346 ²³·

449 2418 718 2481 illuminaverunt.
736 2419 821 2481 Unde
837 2428 868 2481 et
882 2418 1021 2481 Christus
1037 2419 1194 2500 praedixit:
1294 2421 1386 2479 Gallo
1405 2426 1551 2488 canente,
1566 2436 1636 2493 spes
1658 2419 1745 2477 redit
1760 2416 1818 2479 :id
1838 2424 1897 2495 est,
1914 2416 2002 2479 Chri·
2057 2439 2071 2492 s

449 2514 550 2587 Quum
566 2515 686 2578 venerit
701 2516 753 2578 ille
769 2516 901 2598 Spiritus
914 2516 1198 2594 veritatis,docebit
1253 2523 1300 2577 sto
1314 2514 1549 2596 evangelizante
1571 2534 1628 2596 per
1649 2533 1723 2577 suos
1745 2515 1878 2578 vicarios
1898 2525 1929 2577 et
1946 2535 2002 2597 per

332 2630 337 2640 ·
450 2632 506 2677 vos
521 2632 649 2676 omnem
664 2614 839 2677 veritatem.
1252 2614 1468 2695 evangelicam
1485 2614 1603 2693 tubam,
1621 2622 1814 2695 peccatores,
1830 2622 2000 2695 quantum-

489 2716 558 2773 Hoc
581 2715 686 2773 omnis
711 2732 862 2773 errorum
888 2715 1006 2774 chorus
1031 2715 1118 2773 oz'am
1141 2733 1195 2773 no·
1253 2710 1328 2776 libet
1342 2712 1445 2776 vitiosi
1460 2732 1496 2774 ac
1512 2712 1660 2789 indurati,
1678 2712 1838 2774 redierunt
1852 2714 1893 2775 ad
1907 2732 1999 2794 spem

447 2812 544 2869 cendi
572 2814 702 2870 descrit.
734 2809 909 2872 Invisibiles
936 2810 1054 2892 quippe
1089 2810 1196 2873 hostes
1252 2813 1352 2875 veniae
1371 2821 1402 2874 et
1421 2810 1540 2888 salutis,
1558 2811 1706 2891 quoniam
1728 2812 1796 2893 ipsa
1816 2811 1856 2873 de
1877 2832 1911 2873 se
1927 2832 2000 2893 pro

448 2908 575 2985 virtute,
595 2907 657 2969 lide
680 2915 711 2970 et
732 2908 830 2989 gratia
845 2908 957 2970 Christi
972 2908 1107 2971 maxime
1123 2916 1196 2970 sunt
1251 2911 1424 2974 testabatur
1445 2910 1561 2972 :Venit
1581 2909 1677 2971 Filius
1698 2909 1835 2972 bominis
1857 2929 2000 2991 quaerere
2014 2932 2112 2975 anema

449 3004 562 3067 frenati
592 3014 623 3067 et
650 3006 735 3067 victi.
767 3006 852 3067 Unde
880 3006 1019 3067 Christus
1050 3006 1232 3087 deprom-(l
1251 3016 1282 3070 et
1305 3008 1427 3071 salvum
1453 3008 1558 3070 iacere
1583 3007 1668 3088 quod
1692 3008 1848 3088 perierat;
1874 3016 1906 3070 et
1933 3028 2001 3071 rur-

301 3125 432 3177 nummi.
449 3103 511 3183 psit
528 3102 636 3165 :Nunc
654 3104 802 3184 princeps
816 3102 912 3184 hujus
927 3104 1035 3165 mundi
1052 3104 1197 3185 ejicietur
1251 3126 1321 3171 sum
1344 3132 1350 3169 :
1367 3107 1446 3168 Eum
1468 3107 1522 3187 qui
1544 3106 1632 3168 venit
1653 3107 1690 3169 ad
1713 3125 1764 3169 me
1785 3126 1850 3169 non
1871 3106 1999 3188 ejiciam
2013 3132 2105 3173 saaca

308 3200 543 3278 innatans.
576 3200 656 3263 alibi
685 3220 810 3282 quoque
844 3225 850 3263 ε
884 3201 965 3264 Ecce
1001 3202 1073 3264 dedi
1106 3204 1196 3265 vobis
1252 3206 1345 3269 loras.
1364 3205 1401 3268 Et
1422 3204 1466 3267 sic
1485 3208 1584 3282 lepris
1601 3224 1660 3285 per
1680 3204 1755 3266 vitia
1775 3210 1875 3276 salua,
1896 3206 1928 3267 id
1953 3197 2043 3269 est³²

447 3306 635 3381 potestatem
672 3300 814 3362 calcandi
839 3318 934 3381 super
969 3309 1131 3381 serpentes
1165 3312 1197 3365 et
1251 3304 1371 3367 curatio
1399 3324 1418 3365 a
1445 3301 1594 3383 peccatis,
1622 3304 1829 3380 refunditur.
1855 3303 1946 3367 Unde
1970 3313 2001 3367 et

449 3397 641 3479 scorpiones,
660 3407 692 3460 et
712 3417 807 3479 super
822 3416 949 3461 omnem
970 3398 1117 3461 virtutem
1139 3400 1197 3461 ini·
1250 3404 1318 3483 ipse
1342 3401 1495 3483 expressit
1521 3426 1527 3462 :
1550 3400 1619 3465 Non
1644 3391 1693 3463 est
1716 3420 1796 3482 opus
1819 3402 2001 3466 valentibus
2019 3423 2113 3469 aaran

448 3494 673 3558 micil'andem
696 3496 789 3559 etiam
811 3496 888 3559 lecit
906 3505 1055 3578 tyrannos
1073 3517 1092 3560 a
1110 3497 1197 3561 Chri·
1250 3500 1403 3578 medicus,
1421 3500 1475 3562 sed
1498 3500 1580 3562 male
1602 3499 1801 3563 habentibus.
1817 3504 1937 3563 Macro
1954 3506 2001 3562 la·
2014 3492 2044 3531 ¹²·

449 3594 619 3656 slianorum
632 3595 883 3677 martyrizatione
898 3615 1033 3658 cessuro.
1252 3602 1357 3660 tronis
1376 3600 1543 3669 conditur,
1564 3600 1665 3674 lapsis
1683 3601 1765 3676 fides
1785 3601 2002 3661 revertitur:

486 3696 555 3754 Hoc
574 3704 678 3754 acuta
697 3697 784 3754 cirea
803 3696 940 3771 callipio,
959 3694 991 3755 id
1013 3702 1062 3756 est
1084 3695 1197 3757 beatis·
1251 3698 1311 3759 hoc
1326 3704 1384 3774 est,
1402 3694 1482 3758 lalsa
1496 3696 1639 3758 doctrina
1660 3695 1891 3777 cujuscumque
1905 3698 2003 3760 sedu-

447 3790 546 3851 simus
574 3790 683 3853 Petrus
711 3800 743 3853 et
772 3792 944 3874 coapostoli
973 3792 1054 3872 ejus,
1080 3793 1196 3873 quibus
1251 3796 1345 3858 cton's
1361 3795 1547 3877 reprobatur
1560 3813 1597 3856 ac
1616 3793 1708 3875 fugit,
1725 3793 1800 3875 quia
1814 3813 1871 3875 per
1884 3794 2002 3858 Ghristi

447 3886 588 3949 Christus
622 3888 818 3952 denuntiavit
848 3914 854 3950 :
886 3890 1010 3952 Faciam
1041 3908 1097 3951 vos
1125 3890 1195 3953 fieri
1250 3894 1382 3975 gratiam
1405 3901 1437 3955 et
1456 3892 1632 3955 doctrinam
1654 3892 1790 3955 baeretici
1812 3900 1844 3955 et
1863 3895 2003 3974 pseudo

329 4004 335 4017 ·
448 3986 619 4066 piscatores
641 3987 816 4049 hominum.
837 3991 1003 4066 Pontique
1023 3990 1196 4049 mitescunt
1250 3992 1411 4073 prophetae
1433 4000 1507 4052 sunt
1528 3989 1692 4069 confutati,
1710 3997 1742 4053 et
1761 4012 1778 4049 a
1795 3990 1892 4073 lapsis
1908 4013 1926 4049 a
1949 4012 2003 4055 ve·

446 4085 547 4159 freta.
569 4083 685 4146 Pontus
710 4104 765 4146 scu
787 4104 874 4147 mare
895 4093 943 4147 est
964 4085 1024 4148 hoc
1045 4086 1195 4148 saeculum
1251 4090 1325 4152 ritas
1341 4088 1415 4152 lidei
1430 4096 1479 4151 est
1492 4088 1607 4152 oblata.

448 4198 595 4261 nequam,
615 4200 669 4243 sou
692 4182 906 4245 turbulentum
929 4190 960 4245 et
975 4182 1120 4247 vitiosum
1141 4185 1235 4247 hol)
1290 4187 1333 4250 lle
1358 4187 1407 4248 his
1430 4185 1522 4268 plura
1547 4194 1677 4267 possent
1705 4186 1822 4265 induci,
1846 4186 1901 4250 sed
1926 4206 2003 4269 pro-

448 4277 569 4340 minum
590 4298 701 4360 genus,
719 4280 810 4361 cujus
832 4280 1076 4361 inquietudines,
1100 4282 1193 4361 bella,
1250 4284 1363 4363 lixitas,
1380 4283 1497 4346 fastidii
1512 4293 1623 4363 mater,
1640 4292 1689 4347 est
1702 4282 1860 4348 evitanda.

884 4639 965 4733 ab
1009 4640 1256 4738 liunus
1296 4641 1559 4737 HYMNUS

557 4970 588 5031 t.
610 4965 772 5049 Splendor
788 4967 932 5048 paternae
956 4967 1081 5048 gloriae,
1361 4968 1392 5032 2.
1410 4968 1582 5050 Verusque
1600 4967 1662 5049 sol,
1684 4968 1829 5047 illabere,

535 5068 585 5131 De
605 5067 677 5130 lucc
697 5066 805 5127 lucem
824 5065 1005 5145 proterens,
1338 5068 1464 5131 Micans
1478 5068 1586 5130 nitore
1604 5068 1744 5149 perpeti,

535 5167 610 5230 Lux
629 5164 714 5227 lucis
733 5163 765 5225 et
785 5162 859 5225 lons
879 5162 1027 5244 luminis,
1335 5166 1503 5247 iubarque
1522 5166 1634 5229 Sancti
1652 5165 1798 5246 Spiritus

534 5266 632 5330 Diem
651 5263 723 5326 dies
743 5260 947 5326 illuminans.
1336 5263 1478 5326 infunde
1495 5264 1619 5327 nostris
1636 5262 1800 5327 sensibus·
