4309 6259
476 488 537 556 184
749 510 789 557 oa
809 510 898 558 oottts
919 510 1054 558 Sl’lltl'l'IlS
1076 509 1196 573 SANC’I'I,
1216 508 1392 556 tuderanus
1414 510 1445 555 11.
1468 527 1509 538 -
1528 511 1599 556 All'l'.
1622 511 1677 568 111,
1699 510 1757 557 xm

476 680 637 744 universis
659 682 792 764 gratiam
816 690 940 764 gratum
969 681 1140 745 facientem
1169 681 1224 743 ha·
1238 680 1263 742 A
1277 680 1508 745 connexionem
1523 700 1596 744 cum
1612 680 1702 764 ipsis.
1717 680 1908 765 Quicumque
1925 679 1993 744 enim

478 779 628 841 bentibus
644 780 795 844 convenit
808 781 983 843 seeundum
1000 781 1139 862 aliquem
1154 799 1224 863 gra·
1279 778 1441 842 caritatem
1456 780 1552 842 habet
1567 799 1686 858 veram,
1704 780 1813 861 utiquc
1834 778 1992 862 sapientiam

478 878 567 955 dum,
597 879 864 959 quemadmodum
892 880 1027 942 Ioannes
1054 885 1187 941 testatur
1214 901 1221 940 :
1277 878 1383 955 habet,
1405 885 1436 940 et
1458 878 1527 941 vioe
1549 897 1660 957 versa3
1678 898 1737 941 nec
1758 885 1807 941 est
1827 897 1918 940 unum
1936 877 1994 939 isto
2096 927 2097 960 ;

330 994 465 1044 ravanal.
480 976 542 1038 Vos
566 975 696 1056 (iuquit)
718 976 901 1040 unctionem
923 977 1045 1040 habetis
1067 996 1085 1039 a
1109 977 1223 1039 Sancto
1279 996 1348 1037 rum
1367 976 1437 1039 sine
1458 976 1588 1038 alterius
1609 976 1810 1058 possessione
1831 976 1991 1057 perlectum.

330 1061 410 1111 Μ·
478 1073 644 1155 (Spiritu);
674 1082 706 1136 et
734 1075 842 1137 unctio
871 1074 940 1156 ejus
973 1076 1066 1138 docet
1099 1093 1155 1138 vos
1183 1077 1223 1138 de
1277 1073 1415 1137 Realiter
1441 1082 1547 1137 tamen
1571 1074 1721 1137 distincta
1744 1082 1820 1136 sunt
1844 1098 1851 1135 :
1872 1093 1938 1137 nam
1957 1092 1995 1135 sa·

476 1173 626 1236 omnibus
649 1175 701 1254 (ad
726 1174 859 1236 salutem
888 1173 1060 1256 requisitis,
1088 1175 1155 1236 sive
1184 1175 1223 1237 de
1278 1172 1398 1254 pientia
1421 1171 1454 1234 in
1479 1172 1653 1258 intellectu,
1675 1172 1791 1237 caritas
1815 1191 1886 1236 vero
1905 1172 1934 1233 in
1954 1189 1995 1233 re

476 1278 562 1335 recto
585 1271 707 1354 judicio
730 1272 922 1350 divinorum,
945 1272 1011 1334 sive
1035 1274 1074 1335 de
1098 1272 1223 1335 ordina·
1277 1270 1398 1333 luntate
1413 1272 1545 1334 locatur.

475 1368 561 1431 tione
585 1389 690 1432 rerum
716 1389 752 1433 ac
776 1378 904 1433 actuum
928 1370 1164 1448 humanorum).
1189 1370 1220 1432 Si

474 1468 559 1529 enim
575 1475 654 1530 teste
674 1467 876 1550 Philosopho,
894 1476 1004 1530 natura
1023 1487 1088 1530 non
1109 1468 1221 1531 delicit

355 1582 368 1617 .·
474 1563 507 1625 in
523 1565 722 1644 necessariiS,
740 1566 839 1628 multo
856 1564 957 1647 magis
973 1574 1003 1627 et
1018 1565 1131 1647 gratia.

512 1662 590 1724 Sunt
604 1662 710 1744 itaque
724 1663 804 1725 varii
820 1664 936 1745 gradus
951 1663 1026 1727 doni
1043 1663 1217 1745 sapientiae.
1295 1674 1507 1749 confirmacio
1528 1675 1675 1733 omnium
1695 1676 1927 1749 predictorum
1949 1694 1983 1733 ec

471 1758 549 1821 Nam
564 1760 755 1841 quibusdam
766 1760 931 1824 confertur
944 1762 1062 1825 donum
1078 1762 1139 1825 hoc
1154 1780 1218 1824 nou
1434 1764 1533 1822 dictis
1561 1764 1710 1823 Doctorr's
1737 1764 1857 1824 divini.

435 1931 438 1937 1
470 1864 593 1920 tautum
609 1866 762 1940 quantum
777 1861 815 1922 ad
832 1860 965 1923 salutem
987 1860 1149 1943 propriam
1165 1880 1219 1922 ne·
1237 1866 1260 1926 B

470 1956 643 2018 cessarium
666 1965 724 2035 est,
742 1958 796 2020 sed
819 1966 854 2019 ut
875 1958 1005 2039 insuper
1026 1958 1106 2021 alios
1128 1978 1218 2039 regu·
1342 1958 1380 2019 lll
1402 1964 1506 2019 autem
1528 1956 1695 2034 mirabilis,
1713 1958 1861 2020 dominus
1880 1958 1998 2021 loannes

471 2054 535 2116 lare
563 2061 657 2135 atque
692 2054 849 2118 iustruere
878 2056 1012 2139 possint,
1043 2077 1081 2120 ac
1109 2057 1219 2119 divina
1355 2055 1557 2137 ltuysbroecl
1573 2080 1579 2116 :
1594 2075 1688 2135 quem
1703 2055 1999 2137 qualiterdigneap

471 2151 620 2233 mysteria
644 2152 835 2234 profundius
857 2161 1023 2234 penetrare
1043 2162 1137 2234 atque
1156 2154 1220 2216 dis·
1274 2154 1390 2232 pellem
1406 2153 1528 2234 ignoro,
1545 2152 1607 2214 uisi
1630 2161 1665 2214 ut
1685 2154 1944 2234 quemadmodum
1956 2173 2000 2215 re

472 2268 612 2311 cernere.
629 2250 694 2312 lloc
708 2269 783 2313 vero
803 2253 842 2313 ad
863 2252 979 2332 gratias
998 2252 1098 2333 gratis
1116 2252 1216 2330 datas,
1273 2252 1425 2315 nerabilis
1448 2251 1501 2313 ille
1524 2252 1612 2333 llugo
1633 2252 1673 2313 de
1695 2252 1724 2314 S.
1743 2251 1868 2314 Victore
1889 2261 1999 2334 pmpter

473 2365 621 2429 perquas
637 2367 719 2410 uuus
741 2348 906 2412 ordinatur
926 2351 965 2411 ad
988 2349 1086 2411 alium
1106 2368 1220 2431 coope-
1273 2349 1466 2413 eminentem
1496 2369 1584 2412 suam
1613 2349 1780 2439 scientiam
1809 2359 1933 2413 vocatus
1961 2359 1999 2413 est

473 2446 570 2508 raudo
586 2444 655 2525 ejus
671 2446 776 2525 saluti,
792 2455 934 2529 spectare
950 2448 1065 2529 partim
1081 2448 1217 2525 videtur,
1272 2448 1353 2511 alter
1366 2448 1570 2529 Augustinus,
1579 2448 1625 2510 sic
1640 2449 1775 2510 Ioannes
1790 2447 1850 2511 iste
1864 2448 1999 2511 mirabilis

324 2562 457 2615 tcorsua.
472 2544 738 2623 quemadmodum
768 2545 812 2606 ait
840 2545 1006 2626 Apostolus
1039 2569 1045 2606 :
1071 2546 1133 2607 Alii
1162 2566 1220 2629 per
1273 2555 1403 2628 propter
1413 2545 1712 2609 excellentissimam
1728 2565 1817 2608 suam
1829 2546 1998 2628 sapientum

472 2640 623 2721 Spiritum
649 2642 741 2703 datur
764 2662 867 2706 sermo
892 2643 1066 2725 sapientiae.
1090 2643 1133 2705 De
1157 2662 1218 2724 qua
1273 2644 1455 2706 nominetur
1468 2644 1549 2706 alter
1561 2642 1739 2725 Dionysius.
1751 2644 1827 2707 Puto
1842 2644 1924 2707 enlm
1937 2645 1999 2725 quia
2096 2691 2097 2726 3

336 2738 566 2810 Delmatiam
594 2737 673 2800 dicit
699 2762 706 2800 :
732 2740 926 2821 Sapientiam
953 2740 1113 2821 loquimur
1136 2742 1219 2803 iuter
1273 2741 1299 2802 si
1322 2741 1396 2803 libri
1420 2742 1490 2823 ejus
1514 2742 1548 2803 in
1574 2740 1628 2804 tali
1653 2750 1760 2804 essent
1780 2742 1853 2805 stilo
1875 2743 1999 2805 translati
2096 2733 2097 2816 ζ

471 2836 639 2918 perlectos.
670 2838 731 2901 Sed
759 2838 836 2901 hoo¹
855 2837 938 2900 lnlra
972 2838 1089 2901 clarius
1124 2859 1219 2922 expo—
1273 2847 1307 2900 ut
1330 2839 1403 2901 libri
1428 2840 1534 2921 magni
1564 2839 1716 2921 Dionysii,
1747 2858 1811 2903 non
1840 2850 1940 2903 essent
1964 2841 2000 2902 la·
2096 2843 2097 2908 Ϊ

470 2941 573 2996 netur.
1272 2938 1400 3000 cillores
1416 2939 1553 3001 studenti
1569 2958 1665 3020 quam
1680 2937 1752 3000 libri
1767 2938 1918 3020 Dionysii.
1933 2938 2001 3012 Quo

1237 3036 1359 3101 Cuiam
1383 3035 1480 3117 igitur
1502 3036 1551 3097 νίν
1573 3036 1626 3097 hic
1647 3044 1740 3097 tantae
1760 3036 1920 3118 sapientiae
1939 3037 1998 3113 luit,

672 3189 916 3253 narremus
936 3190 1013 3252 ΧΠ·
1273 3133 1835 3313 tlt‘tttttt’tltltttt
1856 3134 2000 3315 llll

2096 3507 2097 3566 l

1466 1524 1710 1589 ARTICULUS
1733 1526 1827 1588 XIII.

506 3338 666 3404 Quomodo
690 3337 852 3410 sapientia
877 3340 1064 3411 appellatur
1086 3340 1184 3399 timor
1273 3329 1369 3391 ritum
1384 3330 1545 3391 Sanctum.
1561 3328 1636 3390 Erat
1656 3328 1742 3391 euim
1758 3329 1836 3391 alias
1850 3330 2000 3393 illiteratus

644 3434 674 3484 et
694 3426 812 3501 pietus,
837 3429 887 3484 uel
909 3428 1043 3487 coritae.
1272 3448 1310 3491 ac
1334 3427 1442 3506 idiota,
1464 3446 1502 3490 eo
1526 3427 1635 3508 utique
1656 3427 1834 3509 modoque
1855 3428 2000 3491 Petruset

1272 3528 1408 3590 Ioannes
1433 3525 1656 3607 archiapostoli
1682 3545 1701 3588 a
1723 3526 1807 3588 Luca
1831 3526 1864 3588 in
1889 3528 2001 3590 Actibus
2096 3605 2097 3618 χ

536 3618 741 3697 EATUSJob,
758 3620 833 3681 dum
849 3620 1037 3701 sapientiam
1057 3639 1218 3685 commen·
1272 3625 1492 3706 Apostolorum
1528 3623 1668 3686 illiterati
1703 3623 1802 3687 luisse
1837 3636 1999 3689 narrantur.
2012 3645 2097 3700 reru

334 3735 457 3789 maxum,
551 3717 656 3779 desset
678 3740 684 3779 :
706 3717 788 3780 Ecce
810 3717 939 3799 (inquit)
962 3718 1057 3780 timor
1078 3719 1215 3799 Domini,
1273 3722 1517 3786 Undectlibros
1533 3722 1792 3804 suosinvulgari
1808 3725 2000 3807 conscripsit:
2096 3709 2097 3712 ¹

325 3800 359 3841 ²⁸·
472 3815 541 3899 ipsa
569 3824 617 3877 est
640 3815 816 3897 sapientia3
842 3822 874 3877 et
902 3817 1049 3879 recedere
1074 3837 1093 3879 a
1121 3819 1216 3898 malo,
1273 3841 1407 3904 quorum
1429 3828 1534 3883 muron
1559 3820 1808 3902 prolunditotem
1833 3832 1925 3903 atque
1945 3844 2003 3886 sen

472 3912 876 3996 intelligentia.'lranslatio
891 3921 996 3975 autem
1012 3915 1219 3997 Septuaginta
1274 3918 1404 3982 tentiam
1419 3938 1513 3981 nemo
1525 3920 1563 3981 ad
1578 3919 1708 4000 plenum
1720 3919 1829 3982 mirari
1842 3921 1909 4002 jam
1923 3923 2002 3985 valet.

472 4012 692 4093 iuterpretum,
719 4029 781 4091 qua
811 4010 911 4073 utitur
937 4012 1144 4093 AugustiuuS,
1172 4015 1217 4078 sic
1273 4018 1427 4093 QuouIam
1442 4017 1547 4098 itaque
1563 4024 1668 4079 certus
1683 4036 1754 4079 sum
1769 4018 1874 4081 virum
1891 4021 2004 4084 istuma

472 4110 616 4173 continet
632 4132 638 4169 :
655 4108 737 4171 Doce
759 4108 871 4190 pietas,
891 4108 959 4191 ipsa
981 4118 1028 4172 est
1049 4111 1216 4192 sapientia.
1274 4116 1394 4199 Spiritu
1409 4117 1523 4178 Sancto
1545 4114 1748 4194 instructum,
1765 4126 1932 4199 pmpterea
1951 4139 2005 4182 ma·

470 4206 613 4287 Denique
640 4205 834 4287 Augustinus
869 4204 901 4267 in
932 4206 1013 4270 libro
1047 4209 1087 4271 de
1113 4209 1219 4273 Gratia
1273 4234 1336 4297 gna
1357 4222 1405 4276 est
1425 4215 1495 4295 ejus
1516 4212 1686 4275 auctoritas
1708 4215 1791 4295 apud
1813 4236 1883 4295 me3
1900 4226 1931 4280 et
1946 4238 2004 4300 qua

471 4304 545 4367 novi
576 4304 766 4367 Testamenti
796 4304 851 4383 ait,
878 4306 961 4387 quod
991 4306 1148 4389 sapientia
1177 4309 1218 4371 sit
1233 4310 1258 4371 D
1273 4315 1312 4376 de
1334 4312 1426 4374 donis
1448 4311 1583 4393 Spiritus
1603 4312 1710 4374 Sancti
1733 4314 1862 4395 scripsit
1883 4315 1917 4377 iu
1936 4318 2004 4380 libro

471 4403 584 4465 caritas
619 4401 685 4465 Del.
716 4402 770 4463 (lui
808 4404 979 4466 concordat
1007 4404 1177 4485 Gregorius
1207 4430 1214 4467 :
1272 4411 1326 4493 qui
1349 4410 1792 4473 intitulatur'labemaoulum
1812 4413 2004 4494 lloysis,stu-

469 4500 565 4565 Amor
579 4499 754 4581 (inquiens)
770 4498 838 4581 ipse
860 4501 973 4563 notitIa
994 4509 1052 4564 est.
1069 4504 1140 4565 llaec
1162 4524 1217 4565 au·
1271 4503 1360 4566 diosc
1374 4505 1514 4587 adspexi
1526 4506 1679 4580 Quoniam
1695 4526 1770 4571 vem
1786 4508 1904 4572 librum
1920 4521 2004 4574 traua

467 4608 532 4662 tem
548 4598 755 4680 intelllgenda
777 4616 840 4661 non
863 4606 937 4661 sunt
951 4600 1041 4680 quasi
1059 4601 1214 4683 saplentia
1272 4600 1369 4663 latum
1385 4620 1447 4663 non
1470 4601 1547 4679 vidi,
1563 4620 1622 4683 ego
1645 4604 1741 4665 verbo
1761 4604 1843 4686 ejus,
1859 4614 1897 4668 ut
1915 4610 2001 4690 quill,

467 4698 509 4759 sit
537 4696 747 4759 essentialiter
774 4696 894 4779 aliquid
924 4698 1058 4775 horum,
1085 4700 1138 4760 sed
1168 4701 1215 4763 di·
1271 4700 1420 4762 translata
1435 4700 1488 4763 hic
1504 4702 1673 4765 introduxi.

466 4796 549 4859 citur
572 4794 668 4857 timor
691 4803 722 4857 et
746 4795 858 4876 pietas,
881 4796 957 4876 quia
983 4815 1039 4877 per
1063 4797 1212 4879 pietatem
1308 4798 1414 4880 ltaque
1439 4800 1494 4879 ait,
1520 4817 1680 4881 exponens
1707 4811 1827 4884 septem
1852 4803 2002 4888 lampades

464 4914 501 4957 ac
523 4894 670 4956 timorem
692 4892 857 4973 potissime
880 4893 1068 4957 declaratur.
1092 4896 1213 4959 Dicitur
1268 4916 1378 4959 aureas
1394 4897 1575 4960 candelabri
1590 4917 1608 4960 a
1623 4899 1686 4961 Deo
1703 4899 1773 4963 lieri
1787 4901 1869 4982 jussi
1888 4927 1896 4966 z
1913 4905 2001 4968 Amici
2012 4928 2092 4972 asum

463 5010 590 5073 quoque
605 4990 673 5072 ipse
695 5008 784 5053 amor
806 4990 919 5053 notitia
940 4992 1119 5071 causaliter,
1138 4996 1211 5074 quia
1267 4994 1435 5072 carissimi,
1473 4995 1637 5076 adspicere
1673 4997 1825 5061 debemus
1859 4994 2037 5065 aetemuml‘

464 5088 576 5152 notitia
591 5095 639 5151 est
654 5107 750 5150 causa
764 5087 880 5151 amoris
892 5097 1042 5170 quantum
1054 5092 1210 5155 adactum
1265 5093 1321 5155 Dei
1336 5113 1475 5156 amorem
1497 5094 1684 5157 effluentem
1707 5098 1757 5159 vel
1780 5117 1814 5160 se
1836 5103 2003 5165 communi-

464 5187 574 5269 ipsius.
600 5186 655 5248 Vel
678 5186 796 5248 dicitur
820 5186 977 5269 sapientia
997 5207 1085 5252 amor
1107 5199 1138 5252 et
1159 5210 1210 5254 ca·
1267 5201 1402 5270 cautem,
1420 5201 1569 5273 tanquam
1592 5192 1701 5255 vivum
1716 5192 1837 5258 fontem
1852 5217 1929 5261 cum
1942 5222 2002 5284 sep

462 5286 551 5366 ritas,
572 5293 701 5368 propter
725 5304 872 5368 magnam
898 5285 1155 5351 convenientiam
1178 5299 1209 5354 et
1264 5300 1328 5353 tem
1351 5290 1439 5370 ririS,
1463 5300 1493 5354 et
1514 5298 1665 5373 tauquam
1685 5292 1888 5373 splendidum
1911 5300 2001 5362 solem
