4309 6259
414 514 454 561 ns
474 514 631 563 ausonio
652 516 689 562 ar
710 516 873 565 oromrnrs
893 516 1009 576 sinin,
1032 516 1120 564 crans
1141 516 1173 563 xx.
1196 535 1237 545 -
1256 516 1326 564 sm.
1350 516 1392 575 m,
1416 516 1434 560 v
1641 498 1701 561 oia

138 680 313 745 incredula
338 701 401 747 non
430 684 560 763 exstitit,
587 685 765 749 certissime
793 686 937 749 sciensll
992 685 1136 767 Amplius
1165 694 1282 765 autem,
1310 685 1394 766 quod
1423 684 1537 748 ceteris
1565 684 1700 764 Sanctis,

137 779 222 860 quia
247 781 401 862 quidquid
426 782 631 863 polliceretur
654 792 709 847 eut
732 793 817 847 certe
842 803 898 845 an·
953 783 1081 846 lumnlis
1102 784 1210 866 utique
1231 784 1369 865 itemque
1389 783 1526 863 ancillis,
1543 793 1597 845 aut
1617 803 1704 866 sper-

136 877 309 940 nuntiaret
335 878 530 960 Altissimus,
555 880 758 963 omnipotens
787 900 897 944 verax·
952 882 1011 943 sim
1036 890 1092 944 aut
1113 890 1197 945 certe
1216 882 1332 964 partim
1352 880 1620 945 communicatum
1642 889 1702 959 est,

137 994 207 1056 que
229 976 419 1057 consistens,
441 977 597 1059 impleret.
619 978 766 1059 Ideoque,
788 978 835 1041 uti
856 978 897 1041 ab
951 978 1054 1042 lderiae
1067 980 1242 1062 praeelectae
1256 979 1349 1042 matri
1363 978 1477 1041 unitim
1492 986 1587 1059 atque
1603 976 1703 1059 perfe

136 1072 222 1153 Eva,
244 1074 366 1152 mundi,
388 1074 472 1138 heut
494 1076 633 1138 tenebrae
656 1074 828 1155 fluxerunt,
850 1075 897 1139 sic
952 1085 1003 1140 cte
1017 1078 1169 1140 donatum
1184 1076 1319 1140 arbitror
1331 1100 1338 1138 :
1351 1076 1469 1158 quippe
1485 1076 1536 1139 cui
1554 1094 1588 1139 so
1603 1083 1701 1139 totam

136 1188 179 1232 ex
194 1171 294 1234 llario
308 1171 364 1234 tou'
379 1172 448 1235 orbi
462 1172 516 1235 lux
530 1180 578 1235 est
593 1172 741 1235 salutaris
755 1182 874 1237 exorta.
952 1173 1021 1257 ipsa
1035 1174 1200 1256 plenitudo
1214 1173 1334 1256 gratiae,
1353 1173 1424 1236 lons
1439 1180 1612 1255 auctorque
1631 1191 1703 1255 gra-

952 1272 1067 1335 tiarum
1082 1280 1176 1353 etque
1192 1272 1344 1334 virtutum
1360 1269 1486 1334 inludit.
1503 1271 1627 1333 Scimus
1647 1290 1702 1334 au-

358 1380 605 1448 ARTIGULUS
628 1383 686 1447 lv,
952 1379 1016 1434 tem
1032 1370 1066 1432 in
1079 1370 1269 1451 quibusdam
1284 1369 1407 1433 Sanctis
1421 1368 1599 1432 abundasse
1620 1368 1701 1432 cari-

459 1522 465 1536 .
516 1524 522 1537 .
642 1524 648 1538 .
717 1525 723 1539 ‚
952 1475 1059 1547 tatem,
1086 1468 1118 1530 in
1143 1467 1214 1531 aliis
1244 1466 1455 1549 sapientiam
1481 1465 1515 1527 in
1540 1465 1700 1548 aliquibus

138 1520 240 1667 Ἥ
260 1522 537 1671 “dffrsoetw'm
552 1526 808 1627 W‘tud'nem'
824 1543 896 1630 im?
951 1567 996 1629 sic
1017 1585 1144 1649 quoque
1163 1566 1340 1629 abundasse
1365 1572 1542 1646 utramque,
1564 1572 1600 1627 ut
1623 1564 1699 1645 quid

238 1629 302 1687 que
349 1615 897 1688 oraoenepcrsnonvalet,sublamrs

180 1700 409 1777 meumque
422 1701 587 1775 ,uppem
600 1710 784 1777 opportuna
799 1703 852 1761 si,
951 1664 1077 1747 plenius
1096 1664 1321 1746 copiosiusque
1340 1664 1478 1745 desuper
1497 1663 1600 1727 sortiti
1624 1664 1697 1745 sint,

950 1763 1054 1825 metiri
1081 1763 1132 1826 vix
1154 1770 1259 1845 queat.
1287 1760 1428 1843 Denique
1452 1761 1567 1824 horum
1596 1762 1699 1825 ultimi

41 1884 122 1931 „msc
207 1859 331 1919 UPER
350 1860 538 1919 salutemet
559 1862 695 1935 speciem
716 1862 824 1920 dilexi
847 1858 933 1922 sa-B
951 1860 1192 1925 excellentiores
1207 1860 1358 1924 censendi
1380 1868 1465 1922 sunt.
1482 1859 1517 1921 In
1538 1860 1700 1942 incompa-

218 1953 385 2036 piantiam,
401 1964 433 2015 et
442 1959 603 2032 proposui
612 1976 675 2034 pro
690 1961 760 2018 luce
778 1960 897 2019 babere
952 1958 1043 2022 rabili
1074 1977 1150 2041 ergo
1185 1958 1506 2040 praestantissimaque
1539 1956 1634 2018 blatra
1662 1976 1699 2020 ac

137 2054 251 2124 illam,
267 2055 423 2133 quoniam
440 2056 711 2132 inexstinpaibile
725 2067 771 2116 est
785 2060 897 2117 lumen
950 2056 1090 2139 Virgine,
1112 2058 1272 2139 quomodo
1300 2074 1363 2119 non
1393 2062 1561 2137 utrumque
1591 2072 1701 2136 super-

137 2152 263 2221 iltius,·
278 2160 439 2212 vetarunt
453 2161 563 2213 autem
578 2154 663 2213 milii
682 2156 793 2214 omnia
814 2156 895 2215 bona
950 2155 1128 2218 abundasse
1150 2174 1290 2219 asserere
1311 2154 1420 2217 velesl

133 2250 275 2324 pariter
290 2269 365 2310 cum
386 2251 459 2320 illo,
473 2258 504 2309 et
526 2251 781 2313 innumerabilis
800 2254 896 2313 bone·

137 2354 208 2405 stas
233 2364 300 2423 per
326 2366 444 2407 manus
472 2349 577 2409 illius.
607 2348 769 2431 Sapientia
796 2348 893 2429 enim,
1167 2352 1412 2419 ARTICULUS
1434 2352 1475 2416 V.

138 2443 252 2507 divina
267 2452 317 2506 est
329 2444 502 2527 possessio,
517 2463 582 2526 qua
601 2465 620 2508 a
639 2446 739 2509 brutis
754 2446 895 2529 itemque

138 2541 329 2605 carnalibus
350 2542 560 2625 sejungimur,
575 2551 670 2626 atque
690 2544 767 2627 ipsis
786 2564 896 2627 super-

40 2668 66 2711 u,
90 2670 124 2720 u.
138 2640 330 2703 coelestibus
345 2640 511 2724 spiritibus
526 2643 811 2706 communicamus.
821 2643 896 2706 lnli·

137 2738 227 2801 nitus
252 2738 373 2821 quippo
401 2738 570 2803 thesaurus
598 2749 647 2802 est
674 2741 857 2804 hominibus
883 2765 891 2803 ε
1019 2743 1041 2803 I
1048 2743 1185 2804 VITIAE'
1205 2743 1336 2812 salutis,
1355 2743 1518 2819 supientia
1539 2752 1570 2803 et
1596 2746 1696 2805 scien·
1709 2763 1843 2817 rennos.

136 2854 203 2917 quo
217 2836 276 2919 qui
291 2836 341 2899 usi
355 2845 441 2918 sunt,
454 2837 622 2920 participes
636 2838 713 2902 lacti
728 2846 802 2901 sunt
815 2839 893 2901 ami·
1033 2842 1081 2899 tia
1091 2860 1105 2909 ,·
1120 2842 1219 2899 timor
1232 2841 1368 2901 Domini
1382 2841 1449 2916 ipae
1464 2849 1510 2900 est
1525 2842 1697 2902 thesaurus

138 2935 225 2997 oitiaa
241 2934 310 2997 nei.
326 2932 492 2999 Neminem
507 2936 594 2999 enim
607 2935 711 3019 diligit
724 2938 817 3014 Deus,
831 2936 893 2998 nisi
948 2939 1028 3015 ejus.
1045 2936 1101 2999 list
1115 2944 1219 2998 autem
1240 2936 1405 3017 sapientia,
1421 2936 1600 3001 divinorum
1622 2956 1698 3000 con-

138 3032 195 3113 qui
211 3052 289 3095 cum
304 3032 458 3115 sapientia
471 3033 637 3097 inhabitat.
655 3034 724 3116 Ipse
739 3042 788 3098 est
806 3034 892 3097 enim
911 3040 933 3103 G
949 3035 1134 3118 templati03
1150 3043 1260 3116 estque
1285 3034 1444 3117 bipartita,
1461 3036 1611 3117 quoniam
1633 3055 1697 3100 una
1774 3086 1776 3091 .

41 3160 87 3198 ovi,
100 3151 124 3198 ῖς
138 3131 194 3211 qui
210 3132 258 3193 ait
275 3154 283 3192 ε
300 3130 544 3194 Misericordiam
560 3131 644 3211 volo,
661 3141 693 3195 et
710 3152 775 3197 non
797 3133 894 3195 sacri·
947 3133 1101 3196 naturalis
1116 3139 1165 3195 est
1178 3151 1215 3195 ac
1229 3130 1459 3213 philosophica,
1476 3131 1537 3195 alia
1552 3150 1626 3195 vero
1646 3152 1697 3195 su-

994 2495 1043 2556 ne
1067 2493 1320 2569 incomparabili
1344 2492 1506 2568 sapientia
1529 2492 1653 2553 diuinae

1233 2581 1421 2644 (leniti-icis.

41 3211 84 3324 ¹12
92 3225 125 3317 ,'¹
139 3229 276 3309 ficium3
293 3238 326 3292 et
339 3230 504 3293 scientiam
518 3230 587 3309 liei,
603 3232 784 3313 plusquam
804 3231 893 3296 holo-
947 3231 1161 3313 pematuralis
1184 3238 1215 3294 et
1240 3229 1418 3313 theologica
1443 3254 1450 3292 ε
1477 3232 1517 3293 de
1541 3250 1604 3313 que
1630 3232 1696 3313 jam

140 3336 263 3391 causta.
275 3327 456 3406 Enimvero,
469 3347 569 3409 quum
583 3330 724 3393 humana
737 3330 893 3413 perfectio
947 3329 1123 3411 presertim
1141 3328 1281 3391 intendo.
1298 3328 1438 3409 Denique
1460 3328 1606 3409 salutem,
1628 3328 1698 3391 leli·

140 3446 201 3489 nec
216 3427 252 3489 in
268 3426 337 3489 sola
351 3426 533 3508 cognitione
553 3446 657 3511 neque
671 3427 706 3490 in
720 3428 893 3491 dilectione
948 3426 1076 3490 citatam
1092 3426 1236 3508 intelligo
1250 3449 1257 3488 ι
1270 3425 1363 3507 cujus
1377 3427 1419 3489 ob
1434 3426 1466 3489 id
1482 3427 1636 3509 sapientia
1651 3436 1698 3490 at-

140 3524 210 3587 sola
233 3524 399 3603 consistat,
422 3524 479 3587 sed
502 3524 536 3585 in
559 3526 740 3608 cognitione
763 3527 892 3609 quidem
947 3544 1010 3607 que
1029 3523 1162 3588 scientia
1180 3523 1382 3606 appellantur
1399 3524 1529 3604 divitiae,
1546 3524 1697 3606 qnoniam

141 3621 356 3685 essentialiter
378 3622 660 3704 (quemadmodum
678 3625 801 3687 Veritas
823 3625 893 3708 ipsa
947 3622 1033 3685 salus
1057 3642 1134 3685 vera
1156 3640 1210 3685 eas
1235 3621 1459 3703 complectitur
1482 3642 1519 3685 ac
1544 3622 1694 3705 possidet,

42 3734 113 3779 rm.
142 3719 262 3783 latetur
278 3743 286 3781 ε
303 3719 373 3783 llaec
389 3729 447 3800 est,
465 3720 613 3803 inquiens
627 3722 666 3785 ad
682 3722 814 3801 Patrem,
829 3723 893 3786 vita
947 3729 980 3782 et
999 3720 1076 3783 item
1096 3738 1196 3801 egena
1216 3719 1430 3799 indecoraque
1453 3718 1523 3782 sine
1547 3719 1624 3801 ipsis
1644 3738 1698 3782 ex·

43 3802 77 3847 ⁰·
141 3826 273 3897 aeterna,
301 3826 337 3880 ut
358 3827 554 3901 cognoscent
577 3828 608 3883 te
633 3839 742 3883 verum
766 3822 891 3902 Deum),
948 3816 1087 3895 sistit3si
1103 3834 1179 3879 vero
1194 3815 1289 3898 plena
1306 3815 1411 3895 est,in
1426 3816 1496 3898 ipsa
1510 3816 1694 3897 exuberant,

43 3930 128 3983 ium,
141 3916 173 3977 in
188 3915 362 3979 dilectione
376 3924 482 3980 eutem
498 3916 741 3998 completive‚in
756 3939 794 3982 es
807 3938 895 3983 nem·
947 3915 988 3977 ab
1012 3931 1112 3995 eaque
1137 3920 1296 3977 emanant.
1323 3914 1593 3988 Quemadmodum
1620 3934 1695 3979 vero

141 4033 181 4096 pe
195 4021 263 4077 tota
278 4013 329 4077 lex
343 4014 461 4097 pendet
473 4022 506 4077 et
521 4015 698 4097 Propheta3
710 4015 889 4099 innotescit,
951 4011 1109 4094 sapientia
1123 4011 1162 4073 ad
1177 4010 1295 4091 divina,
1312 4010 1359 4073 sic
1374 4012 1413 4074 ad
1435 4010 1586 4075 inferiora
1600 4020 1696 4093 atque

140 4112 269 4193 opinor,
299 4132 337 4177 eo
368 4113 533 4196 praesentis
566 4114 639 4177 vito
663 4114 892 4179 beatitudinem
947 4113 1086 4173 bumana
1101 4116 1222 4193 spectet
1237 4108 1380 4173 scientis.
1393 4110 1491 4190 Unde,
1507 4129 1604 4191 quum
1620 4130 1695 4174 vera

140 4210 366 4293 perfectiorem
385 4210 547 4292 exsistere,
563 4229 627 4293 quo
647 4212 710 4276 duo
730 4214 798 4277 haec
822 4216 894 4277 uni·
908 4214 933 4276 D
947 4209 1033 4273 salus
1056 4208 1091 4271 in
1116 4207 1172 4271 Dei
1187 4207 1310 4270 visione
1332 4207 1561 4291 principaliter,
1582 4228 1695 4273 socun-

142 4309 223 4373 tiora
242 4307 427 4392 maioraque
448 4308 577 4373 luerint.
594 4310 729 4373 Dilectio
753 4330 891 4393 namque
950 4307 1038 4372 dario
1057 4314 1164 4369 autem
1184 4306 1216 4367 in
1239 4312 1454 4369 creaturarum
1477 4307 1695 4391 speculatione
1747 4380 1750 4389 ¹

143 4406 337 4489 cognitionis
365 4407 469 4472 lorma
501 4415 551 4471 est
582 4416 678 4489 atque
706 4409 889 4492 completio.
947 4405 1112 4483 consistat,
1129 4405 1247 4467 nedum
1263 4404 1429 4486 sapientia,
1449 4406 1504 4468 sed
1519 4406 1695 4469 etscientia

142 4504 239 4569 Porro
254 4505 393 4587 cognitio
411 4504 574 4569 caritatem
594 4505 709 4570 lundat
733 4517 765 4569 et
788 4507 892 4571 allicit
946 4524 1073 4588 quoque
1092 4505 1131 4567 ad
1155 4503 1265 4567 salutis
1290 4503 1416 4566 divitias
1439 4502 1588 4586 pertinet.
1605 4505 1695 4568 lnsu·

143 4612 298 4685 quamam
313 4605 352 4667 ad
372 4612 488 4668 actum.
504 4605 623 4686 Itaque,
640 4624 738 4687 qnum
760 4607 892 4669 sanctis-
947 4624 1015 4688 per,
1033 4604 1078 4667 uti
1096 4602 1163 4685 jam
1184 4610 1403 4665 consummata
1423 4600 1524 4665 llariae
1543 4602 1692 4682 felicitas,

143 4702 230 4765 simae
256 4702 377 4784 Virgini
400 4722 559 4767 summam
582 4722 698 4785 negare
723 4703 893 4785 perfectio·
946 4721 1042 4784 quam
1063 4700 1195 4763 nuncin
1210 4698 1514 4782 patriaadeptaest,
1531 4700 1694 4765 universo-

143 4820 216 4863 nem
236 4800 329 4864 nelas
353 4802 405 4881 sit,
426 4802 558 4865 omnino
581 4822 724 4866 asserere
748 4822 807 4885 per
830 4813 888 4884 est,
946 4820 1017 4863 rum
1036 4808 1109 4881 post
1126 4798 1226 4861 Deum
1245 4796 1360 4860 Filium
1382 4796 1611 4860 beatitudinem
1630 4798 1694 4861 ele-

144 4900 227 4979 quod
239 4899 506 4963 excellentissima
520 4898 616 4963 luerit
630 4900 702 4982 ejus
722 4901 889 4984 sapientia,
946 4907 1070 4963 ctorum
1098 4894 1375 4959 vehementissime
1402 4896 1624 4973 transcendit;
1647 4896 1693 4961 sie

144 5006 300 5078 quatenus
325 4996 441 5059 mentis
471 4998 542 5079 ejus
567 4997 775 5062 divinissimas
800 5000 891 5063 intel·
945 4998 1000 5060 illa
1013 5014 1140 5078 quoque
1156 4994 1302 5057 inchoata
1321 4992 1456 5057 lelicitas
1475 5011 1571 5073 quem
1587 4992 1620 5055 in
1642 4993 1692 5057 via

145 5095 257 5174 lectus,
281 5096 435 5159 memoria
463 5105 557 5178 atque
581 5096 739 5177 voluntas,
766 5097 891 5180 singula
945 5095 1022 5159 olim
1042 5094 1153 5157 sortita
1172 5092 1302 5171 exstitit,
1318 5092 1401 5154 inter
1419 5090 1556 5153 viatores
1572 5092 1692 5155 incom-

144 5193 282 5274 propriis
306 5194 555 5277 perfecu'onibus
580 5193 720 5276 perfecte
748 5196 891 5260 ominen·
946 5192 1096 5277 parabilis
1110 5190 1288 5272 luitzipsius
1305 5209 1380 5271 ergo
1396 5188 1693 5271 divitiae,sapientia

144 5299 255 5375 terque
275 5293 423 5356 decorata
442 5293 543 5356 luisse
564 5295 744 5358 credantur.
946 5295 1086 5373 itemque
1101 5288 1245 5368 scientia,
1258 5286 1535 5370 proportionaliter
1549 5286 1690 5353 inerunt.

271 5425 303 5479 T.
316 5426 357 5479 85.
1536 5420 1567 5473 33
