4309 6259
589 494 747 543 exrosrrro
769 493 868 541 nurui
892 494 898 539 :
923 493 1051 541 vunan
1071 492 1159 541 assas
1179 494 1337 542 raoosuur
1694 474 1735 541 39

188 664 370 731 satisfacere
386 684 445 749 pro
455 664 560 749 primo
573 664 629 729 illo
644 664 792 747 originali
804 670 935 745 peccato
949 665 975 727 A
991 664 1051 727 atis
1062 664 1273 743 sanctissima,
1280 664 1470 746 dignissima
1479 683 1517 727 ac
1526 662 1608 727 Patri
1618 672 1734 729 aeterno

188 784 225 827 ae
241 765 355 829 ceteris
371 765 458 829 vitiis
478 764 552 827 inde
572 764 699 827 secutis.
716 765 843 841 Iterum,
860 762 936 845 quia
989 762 1182 844 gratissima,
1199 764 1365 826 sedetiam
1386 762 1539 844 quoniam
1553 762 1735 825 immediate

188 863 334 927 diabolus
357 864 434 927 vicit
457 863 578 946 primos
603 870 749 944 parentes
769 881 826 944 per
845 880 934 925 esum
989 878 1027 923 ac
1043 861 1241 943 hypostatice
1263 859 1324 924 fuit
1338 862 1510 942 conjuncta
1524 860 1627 923 Verbo
1647 867 1736 923 ater·

189 960 311 1025 fruetus
341 962 432 1043 ligni,
456 969 566 1044 utpote
595 962 634 1023 de
658 962 769 1024 arbore
794 958 935 1023 scientiae
990 978 1032 1023 no
1046 979 1085 1023 ac
1099 960 1216 1023 divina
1231 968 1363 1037 naturae,
1380 959 1490 1041 sicque
1508 957 1689 1021 efficaciam
1704 965 1736 1020 ct

189 1059 264 1121 boni
293 1067 325 1121 ει
359 1060 447 1137 mali,
478 1059 579 1123 voluit
607 1058 749 1121 Christus
785 1076 935 1139 superare
990 1058 1194 1122 idoneitatem
1209 1059 1248 1121 ad
1264 1057 1484 1121 redimendum
1501 1075 1539 1120 ao
1553 1074 1736 1139 promeren-

189 1156 350 1220 diabolum
374 1157 552 1221 obediendo
577 1158 640 1220 Dee
664 1155 745 1219 Patri
771 1174 871 1237 usque
895 1156 933 1217 ad
988 1157 1064 1220 dum
1096 1158 1331 1238 quodammodo
1363 1154 1524 1218 infinitam
1559 1154 1697 1217 babebat
1726 1178 1733 1216 ε

189 1262 323 1327 mortem
339 1274 376 1318 ac
391 1254 496 1317 crucis
512 1252 717 1337 supplicium.
988 1255 1072 1337 quod
1102 1254 1421 1319 exuberantissimam
1443 1252 1558 1317 Christi
1587 1252 1736 1316 meritum

229 1354 365 1430 Confiora
382 1354 484 1413 clavis
508 1354 631 1413 viscera
651 1354 785 1411 tendens
805 1370 934 1421 marrus,
989 1352 1172 1417 nominatur
1198 1353 1366 1415 thesaurus
1393 1351 1552 1429 Ecclesiae,
1578 1370 1617 1414 ex
1644 1350 1736 1431 cujus

189 1452 324 1527 vestiyia
341 1450 400 1513 :id
422 1460 479 1529 εει,
501 1450 646 1514 conditor
667 1449 771 1512 carnis
792 1448 934 1512 Christus
988 1448 1188 1531 plenitudine
1203 1447 1408 1529 indulgentiae
1428 1448 1665 1523 conceduntur3
1682 1464 1736 1508 cu-

189 1570 206 1607 a
232 1549 364 1611 tendens
390 1572 418 1625 a,
441 1549 473 1612 id
496 1558 555 1628 est,
581 1548 614 1611 in
636 1567 730 1611 cruce
749 1547 932 1627 extendens,
987 1545 1040 1626 jus
1064 1545 1204 1608 thesauri
1229 1545 1370 1627 erogatio
1389 1544 1546 1607 aChristo
1565 1542 1736 1607 commissa

189 1668 205 1706 o
223 1646 345 1709 viscera
359 1666 472 1710 manus
489 1670 519 1725 a,
536 1647 568 1709 id
583 1655 633 1710 est
651 1665 762 1709 carnes
783 1663 935 1707 manuum
989 1652 1037 1705 εει
1064 1661 1189 1707 summo
1213 1642 1374 1721 Pontifici,
1400 1650 1551 1723 tanquam
1574 1642 1670 1724 pleno
1698 1660 1736 1703 ac

188 1763 315 1807 suarum
341 1744 400 1807 suh
425 1744 507 1827 pelle
526 1764 634 1807 aarum
655 1749 820 1807 contentas
840 1748 871 1804 et
891 1748 935 1803 te
989 1741 1130 1824 generali
1147 1740 1261 1805 Christi
1285 1740 1418 1805 vicario.
1435 1740 1599 1817 Praeterea,
1615 1740 1655 1802 de
1677 1739 1736 1801 hac

189 1851 266 1919 ctas,
288 1864 305 1902 u
330 1842 464 1924 vestigia
485 1865 514 1921 r,
536 1842 567 1905 id
593 1850 641 1905 εει
664 1842 760 1905 etiarn
787 1858 861 1903 suos
886 1858 935 1902 sa·
952 1840 976 1903 B
991 1840 1106 1903 Christi
1123 1838 1340 1903 immolatione
1354 1858 1412 1921 per
1425 1837 1537 1901 lsaiarn
1552 1838 1614 1900 fuit
1629 1836 1739 1919 pradi-

190 1939 385 2005 eratissimos
402 1940 631 2022 pedes(sieque
646 1940 782 2003 sumitur
796 1938 934 2002 effeetus
991 1945 1077 2000 etum
1101 1962 1108 1999 :
1130 1938 1258 2001 Oblatus
1282 1945 1330 1999 εει
1353 1936 1428 2017 quia
1453 1937 1566 1999 voluit.
1587 1935 1674 1999 Unde
1697 1935 1737 1997 ad
1764 1962 1876 2011 aune,

189 2056 246 2121 pro
269 2058 375 2111 causa,
392 2038 467 2121 quia
487 2058 545 2121 per
567 2039 663 2121 pedes
685 2044 856 2100 causantur
876 2036 935 2099 im·
990 2035 1146 2119 Ephesios
1161 2034 1311 2098 disseruit
1324 2034 1438 2097 Paulus
1451 2057 1458 2095 :
1471 2033 1612 2097 Christus
1627 2032 1739 2096 dilexit
1764 2058 1884 2114 apem,

189 2135 370 2219 pressiones
408 2154 478 2218 quaa
514 2135 648 2217 vestigia
684 2136 932 2218 nuncupantur),
991 2152 1049 2197 nos
1078 2142 1110 2197 ει
1137 2132 1267 2196 tradidit
1300 2132 1508 2215 semetipsum
1540 2149 1599 2213 pro
1631 2129 1735 2207 nohis,
1751 2124 1773 2165 ²·

190 2233 312 2296 viscera
332 2233 489 2315 (inquam)
511 2243 604 2315 atque
626 2232 792 2315 vestigia«
809 2232 935 2295 confixa
990 2231 1184 2295 oblationem
1217 2238 1249 2293 et
1277 2229 1413 2293 hostiam
1441 2230 1516 2308 Deo,
1546 2229 1580 2291 in
1608 2228 1738 2292 odorem

190 2332 289 2395 clavis
309 2355 338 2409 a,
361 2331 392 2395 id
417 2340 465 2395 εει
489 2332 587 2395 εΙενίε
612 2332 771 2415 perforata
795 2340 826 2394 et
847 2332 933 2393 cruci
990 2328 1166 2392 suavitatis.

60 2466 80 2494 a.
90 2465 132 2501 εει,
154 2454 174 2495 r.
189 2428 299 2508 affixa,
311 2430 399 2512 juxta
415 2431 494 2493 illud
508 2430 622 2493 Psalmi
634 2430 807 2493 :Foderunt
823 2448 935 2492 manus
1032 2431 1112 2497 Quo,
1120 2427 1243 2489 scilicet
1256 2426 1388 2508 praefato
1402 2425 1565 2507 mysterio,
1573 2425 1641 2506 ipse
1651 2424 1739 2487 Chri·
1804 2448 1822 2503 3

190 2548 277 2591 meas
299 2539 330 2593 ει
354 2530 450 2613 pedes
474 2548 570 2593 meos.
593 2527 757 2591 boherias
778 2546 904 2610 quoque
926 2551 932 2589 :
991 2532 1057 2587 stus
1074 2528 1267 2585 cretaeracus
1280 2525 1428 2599 insuper,
1444 2522 1476 2584 id
1498 2528 1546 2583 εει
1561 2522 1642 2583 ultra
1660 2540 1738 2603 praa

62 2654 90 2683 ac
111 2654 175 2693 ,ιιιε
191 2625 313 2705 Dicent,
339 2628 418 2703 Quid
448 2636 522 2690 sunt
550 2628 651 2709 plagas
676 2626 743 2689 istae
773 2626 806 2688 in
830 2625 935 2689 medio
991 2622 1109 2685 dictam
1137 2622 1379 2702 suspensionem
1409 2621 1442 2684 in
1471 2619 1614 2702 patibulo
1638 2627 1739 2681 trans-

190 2744 342 2787 manuum
372 2729 518 2789 tuarumt
548 2725 688 2806 Denique
724 2724 846 2787 viscera
876 2722 935 2785 ista
991 2721 1175 2783 verberatus
1191 2720 1225 2782 in
1240 2717 1558 2798 latere,muerone,id
1572 2725 1620 2780 εει
1635 2716 1738 2779 ferreo

191 2841 342 2885 manuum
366 2842 404 2886 ae
430 2824 546 2906 pedum
570 2831 645 2885 sunt
668 2840 779 2885 carnes
804 2820 935 2883 tenerri-
991 2818 1123 2901 cuspide
1138 2837 1194 2880 seu
1216 2816 1374 2896 acumine,
1390 2818 1476 2876 diroe
1491 2820 1623 2885 lanceae,
1639 2815 1671 2877 id
1689 2822 1738 2877 εει

189 2940 259 2998 mae,
277 2920 467 2984 mirabiliter
481 2920 648 3003 passibiles
663 2927 757 2999 atque
772 2918 931 2983 lasihiles.
991 2915 1088 2978 hastae
1103 2914 1251 2978 militaris
1265 2913 1537 2995 horrendae,juxta
1552 2912 1630 2975 illud
1646 2913 1737 2977 loan-

188 3018 268 3081 lline
284 3038 369 3082 mors
385 3018 583 3082 confiniorum
600 3036 656 3097 per
667 3035 779 3079 manus
794 3024 825 3079 ει
837 3016 933 3099 pedes
950 3016 972 3079 C
991 3013 1041 3075 nis
1059 3036 1065 3075 :
1084 3014 1170 3076 Unus
1185 3011 1323 3075 militurn
1345 3012 1455 3074 lancea
1469 3011 1551 3075 latus
1572 3010 1643 3092 ejus
1663 3029 1737 3090 ape
1750 3034 1884 3086 amna.

188 3118 220 3180 in
247 3116 345 3198 ligno,
366 3124 414 3180 est
438 3117 641 3179 vehementer
665 3114 761 3177 nimis
786 3114 931 3197 poenalis,
990 3112 1064 3175 ruit.
1081 3111 1162 3173 Hine
1178 3111 1212 3173 in
1227 3110 1376 3173 Zacharia
1390 3110 1532 3173 Christus
1546 3108 1737 3190 prenuntia·
1751 3100 1785 3139 ³⁴·

187 3234 305 3294 amara,
331 3214 520 3296 gravissima
545 3237 552 3277 ε
579 3213 753 3295 prasertim
783 3212 933 3294 quoniam
989 3210 1036 3273 vit
1053 3233 1060 3271 ε
1077 3210 1264 3292 Adspicient
1282 3209 1322 3271 ad
1338 3228 1388 3271 me
1407 3227 1503 3289 quem
1522 3206 1734 3271 confixerunt.
1759 3224 1832 3269 aaa.
1846 3237 1883 3276 ιιι,

188 3312 395 3394 configuntur
418 3320 449 3375 et
474 3311 674 3393 perforantur
696 3310 729 3372 in
757 3310 836 3374 loeis
865 3330 935 3373 uer·
993 3311 1033 3371 tJr
1062 3328 1119 3369 nos
1144 3312 1270 3369 laceret
1293 3308 1445 3376 crimine,
1472 3307 1619 3366 manavit
1645 3307 1736 3366 uada
1752 3289 1785 3331 ¹⁰·

189 3410 286 3489 rosis,
300 3410 333 3473 in
349 3410 464 3492 quihus
479 3410 526 3472 sie
540 3409 663 3492 perfodi
680 3408 933 3492 poenalissimum
988 3409 1151 3485 sanquine
1165 3428 1177 3467 .·
1191 3407 1253 3469 hoe
1268 3413 1327 3484 εει,
1344 3428 1361 3465 «
1377 3406 1462 3467 unda
1478 3427 1507 3481 a,
1524 3404 1556 3466 id
1575 3411 1623 3466 est
1642 3420 1734 3484 aqua,

188 3518 236 3573 est
264 3518 394 3592 propter
422 3525 613 3571 concursum
642 3524 812 3571 nervorum
840 3512 933 3588 atque
989 3528 1006 3565 a
1024 3505 1165 3567 manavit
1180 3527 1210 3583 a,
1227 3503 1259 3567 id
1274 3512 1323 3567 εει
1337 3502 1442 3580 fluxit,
1458 3525 1475 3561 ι(
1492 3500 1646 3582 sangnine
1662 3523 1692 3579 r,
1704 3500 1734 3563 id

188 3628 351 3671 venarum.
989 3611 1038 3667 est
1052 3602 1148 3665 simul
1163 3621 1236 3664 eum
1252 3600 1406 3681 sanguine
1420 3600 1517 3679 (sicut
1536 3598 1736 3680 praeallegato

228 3707 472 3783 Redemptionis
487 3706 614 3783 pratia,
629 3706 683 3764 hic
702 3706 869 3765 immolata
889 3713 935 3763 εει
990 3701 1130 3783 capitulo
1144 3700 1231 3762 addit
1245 3698 1456 3780 Evangelista‚
1467 3696 1624 3760 Continuo
1638 3695 1735 3758 exivit
1748 3712 1822 3756 rma
1824 3725 1881 3764 11111

190 3806 295 3866 hostia
310 3824 322 3865 .·
337 3804 397 3867 hoe
419 3809 477 3879 εει,
495 3824 512 3862 o
529 3801 581 3865 hic
598 3824 627 3880 a,
645 3800 740 3864 idest
761 3800 829 3882 ipse
848 3799 935 3862 Chri·
989 3798 1120 3879 sangnis
1135 3805 1167 3861 ει
1179 3799 1314 3879 aqua),«
1330 3804 1365 3858 ut
1378 3814 1437 3859 nos
1452 3795 1571 3858 lavaret
1586 3793 1658 3871 »,id
1673 3801 1731 3871 est,
1750 3778 1783 3819 ³⁸·

189 3910 267 3981 stus,
285 3924 301 3961 «
324 3901 485 3964 immolata
506 3908 555 3963 εει
575 3900 679 3963 hostia
699 3922 728 3979 a,
750 3898 782 3961 id
804 3906 862 3975 est,
879 3898 935 3961 ob
988 3897 1091 3981 pretio
1112 3894 1276 3977 sanguinis
1300 3894 1349 3957 sui
1370 3914 1408 3957 ae
1430 3892 1544 3957 merito
1564 3890 1734 3956 effusionis

189 4002 262 4065 tulit
289 4000 496 4083 semetipsum
530 3999 611 4062 Patri
646 4006 763 4062 aterno
797 3996 932 4060 hostiam
988 3995 1059 4077 ejus
1081 4000 1242 4077 purgaret,
1259 4016 1276 4053 ι(
1293 3991 1473 4068 crimine»,
1491 3990 1523 4052 id
1544 3999 1592 4053 est
1613 3990 1653 4053 ab
1672 3988 1734 4053 ori-

189 4102 369 4175 salutarem‚
387 4098 568 4181 pacificam,
586 4122 603 4158 u
624 4098 725 4180 gratia
743 4095 934 4177 redemptio·
988 4093 1086 4177 ginali
1112 4100 1242 4175 peccato
1267 4090 1444 4171 ceterisque
1468 4088 1661 4168 excessibus,
1687 4109 1735 4151 se

189 4200 238 4261 nis
256 4220 284 4277 r,
297 4198 328 4259 id
344 4205 392 4260 est
407 4215 501 4259 causa
517 4196 693 4259 redimendi
710 4214 767 4259 nos
783 4194 930 4275 gratiose.
949 4192 973 4253 D
989 4194 1130 4256 cundum
1146 4191 1224 4253 illud
1239 4187 1445 4272 Apocalypsis
1459 4211 1466 4249 :
1478 4187 1536 4261 Qui
1551 4186 1662 4249 dilexit
1675 4206 1734 4250 nos
1748 4204 1867 4260 aeaeae.

188 4299 246 4361 Per
269 4296 329 4361 hoe
352 4314 488 4376 namque
513 4294 596 4374 quod
622 4278 720 4356 Filius
744 4294 799 4356 Dei
824 4313 861 4355 ex
885 4312 934 4355 ar·
989 4286 1373 4369 etlavitnosapeccatis
1393 4284 1510 4349 nostris
1530 4284 1733 4365 insanguine

187 4394 375 4460 dentissima
398 4393 540 4470 caritate,
564 4391 803 4474 promptissima
826 4390 934 4454 obedi·
989 4408 1067 4467 suo,
1088 4396 1182 4469 atque
1204 4387 1243 4448 ad
1264 4384 1417 4467 Ephesios
1439 4383 1603 4446 :Christus
1624 4382 1735 4447 dilexit
1761 4410 1880 4466 rm„

188 4494 284 4571 entia,
311 4490 560 4575 profundissima
584 4489 774 4567 humilitate,
797 4488 934 4553 maxima
989 4487 1176 4563 Ecclesiam,
1193 4493 1224 4548 et
1244 4482 1372 4545 tradidit
1390 4481 1597 4563 semetipsum
1612 4501 1670 4563 pro
1684 4502 1733 4559 ea,
1748 4476 1817 4517 ²⁵²⁷·

188 4592 305 4675 pietate
339 4606 527 4670 summoque
559 4588 627 4651 zelo
656 4586 757 4649 divini
792 4587 932 4665 honoris,
989 4595 1024 4649 ut
1046 4586 1133 4649 illam
1154 4581 1382 4657 sanctificaret,
1402 4580 1559 4643 mundans
1582 4579 1669 4642 illam
1691 4579 1735 4641 la-

188 4690 287 4753 subiit
300 4708 337 4752 ae
351 4686 498 4751 toleravit
508 4686 750 4749 acerbissimum
765 4684 848 4749 istud
865 4706 934 4768 sup
989 4702 1085 4747 vacro
1112 4700 1202 4763 aquae
1226 4680 1259 4741 in
1283 4678 1380 4740 serbo
1404 4677 1488 4754 vitan,
1516 4684 1551 4738 ut
1573 4676 1735 4739 exhiberet

188 4788 321 4871 plieium
346 4785 469 4863 mortis,
494 4784 600 4865 passio
628 4784 698 4865 ejus
727 4783 935 4848 ineffabiliter
991 4782 1051 4845 sihi
1068 4780 1239 4862 gloriosam
1255 4776 1439 4839 Ecclesiam.

187 4885 360 4962 meritoria,
378 4882 634 4947 fructuosissima
655 4892 687 4947 ει
708 4882 934 4947 efficacissima
1022 4880 1258 4961 Consequenter
1267 4883 1376 4938 auctor
1386 4893 1512 4937 crucem
1524 4875 1732 4937 commendat.

185 4984 248 5047 fuit
270 4984 309 5045 ad
335 4982 556 5045 redimendum
582 4988 682 5045 totum
704 5000 804 5062 genus
824 4981 935 5043 huma·
1028 4982 1167 5054 Impleta
1196 4984 1273 5037 sunt
1296 4994 1369 5054 quoe
1391 4976 1533 5034 concr'nft
1561 4976 1670 5035 David
1696 4978 1736 5049 fi·
1802 4989 1821 5045 a

187 5101 276 5160 num,
308 5080 372 5143 imo
402 5078 507 5141 meriti
537 5080 771 5161 quodammodo
800 5078 932 5158 infiniti,
989 5080 1084 5147 delr's,
1102 5076 1134 5139 id
1149 5083 1208 5153 est,
1219 5091 1374 5153 eauquaa
1388 5071 1486 5134 llavid
1502 5070 1736 5134 fidelisafide-

188 5199 226 5244 eo
250 5180 334 5262 quod
363 5186 476 5241 natura
504 5178 642 5240 humana
666 5196 735 5259 quaa
760 5177 806 5239 sie
836 5177 935 5259 patie—
991 5175 1078 5237 litate
1094 5174 1172 5236 fidei
1187 5192 1258 5252 qua
1273 5180 1320 5234 est
1335 5169 1513 5251 theologica
1528 5168 1640 5245 virtus,
1658 5168 1738 5231 fide-

190 5279 293 5359 batur,
309 5276 372 5341 fuit
391 5295 457 5341 non
479 5276 582 5341 solum
602 5294 666 5358 prae
688 5274 846 5339 universis
868 5294 935 5338 cre-
992 5273 1082 5337 litate
1096 5290 1223 5355 quoque
1239 5269 1350 5335 morali
1365 5288 1436 5352 quta
1449 5276 1498 5332 εει
1511 5267 1736 5351 parsjustitiae,
