4309 6259
323 496 586 545 unsaramma
607 496 735 543 aurinis
757 496 795 541 ar
814 496 912 542 iussa
933 494 1161 543 cmaaaiuoun
1182 496 1340 545 ursaceus.
1362 516 1403 527 -
1422 498 1491 545 aar.
1514 500 1547 545 ιιι
1650 480 1709 545 397

168 668 324 750 personali
347 666 465 730 unione
489 686 564 730 cum
583 674 696 729 natura
714 665 833 730 divina.
849 666 909 729 lta-
923 667 949 728 Α
963 666 1322 746 supervenerandissimi
1346 667 1484 749 dignitas
1508 668 1707 731 sacramenti.

167 786 226 847 que
242 766 274 827 iu
288 766 492 828 Sacramenta
507 773 590 828 totus
605 765 759 842 Christus,
775 766 857 827 [leus
878 772 910 827 et
963 764 1029 838 Quo
1044 773 1186 845 pensato,
1195 764 1352 847 simulque
1368 767 1495 848 propria
1512 766 1709 849 indignitate,

167 865 270 942 homo,
286 863 478 942 continetur,
495 864 629 926 sumitur
649 870 682 925 et
701 861 847 926 ollertur.
964 861 1086 924 vilitate
1110 872 1141 925 et
1169 864 1256 926 omni
1280 864 1433 945 pravitate
1457 864 1608 945 pensatis,
1635 865 1711 946 quid

204 961 242 1023 Et
265 961 347 1024 nosti
375 963 461 1041 qued
489 960 631 1024 Christus
656 961 831 1023 secundum
856 978 911 1021 na·
965 957 1081 1021 mirum
1103 961 1129 1021 si
1150 960 1280 1024 horrore
1302 962 1477 1039 concutior,
1494 962 1569 1043 quia
1589 964 1638 1041 (ut
1659 980 1712 1023 ve-

167 1068 266 1121 turam
280 1058 423 1121 divinam
443 1058 483 1120 sit
498 1060 561 1122 lleo
576 1058 657 1121 Patri
678 1077 753 1119 vere
766 1056 908 1137 aequalis,
966 1059 1048 1136 reor)
1067 1058 1160 1121 toties
1183 1058 1310 1140 indigue
1335 1059 1465 1138 accessi,
1487 1069 1518 1122 et
1541 1080 1582 1123 ne
1607 1060 1711 1123 denuo

167 1158 298 1237 ideoque
316 1156 453 1219 infinita
474 1157 600 1238 penitus
619 1154 792 1237 dignitatis,
808 1155 911 1217 excel·
965 1174 1016 1217 me
1040 1156 1203 1237 contingat
1231 1156 1360 1239 indigne
1387 1158 1538 1221 accedere
1566 1158 1714 1239 pertime-

166 1256 281 1334 lentiae,
317 1255 492 1318 sanctitatis
526 1274 564 1317 ac
600 1254 785 1335 majestatis.
815 1255 911 1317 Porro
965 1256 1041 1317 scot
1057 1254 1095 1314 Et
1115 1261 1220 1315 umen
1236 1255 1301 1317 hac
1324 1254 1392 1336 ipsa
1410 1273 1480 1336 quae
1499 1275 1584 1318 nunc
1604 1256 1709 1333 audio,

165 1354 339 1415 secundum
354 1361 499 1415 naturam
510 1352 680 1413 humanam
695 1358 730 1412 ut
743 1350 851 1412 deitati
867 1350 911 1411 ita
965 1350 1135 1431 aliquando
1164 1351 1247 1433 legi3
1274 1353 1341 1431 scd,
1371 1354 1450 1434 proh
1479 1352 1587 1417 dolor!
1613 1373 1650 1416 aa
1678 1362 1713 1416 ul

165 1451 298 1529 unitam,
318 1449 446 1531 dignior
468 1458 517 1511 est
540 1449 668 1529 [leoque
692 1447 795 1511 carior
814 1467 910 1529 quam
964 1448 1059 1511 debui
1094 1467 1158 1512 non
1195 1450 1357 1531 perpendi.
1388 1450 1477 1513 Certe
1511 1470 1649 1532 agnosco
1681 1460 1713 1514 et

164 1557 264 1609 totum
285 1548 448 1611 residuum
472 1546 668 1609 universum.
689 1546 772 1608 lleus
792 1546 910 1628 quippe
964 1544 1066 1609 fateor
1085 1548 1168 1627 quod
1189 1556 1233 1623 tu,
1252 1548 1382 1611 Domine
1397 1548 1470 1611 lesu
1489 1548 1623 1626 Christe,
1644 1550 1713 1613 uni-

165 1654 250 1709 tanto
274 1646 347 1727 plus
371 1644 473 1727 diligit
501 1653 678 1707 creaturam
702 1651 821 1725 quanto
845 1662 911 1705 ma·
964 1644 1069 1725 genite
1089 1644 1185 1706 Patris
1204 1644 1324 1722 eterni,
1347 1664 1410 1709 non
1431 1646 1536 1709 minus
1554 1646 1712 1728 gloriosus

161 1745 231 1825 J'ora
249 1752 282 1806 et
302 1743 394 1826 plura
414 1744 497 1807 bona
520 1742 629 1805 tribuit
649 1742 690 1804 ei.
712 1741 813 1815 Ouum
835 1758 910 1821 ergo
964 1760 1011 1819 es,
1036 1760 1100 1805 non
1131 1742 1235 1803 minus
1263 1743 1410 1825 splendes
1439 1763 1476 1807 ac
1505 1744 1620 1825 radias,
1648 1764 1711 1809 non

163 1842 302 1905 l'erbum
316 1850 470 1905 eternum
491 1840 773 1905 communicaverit
790 1846 911 1901 naturae
925 1836 949 1899 ll
965 1840 1070 1902 minus
1094 1860 1112 1903 a
1137 1841 1253 1903 sanctis
1280 1840 1400 1921 angelis
1425 1842 1564 1905 adoraris
1590 1842 1621 1905 in
1647 1863 1713 1907 ma-

161 1939 309 2002 humaute
337 1957 432 2020 quam
457 1938 630 2019 assumpsit
654 1957 747 1999 suum
773 1956 842 1999 esse
863 1936 912 1997 in·
966 1937 1060 1999 nibus
1075 1938 1259 2016 sacerdotis,
1275 1956 1371 2019 quam
1394 1939 1426 2001 in
1448 1940 1520 2003 sinu
1534 1949 1566 2003 et
1584 1942 1712 2005 dextera

161 2046 316 2117 creatum,
344 2038 524 2119 personale,
550 2036 751 2120 suppositans
778 2054 849 2098 eam
877 2034 910 2096 in
965 2034 1020 2096 llei
1041 2034 1149 2097 Patris.
1167 2034 1235 2099 Non
1257 2036 1361 2099 miuus
1383 2047 1564 2101 reverenter
1585 2047 1617 2101 et
1634 2058 1711 2121 pure

161 2136 215 2198 illo
242 2136 357 2199 eodem
387 2155 457 2198 esse
488 2135 520 2197 in
551 2152 614 2216 quo
643 2134 746 2217 ipsum
772 2132 911 2195 l'erhum
965 2132 1079 2213 dignus
1104 2152 1137 2195 es
1163 2134 1352 2197 contrectari
1376 2154 1413 2197 ac
1438 2137 1520 2199 sumi
1547 2138 1579 2199 in
1604 2138 1713 2201 Sacra·

160 2242 315 2296 eternum
334 2234 524 2296 eternaliter
542 2241 590 2295 est
609 2232 804 2309 subsistens3
821 2232 913 2294 inno-
965 2238 1083 2306 mento,
1101 2249 1195 2311 quam
1218 2231 1250 2293 iu
1272 2232 1353 2295 coelo
1375 2253 1547 2315 empyreo:
1565 2235 1629 2299 imo
1649 2254 1712 2317 quo

161 2333 253 2394 tescit
276 2332 362 2414 quod
386 2332 489 2413 majus
516 2332 633 2395 bonum
664 2330 912 2395 communicavit
966 2337 995 2390 te
1007 2328 1109 2410 magis
1124 2329 1292 2408 dignanter
1312 2331 1350 2393 ad
1370 2340 1509 2394 nostram
1525 2334 1711 2415 parvitatem

161 2440 191 2493 et
215 2430 307 2493 dedit
329 2430 358 2492 ei
382 2449 477 2511 quam
507 2430 621 2492 ceteris
646 2429 771 2491 cunctis
796 2429 911 2491 creatis
965 2426 1112 2504 inclinas,
1130 2445 1167 2489 co
1182 2446 1255 2489 cum
1275 2428 1520 2509 praecordialiori
1539 2432 1712 2512 gratiarum

160 2528 254 2591 simul
268 2530 422 2611 acceptis,
437 2537 469 2591 et
487 2548 583 2611 quam
604 2536 704 2591 totum
726 2526 910 2590 universum
964 2525 1089 2588 actione
1113 2533 1144 2587 et
1166 2526 1341 2589 reverentia
1362 2546 1395 2589 es
1417 2529 1600 2591 sumendus.
1623 2530 1710 2593 lleul

160 2627 292 2689 exsistit.
316 2627 448 2709 lnsuper
466 2626 599 2709 gratiam
620 2624 813 2689 habitualem
834 2645 911 2708 quo-
965 2624 1009 2685 mi
1025 2623 1169 2703 Domine,
1186 2622 1261 2705 quid
1282 2624 1332 2686 hic
1347 2624 1473 2687 dieaml
1489 2626 1712 2691 amantissima

160 2726 332 2789 dammodo
353 2724 512 2787 inlinitum
534 2724 676 2805 prestitit
694 2725 807 2789 anime
825 2725 911 2787 Chri·
964 2729 996 2783 et
1019 2721 1260 2804 preclarissima
1283 2722 1379 2785 llater
1402 2730 1456 2786 tua
1480 2732 1510 2787 te
1538 2726 1640 2788 adhuc
1665 2728 1713 2789 in-

160 2824 209 2898 sti,
226 2823 258 2885 id
274 2832 325 2885 est
340 2832 404 2885 tarn
424 2841 571 2903 magnam
591 2822 676 2904 quod
695 2841 787 2885 mens
806 2832 911 2887 creata
965 2818 1122 2881 tantulum
1146 2838 1184 2881 ex
1209 2838 1243 2881 se
1269 2829 1389 2897 natum,
1414 2840 1487 2884 cum
1514 2825 1712 2888 reverentiali

161 2941 258 3004 capax
283 2940 350 2985 uon
375 2929 424 2983 est
442 2921 551 3003 gratita
571 2919 747 3002 amplioris.
767 2922 806 2984 Et
826 2922 910 2984 idem
965 2918 1103 2997 quodam
1126 2916 1249 2996 timore,
1275 2936 1347 2980 cum
1374 2918 1494 3001 ingenti
1521 2923 1709 3001 reverentia,

159 3020 334 3082 dicendum
354 3018 393 3081 de
416 3019 583 3081 virtutibus
606 3026 638 3081 et
661 3018 752 3081 donis
773 3020 911 3082 actibus·
929 3013 997 3077 Cin
1013 3033 1070 3077 suo
1087 3014 1292 3077 mundissimo
1307 3016 1428 3096 gremio
1449 3016 1539 3096 fovit,
1557 3020 1711 3102 adspexit,

159 3138 220 3199 que
242 3136 368 3196 eorum,
388 3124 482 3197 atque
503 3117 543 3179 de
563 3117 657 3180 donis
678 3124 710 3179 et
731 3118 824 3179 bonis
844 3119 911 3200 glo-
965 3121 1059 3194 atque
1081 3112 1120 3175 ad
1147 3114 1287 3194 virginea
1312 3134 1369 3177 sua
1393 3116 1490 3179 ubera
1514 3118 1626 3198 tenuit,
1648 3138 1712 3183 non

158 3219 222 3295 ria,
238 3216 356 3279 anime
370 3215 482 3277 Christi
499 3214 622 3278 collatis
641 3217 682 3279 ab
700 3216 828 3279 exordio
847 3236 911 3280 suta
965 3212 1004 3273 de
1033 3219 1176 3274 materna
1200 3212 1396 3291 auctoritate,
1422 3232 1487 3277 uon
1510 3216 1549 3279 de
1574 3216 1712 3299 singula-

158 3314 342 3391 creationis‚
368 3322 521 3395 quantum
545 3314 584 3376 ad
613 3314 697 3377 vires
722 3334 795 3378 suas
818 3335 910 3397 supe·
965 3309 1090 3372 rissimo
1125 3309 1292 3391 privilegio
1322 3310 1383 3373 sibi
1417 3312 1543 3391 collato,
1574 3334 1637 3378 non
1673 3319 1712 3381 de

158 3414 269 3492 riores,
290 3412 326 3473 in
351 3420 438 3474 tanta
456 3411 643 3475 excellentia
663 3413 747 3493 quod
767 3421 911 3475 creatura
965 3408 1207 3489 incomparabili
1223 3428 1279 3471 sua
1295 3410 1461 3473 sanctitate
1476 3415 1616 3494 etgratia
1632 3434 1713 3479 sum·

158 3530 222 3573 non
238 3518 289 3573 est
305 3528 406 3592 capax
421 3509 531 3572 talium
546 3510 578 3571 in
591 3509 788 3592 plenitudiue
803 3513 910 3574 exube-
965 3525 1017 3568 ma
1041 3505 1247 3568 immoderate
1272 3525 1477 3586 praesumens,
1501 3518 1593 3591 teque
1618 3512 1713 3576 vicis-

156 3608 242 3671 riori.
260 3608 302 3671 Et
316 3608 462 3689 quamvis
476 3606 667 3670 beatissimae
682 3607 819 3689 Virginis
839 3628 911 3671 san·
965 3602 1024 3664 sim
1053 3602 1106 3664 vix
1131 3610 1259 3683 tangere
1289 3604 1420 3667 audeus.
1448 3606 1498 3668 Sic
1524 3615 1555 3669 et
1579 3627 1714 3673 consan-

157 3707 263 3785 ctitas‚
285 3705 451 3769 beatitudo
476 3713 507 3767 et
527 3705 629 3787 gloria
651 3704 910 3770 inestimabiliter
964 3700 1099 3781 guineus
1124 3707 1195 3761 tuus
1225 3720 1339 3783 preco,
1365 3702 1540 3767 Precursor
1565 3708 1711 3789 eximius,

157 3806 262 3887 maior
290 3824 330 3867 ac
359 3802 486 3887 plenior
509 3803 549 3865 sit
574 3802 724 3865 felicitate
752 3811 785 3865 et
808 3804 910 3885 gloria
964 3817 1038 3881 quo,
1054 3806 1085 3861 te
1100 3806 1190 3877 teste,
1208 3798 1291 3861 inter
1312 3809 1401 3864 natos
1423 3802 1593 3866 mulierum
1611 3808 1713 3889 major
1742 3838 1830 3886 mg

157 3904 334 3985 cujuslibet
348 3902 477 3964 Sancti
469 3922 503 3964 ιιι
518 3901 810 4011 patria,secundum
824 3905 910 3985 quod
964 3916 1029 3961 nou
1053 3896 1199 3973 surrexit,
1222 3904 1252 3958 te
1276 3898 1432 3979 baptizare
1456 3901 1656 3983 exhorruit,
1648 3924 1713 3970 tmo
1727 3906 1804 4008 Ἥ

157 4002 265 4065 decuit
284 4020 396 4064 veram
417 4001 546 4062 llatrem
567 4020 632 4061 verr
624 3999 714 4078 'Dei,
732 4020 806 4063 vere
826 4020 911 4064 com·
964 3995 1020 4057 llbl
1046 4014 1080 4055 ru
1105 4013 1238 4059 minimo
1266 3996 1399 4079 obsequi
1425 4018 1458 4061 se
1485 3999 1673 4065 fatebatur'
1665 4024 1714 4067 m-
1729 4028 1765 4075 tt:
1774 4028 1832 4071 tata
1825 3980 1857 4075 ¹¹22.

156 4100 359 4183 parentalem
383 4099 446 4161 Deo
473 4096 569 4176 Patri,
594 4097 683 4179 quasi
713 4098 911 4181 incompara-
964 4095 1106 4175 dignum.
1134 4093 1172 4155 Et
1200 4112 1260 4175 ego
1285 4102 1498 4177 transgressor
1526 4100 1742 4183 vilissimus,'·
1728 4092 1791 4139 '··²⁷

156 4198 263 4261 biliter
277 4204 312 4259 et
327 4214 402 4258 vere
416 4194 624 4257 ineflabiliter
637 4214 655 4257 a
670 4195 733 4258 Deo
748 4196 908 4275 honorari,
926 4191 951 4254 D
966 4192 1058 4255 toties
1073 4200 1138 4253 mm
1160 4191 1354 4273 intimorate,
1373 4195 1465 4256 mm
1458 4214 1580 4279 impure
1602 4218 1639 4263 ac
1658 4200 1714 4263 lri-

156 4295 287 4377 repleri‚
303 4293 409 4373 ditari,
425 4291 600 4355 beatificari
616 4312 653 4355 ac
668 4293 832 4357 sublimari
848 4314 911 4377 pre
965 4290 1037 4371 gide
1057 4289 1097 4353 ad
1123 4289 1313 4353 celebranda
1337 4300 1391 4353 tua
1414 4294 1626 4359 sacratissima
1648 4318 1714 4381 my-

156 4411 355 4474 unoquoque
374 4392 427 4453 llei
450 4390 615 4468 ministro,
636 4399 774 4453 attamen
799 4393 909 4473 gratia,
965 4388 1061 4449 steria
1085 4386 1159 4464 adii,
1187 4396 1250 4449 tam
1275 4388 1484 4469 indispositus
1513 4401 1542 4455 te
1569 4397 1711 4477 tractavi,

157 4490 325 4567 sanctitas,
354 4488 518 4571 perfectio,
549 4487 710 4551 beatitudo
744 4498 777 4551 et
810 4490 911 4570 gloria
965 4494 1030 4547 tam
1044 4484 1174 4566 indigne
1190 4486 1328 4567 suscepi,
1346 4493 1377 4549 et
1397 4496 1507 4569 postea
1522 4493 1625 4554 exstiti
1648 4503 1712 4559 mm

156 4587 370 4652 humanitatis
404 4586 516 4648 Christi
552 4586 805 4649 inenarrabiliter
839 4589 911 4671 plus
965 4586 1117 4665 ingratus,
1149 4583 1368 4663 incustoditus,
1405 4595 1532 4668 tamque
1567 4592 1713 4657 celeriter

157 4685 358 4751 transcendit
385 4684 626 4766 perlectionem,
652 4685 852 4748 sanctitatem
879 4696 912 4749 et
965 4682 1155 4745 recidivans.

156 4786 295 4867 gloriam
319 4802 384 4845 suae
405 4782 600 4864 dignissimae
620 4781 798 4862 Genitricis,
815 4803 910 4865 quam
1005 4780 1152 4843 Vaarms.
1168 4816 1209 4825 -
1222 4779 1290 4843 Rite
1307 4782 1483 4863 concludis,
1499 4794 1531 4848 et
1552 4789 1712 4870 sapienter

156 4883 318 4965 perfectio
341 4890 434 4961 atque
458 4879 594 4943 felicitas
617 4879 749 4943 Deilerae
770 4882 910 4963 Virginis
965 4878 1166 4956 consideras3
1191 4897 1249 4941 nec
1271 4880 1311 4942 de
1332 4884 1521 4945 sacramenti
1545 4886 1641 4968 huJ'us
1666 4890 1712 4952 di-

156 4983 295 5063 gratiam
317 4988 349 5042 et
367 4978 500 5060 gloriam
521 4978 693 5059 cujuslibet
711 4979 807 5042 Beati.
965 4976 1082 5059 gnitate
1106 4984 1138 5038 et
1158 4977 1330 5039 eminentia
1351 4988 1475 5060 oportet
1493 5002 1543 5045 me
1563 4988 1711 5068 prosequi

196 5080 375 5144 Sacauuos.
404 5112 445 5122 -
472 5077 590 5140 Horum
620 5077 830 5141 consideratio
858 5100 910 5143 me
964 5075 1067 5158 plura.

156 5184 328 5260 perterret.
348 5174 468 5255 Nempe
491 5194 530 5236 ex
550 5174 599 5236 his
624 5174 718 5237 lacile
742 5184 790 5238 est
809 5180 912 5240 consi·
1005 5174 1175 5237 Sacranos.
1192 5208 1233 5221 -·-
1247 5172 1326 5253 Non,
1343 5175 1475 5241 Domine
1497 5179 1552 5243 mi.
1569 5180 1629 5245 Sed
1652 5202 1711 5266 ego

157 5278 271 5341 derare
286 5292 386 5357 quam
400 5272 733 5354 incomprehensibilis
752 5273 793 5337 sit
813 5274 910 5358 hujus
964 5274 1004 5336 de
1029 5274 1089 5335 hac
1112 5280 1166 5335 tua
1189 5272 1400 5336 inaestimabili
1422 5276 1461 5339 ad
1483 5296 1541 5341 nos
1567 5281 1713 5363 caritate,
