4309 6259
468 492 529 559 518
754 512 795 559 aa
808 511 966 559 rhecoma
987 511 1024 557 ar
1045 509 1209 557 nrourrara
1230 508 1346 570 unare,
1370 509 1457 555 arara
1478 510 1510 555 u.
1534 528 1575 539 —
1596 510 1665 557 aar.
1687 508 1733 558 uu

469 685 544 748 tatis
568 705 606 749 ac
631 684 818 748 inferiomm
843 683 959 747 virium
982 683 1042 746 sub
1063 682 1185 746 ratione
1207 680 1469 764 :dpraesentius,
1486 701 1524 747 eo
1542 682 1747 747 intellectuali
1766 682 1837 765 ejus
1851 681 2000 745 vultnicr·

470 784 554 865 quod
579 803 636 866 per
659 782 792 846 virtutes
821 782 957 846 morales
981 781 1123 863 aliasque
1147 800 1218 863 per·
1272 780 1401 844 sistebat
1428 781 1535 845 notius
1562 790 1655 864 atque
1683 782 1855 864 patentius.
1882 780 1919 842 llt
1942 781 1999 861 qui-

469 880 590 945 ficitur.
613 882 685 945 lime
704 890 809 944 autem
830 880 987 963 subjectio
1008 880 1078 941 sine
1100 878 1217 941 illumi·
1271 879 1355 958 dem,
1385 879 1412 943 si
1439 880 1787 963 predeterminatorum
1820 878 2089 955 meminerisnrma

469 979 598 1044 natione
617 980 758 1061 rationis,
775 998 837 1060 qua
858 978 891 1041 in
913 978 1043 1061 agendis
1064 978 1218 1059 dirigatur
1271 997 1337 1041 non
1364 978 1474 1060 utique
1503 979 1614 1042 latebit
1641 977 1908 1062 quemadmodum
1940 998 1998 1040 cum

469 1098 507 1142 ac
535 1078 680 1162 imperet,
711 1077 799 1141 effici
825 1077 935 1158 nequit
961 1100 968 1138 :
998 1076 1132 1157 ideoque
1161 1094 1219 1157 per
1271 1078 1365 1140 llatre
1390 1077 1512 1159 virgine
1540 1079 1622 1140 Deus
1649 1077 1745 1141 homo
1768 1076 1804 1139 in
1828 1076 1918 1139 terris
1939 1094 1998 1139 con-

468 1176 553 1239 viam
568 1176 813 1239 illuminativam
828 1176 860 1238 id
883 1174 1036 1257 compleri
1051 1173 1215 1238 clucescit.
1273 1184 1415 1238 versatus
1437 1176 1488 1255 sit,
1510 1177 1668 1257 quomodo
1686 1176 1802 1238 Filium
1823 1176 1997 1239 adorandum

469 1275 574 1340 Tertio
596 1284 713 1353 autem,
730 1274 861 1338 rationis
885 1274 1027 1337 theorica
1047 1272 1217 1354 sapientia·
1272 1274 1368 1337 llater
1386 1273 1597 1337 mundissima
1616 1272 1872 1351 contrectaverit,
1891 1274 1996 1352 viderit,

469 1373 572 1455 lisque
595 1373 775 1451 illustratio,
799 1372 901 1455 ipsius
925 1372 1022 1435 etiam
1046 1370 1216 1434 voluntatis
1273 1372 1420 1451 audierit,
1450 1372 1634 1449 lactaverit3
1665 1371 1789 1453 ipsique
1818 1372 1853 1433 in
1884 1370 1998 1453 singulis

469 1471 640 1535 amorifero
673 1471 852 1548 succensio,
888 1478 1074 1552 opportunae
1113 1469 1218 1532 consi·
1272 1469 1530 1550 familiarissima,
1548 1468 1760 1533 secretissima
1774 1477 1806 1532 et
1820 1468 1896 1532 itcm
1911 1488 1998 1532 unm

470 1576 568 1632 stunt.
597 1570 663 1645 Quo
691 1588 828 1651 namque
860 1570 919 1631 tria
947 1568 1014 1631 baec
1046 1567 1216 1629 sublimius
1272 1567 1395 1632 tissima
1410 1567 1480 1631 fuit.
1498 1568 1595 1643 Quam
1612 1566 1815 1649 singulariter
1828 1574 1920 1649 atqua
1937 1568 1998 1630 emi

469 1668 542 1750 quis
578 1668 706 1731 sortitus
742 1667 848 1746 fuerit,
882 1686 920 1731 eo
955 1665 1216 1746 contemplationi
1271 1674 1385 1729 neuter
1405 1666 1437 1729 in
1457 1666 1508 1728 bis
1529 1667 1678 1729 omnibus
1697 1664 1860 1727 existimas
1881 1666 1917 1727 ad
1939 1684 1998 1729 con

340 1780 396 1837 sap.
406 1794 421 1832 ι,
432 1784 454 1825 a.
469 1765 571 1848 aptior
597 1765 729 1829 exsistit.
756 1764 910 1840 Quoniam
935 1764 1064 1846 quidem
1089 1763 1123 1825 in
1151 1782 1217 1825 ma·
1271 1765 1508 1846 templationem
1519 1763 1591 1827 Filii
1602 1771 1719 1828 motam
1730 1762 1998 1843 inflammatamque

468 1864 587 1946 lignem
615 1863 754 1926 animam
783 1881 847 1926 non
881 1862 1012 1925 intrabit
1046 1862 1213 1944 sapientia,
1234 1858 1371 1925 Bfuisse
1394 1871 1533 1925 mentem
1559 1865 1756 1925 maternaml
1776 1864 1815 1924 At
1840 1880 1923 1941 vero,
1943 1862 1998 1923 uni-

468 1962 607 2044 primum
621 1961 735 2024 horum
750 1961 868 2043 requiri
882 1959 987 2023 fassus
1002 1962 1213 2041 sum.Denuo,
1270 1980 1362 2024 versa
1388 1961 1608 2044 theologorum
1636 1960 1770 2025 intentio
1800 1961 1886 2023 circa
1910 1962 1998 2023 Perse

467 2060 618 2141 quoniam
641 2059 825 2143 passionum
850 2059 1041 2121 inordinatio
1062 2058 1217 2122 sollicitu-
1271 2078 1383 2122 narum
1404 2059 1578 2123 trinitatem
1594 2058 1769 2139 Christique
1789 2058 1998 2123 humanitatem

466 2158 574 2220 dinem
599 2167 631 2220 et
655 2157 938 2239 perturbationem,
961 2157 1215 2238 inquietudinem
1272 2157 1493 2240 principaliter
1519 2165 1671 2221 versatur.
1698 2158 1771 2233 Quis
1800 2176 1877 2221 vero
1903 2156 1996 2219 Christi

467 2274 646 2337 vanamque
661 2254 865 2319 formidinem
879 2263 912 2317 et
932 2254 1007 2317 item
1028 2254 1216 2319 instabilita-
1271 2255 1316 2319 sic
1340 2254 1570 2318 humanitatem
1597 2255 1727 2337 ognovit
1754 2255 1802 2317 uti
1827 2275 1866 2319 ea
1891 2274 1926 2318 er
1949 2273 1998 2334 qua

467 2361 532 2415 tem
560 2352 660 2416 menti
688 2351 822 2431 invehit,
847 2352 1125 2434 contemplationis
1153 2353 1216 2415 sin·
1270 2353 1326 2416 illa
1346 2362 1471 2433 sumpta
1492 2356 1562 2416 estf
1577 2353 1673 2416 Porro
1695 2352 1747 2415 cui
1770 2352 1815 2415 sic
1836 2352 1998 2415 Trinitatem

468 2451 632 2514 ceritatem
659 2452 743 2513 tollit
770 2459 865 2533 atque
897 2450 1064 2513 obnubilat
1091 2475 1098 2513 :
1130 2450 1216 2515 idae
1271 2450 1439 2534 speculari‚
1461 2452 1547 2513 credi
1572 2450 1655 2513 valet
1678 2468 1880 2530 concessum,
1899 2458 1931 2511 ut
1950 2447 1999 2529 ipsi

467 2568 529 2630 que
554 2550 730 2612 secundum
751 2567 877 2630 quoque
896 2549 1111 2612 necessarium
1137 2550 1213 2613 dixi.
1271 2550 1382 2630 inqua
1401 2556 1467 2613 tota
1485 2558 1549 2611 tam
1569 2547 1934 2630 incomprehensibiliter
1949 2546 2000 2627 egit

466 2647 616 2729 Denique,
633 2666 732 2728 quum
747 2648 789 2708 sit
807 2647 1033 2729 contemplatio
1052 2648 1215 2729 sapientise
1270 2665 1307 2709 ac
1329 2647 1599 2729 supervenientes,
1622 2664 1692 2727 que
1714 2646 1820 2728 ipsum
1847 2646 1938 2709 Demn
1957 2663 1999 2706 re

466 2746 559 2825 actio,
580 2745 737 2827 sapientia
758 2754 864 2808 autem
888 2764 954 2808 non
977 2744 1113 2808 formata
1137 2746 1216 2809 dile·
1271 2763 1341 2807 rum
1364 2745 1517 2809 veraciter
1536 2744 1668 2826 genuitl

467 2844 572 2908 ctione
597 2842 786 2925 imperfecta
811 2843 873 2923 sit;
898 2843 939 2906 ob
964 2842 996 2905 id
1021 2844 1108 2906 radio
1133 2844 1217 2925 sapi-

467 2942 559 3005 entiae
574 2941 777 3022 caritatisque
792 2941 904 3004 ardore
914 2942 1053 3003 animam
1068 2942 1215 3005 adomari

467 3048 592 3121 oportet
612 3063 619 3100 ι
641 3039 725 3120 quoa
745 3039 792 3120 (nr
816 3038 923 3118 fallor)
948 3040 986 3101 aa
1009 3039 1095 3102 viam
1119 3040 1258 3109 uniti-o
1471 3006 1716 3071 ARTIGULUS
1735 3008 1815 3072 ΧΗ·

467 3158 542 3201 vam
564 3137 687 3200 attinet·
1269 3155 1318 3215 De
1331 3153 1510 3212 stabilitate
1524 3154 1665 3232 itemque
1678 3158 1806 3215 actuali
1815 3156 2000 3231 suspensione

509 3236 608 3310 Quam
635 3234 770 3317 proinde
797 3234 895 3298 fuerit
922 3236 1017 3299 Maria
1052 3235 1093 3297 ab
1127 3236 1214 3300 omni
1344 3244 1651 3318 contemplationum
1676 3245 1825 3321 Virginis
1839 3264 1944 3304 sacre.

355 3360 397 3399 ne.
411 3368 456 3401 m.
470 3334 564 3414 culpa
578 3352 707 3414 prorsus
721 3333 884 3413 immunis,
902 3332 984 3396 liber
997 3333 1119 3413 primus
1134 3352 1218 3396 com·

468 3431 630 3515 plectitur.
660 3432 801 3512 Insuper,
831 3430 984 3493 virtutum
1013 3430 1083 3511 ejus
1115 3430 1216 3514 pleni·
1345 3430 1433 3498 UDI,
1446 3430 1532 3505 filio,
1547 3437 1578 3488 et
1599 3430 1685 3499 vide,
1705 3438 1734 3488 et
1757 3431 1886 3490 inclina
1905 3442 2089 3490 auremermll

470 3530 614 3593 tudinem
639 3529 718 3593 liber
738 3528 863 3605 tertius,
883 3528 910 3590 si
931 3528 1000 3610 ipsa
1021 3529 1214 3610 praestiterit,
1356 3536 1455 3587 team.
1479 3525 1621 3588 Caritatis
1643 3534 1691 3589 cst
1711 3525 1778 3589 hec
1801 3527 1902 3589 virtus
1924 3535 2001 3607 atque

469 3628 631 3692 edisseret.
658 3628 702 3690 De
731 3626 888 3709 sapientia
911 3634 1016 3689 autem
1044 3627 1143 3707 ipsius
1169 3627 1216 3689 in·
1271 3624 1457 3707 proprietas,
1484 3630 1518 3685 ut
1541 3631 1700 3686 amantem
1728 3633 1835 3688 amato
1863 3625 1955 3687 uniat.
1976 3621 2002 3683 Si

338 3752 379 3793 nt.
392 3762 422 3799 n.
433 3762 455 3792 v.
470 3724 677 3809 comparabili
700 3724 869 3807 plenaque,
887 3725 981 3805 paulo
1002 3733 1076 3787 ante
1098 3714 1216 3789 sermo·
1272 3740 1348 3785 vero
1363 3720 1535 3803 perfectior
1556 3720 1663 3799 fuerit,
1681 3721 1819 3784 alterum
1834 3723 1868 3784 in
1887 3722 2002 3785 altemm

469 3845 543 3889 nem
563 3824 722 3901 contexui,
739 3831 834 3905 atque
853 3822 956 3885 adhuc
976 3821 1140 3885 effandum
1156 3832 1213 3887 est.
1271 3827 1466 3903 transponat,
1495 3828 1529 3881 ut
1556 3818 1623 3901 jam
1651 3838 1751 3882 unum
1780 3820 1847 3883 sint
1873 3820 2002 3900 idemque

467 3922 640 3987 Innotescit
672 3922 790 4003 itaque,
826 3920 911 4002 quod
949 3922 1216 4002 quemadmodum
1271 3918 1463 3982 desiderent.
1478 3918 1603 3981 Etenim
1618 3918 1746 3981 divinus
1767 3938 1860 3983 amor
1873 3916 2002 3983 ecstasim

466 4022 563 4086 ldaria
575 4022 617 4084 ab
630 4020 718 4083 omni
740 4019 833 4101 culpa
852 4018 972 4099 purior,
988 4019 1139 4099 omnique
1154 4020 1218 4082 vir·
1271 4026 1391 4096 causat,
1400 4017 1550 4099 quoniam
1565 4026 1725 4081 amantem
1740 4026 1828 4081 extra
1844 4038 1878 4082 se
1892 4017 2001 4100 [ponit],

467 4129 535 4184 tute
554 4119 689 4201 plenior,
711 4136 747 4180 ac
766 4117 895 4179 demum
915 4116 1071 4197 sapientia
1090 4118 1215 4181 etitem
1271 4122 1382 4198 utputa
1406 4116 1440 4178 in
1466 4123 1606 4178 amatum
1628 4115 1845 4179 transformat
1863 4117 2000 4195 locatque.

469 4218 599 4283 caritate
621 4214 818 4297 splendidior
838 4222 906 4277 erat
925 4223 1018 4295 atque
1041 4214 1254 4280 ferventiorll
1271 4214 1364 4277 Porro
1392 4214 1507 4277 caritas
1535 4213 1779 4295 perfectissima,
1811 4216 1900 4279 unita
1925 4222 2002 4294 atquc

468 4324 541 4399 post
573 4314 688 4377 Filium
723 4312 933 4376 ineffabiliter
965 4312 1134 4394 universiS,
1168 4314 1214 4377 sic
1269 4312 1459 4395 transposita
1480 4310 1744 4376 indissolubiliter
1763 4313 1904 4395 colligat.
1927 4310 2002 4375 Deni-

468 4421 600 4477 cunctos
618 4429 744 4493 quoque
768 4411 802 4472 in
827 4409 1129 4490 contemplationum
1151 4412 1216 4473 sin·
1269 4429 1343 4491 que,
1365 4411 1404 4473 de
1428 4408 1564 4490 fervore,
1590 4410 1763 4491 quantitate
1785 4431 1824 4475 ac
1847 4408 2003 4475 ineffabili·

467 4512 645 4575 ceritudine
659 4507 922 4571 inestimabiliter
937 4527 1140 4589 supergressa
1153 4519 1212 4573 ast.
1269 4515 1331 4570 tate
1346 4508 1525 4571 dilectionis
1540 4516 1656 4571 mutuae
1676 4508 1759 4590 regis
1774 4510 1896 4573 blessise
1909 4504 2002 4591 sponsi

507 4609 617 4672 ddhue
632 4615 749 4687 autem,
765 4625 857 4668 mens
876 4605 947 4686 ejus
967 4606 1129 4669 liberrima
1147 4627 1214 4671 om·
1269 4615 1301 4668 et
1325 4605 1396 4683 filii,
1424 4606 1556 4687 ejusque
1584 4607 1729 4689 gloriosae
1758 4606 1926 4671 Genitricis
1950 4604 2002 4667 vir

466 4707 580 4789 nisque
595 4705 730 4787 poenalis
745 4703 867 4767 timoris
885 4703 1012 4785 penitus
1031 4723 1144 4787 expers
1163 4725 1214 4769 ex·
1268 4703 1353 4785 ginis
1377 4722 1414 4767 aa
1439 4722 1573 4785 sponse,
1600 4723 1683 4786 saepe
1711 4705 1911 4787 sparsimque
1936 4720 2002 4787 pre
2018 4716 2089 4761 nte

467 4806 566 4883 stitit3
592 4805 757 4886 ipsamque
782 4810 928 4864 naturam
951 4803 1052 4883 grath
1075 4803 1214 4868 totaliter
1268 4801 1394 4865 babitus
1419 4808 1467 4864 est
1491 4808 1662 4882 tractatus,
1683 4801 1808 4885 plenior
1832 4812 1934 4866 mman
1957 4784 2087 4861 ba-¹¹¹²¹m

466 4904 651 4983 vicitatque
665 4900 815 4984 possedit.
831 4899 999 4981 Propterea
1013 4900 1053 4962 ad
1072 4908 1214 4964 contem·
1267 4900 1390 4963 bendus
1426 4907 1485 4981 est,
1521 4900 1599 4963 dum
1634 4901 1673 4963 de
1708 4902 1877 4965 sanctitate
1909 4898 2002 4964 llatris

466 5001 641 5085 plationum
655 4997 854 5061 altitudinem
869 5006 1072 5061 summeerat
1086 4998 1210 5061 idonea.
1267 4998 1443 5062 benedicte
1463 4997 1702 5061 edisserendum
1727 5000 1903 5063 incumbat.
1924 4998 2000 5061 Nunc

464 5098 619 5181 Amplius,
637 5116 675 5159 ex
695 5096 821 5176 objecto
836 5114 987 5157 sensuum
1005 5104 1151 5159 movetur
1165 5096 1212 5158 in·
1267 5105 1372 5159 autem
1400 5097 1434 5158 in
1463 5104 1586 5160 tantum
1614 5096 1747 5175 dicatur,
1778 5098 1864 5178 quod
1893 5114 2002 5161 summe

463 5198 620 5261 tellectus.
637 5194 703 5269 Quo
718 5212 793 5274 ergo
808 5192 953 5255 divinum
972 5194 1050 5256 illud
1070 5203 1212 5258 contem·
1266 5194 1417 5277 perfecta,
1446 5204 1478 5259 et
1506 5195 1582 5258 item
1611 5194 1821 5258 ineffabiliter
1849 5195 1944 5258 fuerit
1963 5195 2002 5254 in·

462 5294 592 5381 plabile,
609 5292 765 5357 Christum
780 5290 841 5371 aio,
858 5290 960 5373 llariae
982 5291 1127 5357 sensibus
1142 5302 1210 5357 erat
1266 5293 1439 5358 calescens.
1464 5292 1636 5359 Innotescit
1658 5292 1775 5375 itaque,
1800 5292 1829 5357 si
1859 5292 2003 5358 subtiliter
