4309 6259
453 449 515 514 488
709 471 750 517 or
770 468 926 517 raacomo
945 468 984 514 ar
1003 465 1167 514 orcnrrarn
1186 462 1305 521 naara,
1327 461 1415 508 amna
1435 462 1455 508 r.
1478 480 1519 491 -
1539 461 1609 508 aar.
1631 462 1682 523 nr,
1705 460 1759 507 xvr

1219 635 1245 696 Α
1260 650 1398 713 namque
1412 631 1514 714 culpas
1530 631 1617 694 radix
1631 638 1689 709 cst,
1698 638 1730 694 et
1741 630 1894 693 virtumm
1907 628 1991 712 origo.

659 698 905 765 ARTICULUS
928 696 1002 761 XV·
1108 712 1111 719 ¹
1259 729 1368 813 Igitur,
1390 729 1417 793 si
1438 730 1624 812 dignitatem
1645 728 1751 793 camis
1770 728 1874 791 ldariae
1896 747 1991 791 serem

459 850 551 916 Quen
569 848 767 909 Divinitatis
789 846 967 923 splendori,
984 846 1021 904 tn
1041 853 1086 903 est
1104 843 1205 912 Filio,
1260 830 1329 892 acie
1354 828 1511 911 speculari
1535 828 1678 907 festinas,
1701 827 1816 891 anima
1839 826 1872 889 in
1897 827 1991 909 primis

498 936 617 1015 quiesi
631 940 786 1013 splendor
803 936 931 1005 Patris,
951 953 1016 994 non
1035 936 1167 1009 deroget
1186 952 1206 991 a
1261 927 1477 1009 contemplare
1499 926 1642 989 virtutes.
1660 926 1756 990 Porro
1777 924 1868 988 nulla
1880 925 1924 1004 (ni
1945 926 1991 987 fal·

497 1027 625 1102 semina
639 1026 768 1102 concipi
781 1034 811 1084 et
822 1025 929 1102 gigni.
955 1063 961 1069 -
1261 1026 1324 1105 lor)
1337 1025 1452 1089 animat
1466 1026 1567 1088 virtus
1587 1034 1650 1088 tam
1666 1024 1874 1088 vehementer
1889 1022 1920 1085 in
1937 1042 1990 1085 car

1261 1144 1336 1187 nem
1358 1125 1513 1187 redundat
1536 1143 1668 1207 eamque
1687 1129 1835 1187 venustat
1858 1124 1988 1203 quemad-

328 1229 399 1281 ΝΛ,
414 1232 446 1274 ¹⁵·
532 1232 651 1293 MNIA
667 1234 792 1291 manda
808 1232 949 1291 mandis.
965 1229 1060 1292 Porro
1074 1227 1208 1290 immun·
1262 1224 1391 1287 modum
1420 1223 1560 1302 castitas,
1589 1241 1687 1304 quum
1723 1230 1756 1285 et
1786 1220 1909 1283 luxuria
1932 1239 1987 1283 eam

545 1327 595 1389 dis
613 1328 683 1409 ipsa
701 1346 827 1409 quoque
849 1327 967 1391 munda
988 1326 1127 1389 vicissim
1149 1325 1208 1387 im·
1261 1322 1427 1403 potissime
1461 1320 1647 1401 coinquinet
1682 1328 1776 1402 atque
1813 1327 1985 1400 corrumpat.

461 1426 581 1488 munda
594 1433 679 1487 sunt.
697 1425 839 1488 Crassum
853 1425 974 1507 quippe
992 1432 1132 1486 mentem
1153 1423 1209 1485 ha·
1262 1419 1413 1499 Quoergo
1426 1418 1548 1500 judicio
1563 1417 1743 1500 purissimae
1758 1414 1987 1497 castissimaque

461 1524 584 1602 bentes‚
601 1531 632 1585 et
653 1523 896 1585 obtenebratum
915 1520 1139 1602 carnalemque
1161 1520 1209 1582 in·
1263 1516 1402 1599 Virginis
1422 1515 1658 1597 corpusculum,
1675 1516 1891 1598 supermundo
1904 1534 1936 1577 ac
1948 1535 1988 1575 su-

459 1620 634 1700 tellectum,
664 1620 790 1683 sincero
825 1628 986 1700 nequeunt
1020 1638 1087 1681 rem
1115 1619 1208 1682 oculo
1263 1614 1453 1697 perpulchro
1466 1614 1529 1677 Deo
1543 1614 1736 1677 horrendum
1752 1612 1989 1676 abominandum·

461 1719 615 1782 contueri.
631 1718 811 1781 abhorrent
825 1719 930 1801 itaque
943 1716 1048 1797 fateri,
1066 1735 1210 1799 prorsus·
1263 1732 1303 1776 ve
1331 1712 1468 1774 exstititt
1497 1711 1584 1786 Quod
1613 1712 1681 1792 tibi,
1712 1712 1876 1775 immunde
1906 1711 1989 1793 impr

461 1835 522 1897 que
550 1816 670 1879 eisdem
697 1816 865 1897 indignum
893 1816 1028 1892 videtur,
1055 1814 1088 1876 in
1118 1814 1209 1877 femi·
1225 1809 1248 1871 B
1264 1810 1405 1891 densque
1419 1809 1600 1888 Nanicbaee,
1616 1818 1648 1872 et
1661 1809 1718 1871 tibi
1733 1827 1871 1892 quoque,
1887 1809 1989 1891 impure

460 1932 557 1976 neum
572 1921 715 1975 ventrem
726 1912 824 1975 Deum
840 1911 1208 1989 descendisse,femineae
1263 1909 1379 1988 Iudae,
1406 1907 1653 1989 ignominiosum
1680 1915 1729 1971 est
1758 1915 1790 1969 ct
1817 1907 1892 1995 vile,
1915 1907 1988 1970 nobis

460 2012 548 2075 carni
573 2011 668 2089 uniri,
688 2011 723 2072 iu
748 2018 837 2074 utero
861 2012 990 2073 demum
1014 2010 1208 2072 naturalibus
1263 2006 1436 2087 gloriosum
1465 2013 1524 2083 cst,
1553 2004 1702 2084 amabile,
1732 2005 1873 2088 itemque
1899 2024 1986 2067 snare.

461 2108 737 2191 superfluitatibus
755 2127 820 2171 non
840 2115 967 2171 carente
985 2108 1104 2188 jacere,
1120 2107 1210 2169 item·
1263 2104 1320 2167 Dei
1342 2103 1530 2183 incarnatio,
1546 2111 1654 2166 nostra
1673 2102 1838 2169 deificatio
1856 2113 1920 2179 est;
1933 2104 1988 2184 ejus

460 2226 523 2288 que
539 2207 585 2269 sic
601 2206 775 2287 angustiari
792 2214 885 2286 atque
899 2205 1057 2268 concludi.
1075 2205 1137 2269 Sed
1156 2225 1210 2285 pa·
1264 2203 1443 2281 descensio,
1459 2210 1566 2265 nostra
1585 2210 1634 2265 est
1655 2202 1841 2285 provectio,
1857 2202 1946 2285 ipsius
1963 2202 1988 2262 in

461 2314 507 2367 tet
541 2323 651 2368 eorum
686 2304 833 2366 ruditatis
867 2304 1054 2367 crassitudo.
1091 2301 1209 2384 Nempe
1265 2300 1404 2382 Virginis
1419 2308 1562 2363 ventrem
1577 2301 1760 2382 declinatio,
1777 2309 1885 2364 nostra
1903 2300 1988 2362 estad

461 2401 606 2466 eamdem
621 2420 688 2463 rem
703 2401 796 2463 aliter
813 2401 946 2463 attendit
964 2420 1089 2479 sensae,
1105 2400 1211 2462 aliter·
1265 2400 1338 2463 coeli
1360 2399 1509 2462 thronum
1531 2398 1725 2463 sublimatio.

461 2519 523 2582 que
549 2498 740 2561 intellectus.
757 2498 845 2561 Unde
869 2498 895 2560 si
920 2497 991 2578 ejus
1015 2501 1124 2579 (quem
1148 2498 1208 2561 sibi

460 2598 544 2661 lleus
563 2596 726 2679 preelegit
744 2595 941 2678 paravitque)
956 2594 1037 2657 uteri
1057 2593 1210 2658 differen-

461 2697 539 2758 tiam
562 2694 649 2757 claro
672 2692 836 2756 intellectu
864 2713 883 2755 a
908 2693 1020 2755 ceteris
1046 2693 1210 2775 conspice·
1460 2723 1705 2789 ARTIGULUS
1723 2723 1818 2787 XVI·

461 2801 543 2871 rent,
559 2811 654 2874 quem
670 2809 785 2854 carneo
800 2810 896 2853 sensu
911 2809 985 2852 cum
1001 2790 1114 2853 ceteris
1135 2809 1210 2854 ecn-

461 2890 570 2953 venire
585 2896 729 2966 cernunt,
747 2907 811 2951 non
827 2895 891 2950 tam
906 2887 1082 2950 bestialiter
1100 2908 1210 2951 cense-
1266 2902 1358 2968 Quod
1375 2918 1412 2959 ea
1435 2918 1506 2977 qun
1527 2898 1564 2957 in
1586 2898 1738 2974 virginea
1759 2918 1860 2958 carne
1878 2900 1989 2974 preele-

462 2994 542 3050 rent.
563 2987 745 3066 Enimvero,
767 3005 862 3067 quam
887 2985 1122 3048 immunditiam
1146 2986 1208 3049 nisi
1228 2982 1250 3045 G
1304 2998 1363 3048 cccc
1392 2988 1539 3065 Virginis
1562 2987 1744 3046 humiliora
1769 2988 1931 3056 videntur,
1951 3006 1990 3043 oe

461 3085 564 3167 culpae
577 3084 779 3147 abominatur
794 3084 968 3146 Dominust
983 3082 1143 3165 Numquid
1158 3105 1210 3148 na.
1305 3077 1501 3137 dementiort'
1528 3076 1693 3136 divinitus
1725 3079 1841 3137 decore
1870 3078 1989 3136 adorna-

461 3182 611 3246 turalium
640 3180 896 3265 superfluitatum
924 3181 1150 3263 impuritatem,
1178 3191 1210 3245 et
1306 3175 1339 3226 fa
1361 3175 1448 3227 Sum·

462 3300 527 3344 non
541 3280 643 3362 magis
657 3279 772 3342 animae
793 3279 951 3342 maculam
972 3284 1106 3362 pensati
1121 3281 1208 3355 Quod

462 3379 490 3441 si
512 3378 583 3440 illas
606 3396 732 3459 quoque
755 3377 822 3440 odit
845 3386 876 3439 et
899 3377 989 3455 vitat,
1009 3396 1074 3441 non
1098 3378 1208 3460 utique
1334 3378 1459 3442 lVINUS
1473 3378 1641 3460 Apostolus
1658 3402 1665 3441 :
1684 3383 1762 3449 Qnoe
1772 3390 1923 3457 putamus
1939 3378 2043 3459 (in-tce¹
2056 3406 2075 3438 a

463 3476 579 3557 ubique
603 3484 660 3538 est.
678 3474 756 3549 Quid
777 3494 852 3557 ergo
876 3475 1004 3554 mirum,
1021 3476 1048 3537 si
1068 3476 1207 3557 Virginis
1347 3478 1428 3558 quit)
1445 3480 1641 3554 ignobiliora
1656 3498 1721 3538 esse
1734 3481 1878 3540 membra
1896 3465 2020 3553 corpo2²

461 3585 587 3639 uterum
616 3593 681 3637 non
708 3573 832 3637 horruit
858 3573 952 3651 DeuS,
979 3573 1071 3653 cujus
1100 3574 1207 3655 utique
1265 3578 1325 3647 ris,
1341 3578 1392 3635 lois
1406 3578 1558 3635 honorem
1579 3577 1853 3637 abundantiorem
1872 3579 1988 3636 cirron

461 3674 619 3736 immensa
633 3671 784 3734 divinitas
800 3670 950 3734 omnibus
969 3672 1059 3733 adest
1080 3681 1208 3735 cuncta-
1264 3678 1381 3735 damas
1395 3694 1407 3733 .·
1421 3672 1527 3754 potius
1541 3672 1661 3754 qnippe
1675 3682 1781 3755 egent.
1797 3673 1850 3737 Sic
1868 3690 1986 3755 prorsus,

461 3790 523 3853 quc
544 3777 698 3852 penetrat,
724 3776 886 3831 ettamen
910 3768 999 3831 nullo
1027 3768 1206 3832 obnubilari
1264 3771 1465 3853 omnipotens
1494 3770 1813 3852 sapientissimusque
1840 3772 1931 3850 Pater,
1952 3768 1988 3831 nil

461 3868 654 3933 macularive
673 3867 772 3944 novit,
789 3867 908 3949 quippe
927 3885 997 3948 quas
1021 3886 1094 3929 cum
1119 3868 1207 3932 nullo
1265 3869 1450 3932 indecorum
1475 3868 1607 3930 etitem
1636 3868 1842 3932 inhonestum
1869 3867 1988 3931 nihilin

461 3967 664 4029 materialiter
679 3966 904 4043 communicat,
918 3965 1150 4047 supersimplex
1164 3967 1209 4029 in·
1265 3965 1481 4028 amantissima
1497 3984 1554 4028 sua
1572 3964 1643 4027 filia
1663 3965 1880 4047 singularique
1894 3984 1989 4048 sponsa

461 4065 687 4145 variabilisque
706 4064 905 4126 consistensl
921 4063 1008 4137 Quod
1028 4062 1055 4124 si
1075 4064 1209 4127 sensibi-
1265 4073 1296 4126 et
1314 4063 1475 4146 Unigeniti
1495 4063 1542 4125 sui
1561 4062 1656 4126 Matre
1681 4064 1933 4145 prestantissima
1953 4080 1990 4123 re

462 4163 501 4225 lis
521 4163 626 4225 radius
651 4161 816 4223 immunda
839 4170 964 4244 purget,
980 4162 1119 4224 mundus
1138 4181 1209 4244 per·
1225 4158 1250 4219 ll
1264 4161 1409 4244 linquere
1424 4162 1545 4239 velena,
1562 4161 1595 4223 id
1609 4179 1737 4242 quoque
1752 4164 1838 4243 quod
1852 4182 1905 4245 per
1917 4168 1990 4223 natu-

462 4280 607 4339 manens,
623 4259 812 4341 uniaturquc
827 4259 985 4339 sordibuS,
1002 4260 1128 4323 sordem
1144 4280 1208 4323 non
1264 4280 1332 4322 ram
1352 4258 1507 4322 humilius
1531 4258 1660 4337 exstitit,
1677 4278 1735 4341 per
1756 4260 1888 4341 gratiam
1910 4256 1990 4322 subli-

462 4359 676 4424 contrahens:
694 4377 751 4422 cur
772 4356 949 4420 Divinitatis
974 4359 1209 4442 supersplendi-
1263 4358 1347 4420 anius
1363 4357 1470 4435 =fecit;
1493 4364 1524 4419 et
1548 4358 1632 4438 quod
1659 4356 1692 4419 in
1717 4376 1751 4420 se
1777 4359 1987 4421 consideratum

460 4458 612 4521 dissimus
632 4456 993 4538 incircumscriptusque
1013 4456 1130 4534 radius,
1152 4477 1209 4538 pu·
1264 4456 1429 4519 videbatur
1463 4454 1674 4533 inhonestius,
1712 4454 1866 4519 divinitus
1897 4454 1988 4519 effecit

461 4556 594 4619 rissimis
608 4554 759 4636 virgineae
774 4562 806 4616 et
820 4554 897 4616 item
909 4573 1006 4616 sacrae
1016 4554 1131 4617 Puellae
1141 4576 1209 4618 san·
1263 4553 1444 4636 gloriosius.
1456 4552 1575 4635 Nempe
1590 4553 1674 4634 quod
1689 4554 1906 4618 vehementius
1918 4553 1987 4615 ador

460 4653 611 4736 guinibus
625 4653 745 4733 absque
766 4652 902 4735 propriso
922 4651 1069 4732 puritatis
1091 4653 1207 4716 damno
1263 4653 1332 4715 nari
1354 4652 1452 4733 eguit,
1469 4651 1597 4733 plenius
1619 4651 1729 4734 utique
1751 4652 1917 4717 decoravit.

460 4751 545 4813 uniri
573 4768 637 4813 non
666 4750 780 4828 valeat,
807 4750 981 4831 presertim
1009 4769 1109 4831 quum
1138 4751 1207 4815 sine
1302 4751 1370 4813 Jam
1384 4768 1460 4831 crgo
1475 4749 1581 4811 nullus
1601 4748 1634 4810 in
1653 4758 1732 4828 te,o
1752 4751 1871 4833 inclyta
1887 4759 1988 4813 tenera-

461 4847 561 4929 ipsius
576 4847 750 4910 variatione
764 4851 819 4908 aut
832 4846 1128 4929 circumscriptione
1140 4848 1207 4909 uni·
1262 4867 1323 4929 quc
1348 4867 1475 4930 sponsa,
1502 4854 1556 4909 aut
1581 4866 1702 4927 sexum,
1726 4855 1780 4910 aut
1800 4856 1928 4925 utemm,
1946 4852 1989 4909 aut

460 4962 555 5007 onem
576 4944 720 5007 eamdem
741 4942 898 5006 fateamur
919 4942 1092 5006 effectaml
1262 4945 1371 5024 ubera,
1398 4944 1656 5007 immundissima
1684 4953 1791 5009 mente
1817 4952 1987 5019 contemnat,

501 5042 654 5123 Denique,
683 5061 743 5104 nec
778 5042 880 5123 culpae
912 5042 1069 5105 maculam
1103 5062 1206 5124 neque
1260 5044 1337 5106 dum
1352 5042 1482 5105 feminei
1497 5061 1589 5105 sexus
1602 5060 1757 5124 organum
1771 5041 1989 5126 incomparabili

461 5139 587 5202 virtutis
602 5139 803 5222 splendorem
819 5138 906 5201 carni
929 5139 990 5200 nisi
1013 5159 1071 5221 per
1092 5141 1206 5203 redun-
1261 5140 1576 5223 fragrantissimaquo
1598 5141 1741 5203 castitate
1765 5141 1909 5225 stipatum
1927 5148 1987 5203 est:

460 5238 599 5300 dantium
613 5236 653 5299 ab
667 5236 773 5299 anima
785 5236 889 5299 inesse
904 5245 1038 5301 constat.
1051 5237 1203 5301 Voluntas
1260 5237 1379 5321 quippe
1392 5238 1478 5321 quod
1492 5255 1595 5320 neque
1609 5256 1647 5301 ex
1662 5238 1816 5319 interiori,
1825 5240 1878 5303 sed
1892 5257 1944 5301 nec
1956 5236 1988 5299 ab
