4309 6259
425 458 463 523 dl
921 470 1078 519 exrosmo
1099 469 1196 515 nxxm
1220 474 1228 513 ε
1251 468 1352 515 ranan
1373 469 1485 517 ιιιιιιιιιι

277 644 634 726 terratenusque
659 646 864 707 tardaverunt
888 642 984 724 pedes
1005 640 1212 722 quadriga-A
1228 639 1334 718 tibus,
1360 650 1392 703 et
1419 661 1528 705 rursus
1556 643 1696 725 loquitur
1718 644 1815 707 lsaias
1841 668 1849 706 ι
1876 644 1975 707 Radix
2001 670 2068 717 an,
2081 674 2111 714 m

426 763 497 806 rum
521 742 628 805 illiusf
649 743 767 823 ltaque,
790 760 808 805 o
830 764 846 801 ιι
873 740 982 822 lingna
1009 761 1036 819 ιι,
1059 738 1170 815 idest,
1228 739 1389 821 lesse,qui
1406 750 1552 823 exsurget
1566 761 1676 821 regere
1689 744 1852 823 gentes,iu
1868 743 1974 825 ipsum
1989 734 2113 780 ''⁰⁰¹¹‘·'⁴·

425 849 511 920 otu,
532 842 627 903 homo
652 840 793 921 linguam
818 839 939 902 habens
964 845 995 900 et
1019 856 1056 899 ea
1081 844 1172 897 utens
1227 845 1338 917 gentes
1350 838 1582 919 sperabuntbe
1594 858 1655 920 quo
1671 840 1787 922 legitur
1797 840 1831 903 in
1842 842 1973 922 Aggaeo:

426 939 465 1001 ad
477 938 670 1018 loquendum
682 945 775 1018 atque
788 935 1014 1013 cantandum«
1027 951 1129 1014 pange
1141 954 1170 1010 ιι,
1228 935 1309 997 Ecce
1334 936 1421 998 veuit
1442 936 1641 1000 Desideratus
1666 938 1790 1001 cunctis
1813 938 1973 1020 gentibus.
2004 964 2114 1019 appla,

426 1036 457 1098 id
473 1044 531 1114 est,
548 1035 681 1097 decanta
702 1041 733 1096 et
751 1034 896 1112 concine,
909 1032 1048 1109 gloriosi
1061 1048 1172 1105 corpo·
1228 1032 1307 1095 Hinc
1332 1033 1472 1096 Christus
1497 1036 1529 1096 iu
1554 1036 1649 1098 Coena
1674 1036 1869 1119 deprompsit
1891 1060 1898 1099 ι
1918 1037 1976 1099 llic
2014 1062 2096 1106 mna

427 1136 476 1194 ris
498 1136 702 1211 mysterium,
717 1133 778 1194 boc
800 1138 847 1193 est
869 1148 993 1192 sacrum
1017 1135 1172 1190 secretum
1229 1139 1277 1192 est
1304 1132 1386 1193 calix
1414 1134 1577 1214 sanguinis
1605 1135 1679 1214 mei,
1708 1135 1763 1215 qui
1793 1154 1850 1217 pro
1884 1135 1977 1199 vobis
1991 1130 2088 1175 ¹¹⁰³*

427 1238 458 1293 et
486 1231 723 1292 Sacramentum
759 1229 899 1310 corporis
933 1226 1059 1305 Christi,
1089 1226 1173 1306 quod
1229 1227 1413 1291 effundetur
1428 1230 1460 1291 in
1475 1231 1694 1294 remissionem
1709 1241 1923 1314 peccatorum.

427 1346 512 1390 nunc
532 1324 840 1407 glorificatissimum
862 1332 920 1403 est,
944 1331 974 1385 et
1000 1331 1083 1385 recte
1107 1321 1175 1403 gfo-
1270 1327 1370 1388 Nobis
1397 1330 1506 1387 datus.
1536 1328 1627 1390 Pater
1654 1328 1740 1391 enim
1767 1330 1855 1392 dedit
1882 1330 1976 1394 nobis
2045 1341 2063 1393 2

428 1426 546 1487 riosum
568 1432 710 1502 vocatur,
726 1423 800 1503 quia
820 1421 925 1484 adhuc
939 1420 1071 1483 mortale
1094 1419 1175 1481 exsi-
1230 1422 1432 1502 Unigenitum
1454 1444 1546 1486 suum
1568 1425 1601 1486 in
1623 1427 1867 1508 redemptorem,
1889 1438 1922 1491 et
1943 1429 1975 1490 in

428 1530 525 1601 stcus,
549 1520 673 1582 unitum
695 1519 757 1581 fuit
777 1518 959 1581 immediate
981 1536 1045 1579 non
1070 1515 1172 1577 solum
1230 1528 1326 1601 caput
1339 1539 1375 1582 ac
1387 1540 1538 1603 sponsum
1549 1523 1750 1603 Ecclesiae,in
1763 1525 1975 1606 legislatorem

427 1619 664 1701 gloriosissimae
678 1617 791 1679 animae
811 1616 937 1695 Christi,
955 1615 1009 1677 sed
1029 1622 1060 1675 et
1079 1614 1173 1676 simul
1230 1637 1266 1680 ac
1287 1618 1476 1701 principem,
1491 1620 1580 1700 juxta
1600 1622 1684 1703 quod
1707 1622 1740 1684 in
1759 1624 1878 1686 loaune
1900 1625 1979 1687 scri-

427 1737 500 1780 cum
521 1736 558 1779 ea
573 1716 675 1779 Verbo
696 1724 824 1794 aelcmO,
840 1723 872 1777 et
893 1713 954 1775 fuit
974 1720 1038 1775 tam
1060 1711 1174 1774 animae
1230 1725 1319 1798 ptum
1344 1726 1393 1778 est
1415 1741 1422 1779 :
1447 1718 1497 1780 Sic
1519 1719 1601 1781 Deus
1622 1720 1732 1782 dilexit
1753 1722 1918 1801 mundum,
1943 1730 1978 1784 ut
2004 1751 2119 1795 ιω...
2142 1767 2143 1780 .

427 1836 522 1900 quam
551 1816 645 1879 Verbi
675 1815 920 1878 instrumentum
950 1814 1069 1892 vivum,
1101 1813 1344 1877 con-BFilium
1366 1835 1458 1877 suum
1479 1815 1680 1899 unigenitum
1701 1820 1800 1898 daret,
1817 1828 1852 1882 ut
1872 1822 1977 1883 omnis
1992 1818 2028 1859 ¹⁶·
2142 1805 2143 1808 ¹

426 1916 584 1997 junctum,
601 1914 775 1975 animatum
798 1931 834 1975 uc
855 1912 1029 1994 proprium.
1046 1910 1175 1992 Propter
1229 1912 1283 1993 qui
1300 1914 1401 1976 credit
1414 1914 1447 1975 in
1463 1913 1567 1996 ipsum
1583 1934 1648 1979 non
1662 1926 1781 1997 pereat,
1794 1919 1849 1980 sed
1863 1918 1979 1981 babeat

281 2034 334 2077 ιιι.
345 2046 373 2084 ιι
382 2034 412 2076 ιι.
427 2013 512 2094 quod
528 2014 628 2075 virtus
650 2011 748 2074 exivit
769 2012 808 2073 de
830 2010 885 2073 illo
908 2009 1094 2089 sanavitqne
1109 2026 1177 2070 om·
1230 2010 1328 2072 vitam
1350 2021 1520 2090 aetemam3
1537 2013 1651 2075 Paulus
1673 2033 1828 2096 quoque:
1848 2017 1979 2098 Propter
1993 2048 2119 2103 3,ng

428 2132 505 2191 nes3
526 2112 590 2174 imo
612 2118 702 2173 etex
723 2116 871 2174 contactu
894 2107 1085 2171 sanctissimi
1107 2125 1176 2170 cor-
1230 2109 1363 2171 nimiam
1391 2109 1460 2190 (ait)
1489 2110 1742 2194 caritatemque
1776 2113 1886 2176 dilexit
1919 2111 2052 2178 nos¹¹⁰‘·¹
2053 2124 2102 2153 ¹¹¹¹¹¹
2098 2095 2145 2180 Pl

428 2209 514 2320 poris
533 2209 615 2290 ejus,
633 2208 667 2269 in
689 2216 793 2270 vestes
814 2226 851 2270 ac
873 2205 1019 2267 fimbrias
1038 2204 1176 2267 vestium
1230 2208 1331 2288 Pater,
1346 2207 1461 2269 Filium
1476 2228 1570 2270 suum
1584 2209 1672 2272 misit
1685 2210 1719 2272 iu
1735 2209 1977 2275 similitudinem

428 2328 499 2390 ejus
514 2307 614 2371 virtus
629 2306 870 2369 diffundebatur
884 2304 1004 2383 drvma,
1014 2312 1045 2364 et
1059 2301 1177 2365 efficax
1231 2306 1335 2368 camis
1359 2305 1493 2387 peccati
1514 2308 1627 2378 Nobis,
1648 2307 1680 2369 id
1703 2316 1752 2371 est
1775 2309 1815 2371 ad
1838 2318 1979 2373 nostram

428 2408 491 2470 fuit
518 2408 557 2469 ad
592 2404 848 2487 supernaturales
883 2401 1030 2481 effectus,
1066 2408 1101 2462 ut
1133 2399 1178 2462 ait
1232 2403 1565 2480 semiarianorum
1590 2406 1714 2465 intacta
1750 2409 1895 2483 Viryine,
1918 2407 1979 2471 hoc

365 2560 370 2571 .
408 2503 814 2586 ,Evangelistazouotquot
829 2500 1001 2582 tangebant
1014 2498 1176 2561 fimbriam
1231 2510 1280 2563 est
1300 2519 1428 2581 prorsus
1450 2500 1613 2582 incognita
1633 2501 1712 2566 viro.
1735 2506 1779 2565 Et
1800 2507 1836 2564 ιιι
1857 2509 1979 2566 mundo

431 2603 612 2667 vestimenti
628 2602 709 2683 ejus,
726 2600 794 2663 sani
810 2599 932 2662 fiebant
945 2618 963 2660 a
977 2615 1177 2679 quacumque
1231 2609 1450 2669 conversatus,
1465 2606 1560 2681 prout
1579 2599 1701 2663 Baruch
1724 2600 1869 2682 praedixit
1885 2626 1891 2664 :
1908 2602 1980 2666 Post
1994 2629 2122 2676 mam,
2146 2601 2147 2634 ³

431 2701 618 2765 infirmitate
633 2699 832 2763 tenebantur.
850 2698 922 2760 Fuit
936 2716 1046 2759 rursus
1061 2714 1177 2777 corpus
1232 2697 1298 2759 haec
1313 2696 1346 2758 in
1368 2697 1461 2759 terris
1482 2697 1570 2760 visus
1592 2706 1640 2760 est
1653 2706 1685 2760 et
1706 2718 1779 2761 cum
1795 2694 1980 2765 hominibus
1995 2697 2032 2736 ³⁸·

430 2801 490 2863 hoc
512 2799 696 2881 gloriosum,
717 2804 825 2879 utpote
847 2814 884 2857 ex
905 2793 1085 2877 purissimis
1107 2811 1178 2854 san·
1232 2803 1447 2859 conversatus.
1464 2794 1552 2858 Unde
1573 2794 1674 2859 fertur
1695 2796 1728 2858 in
1744 2797 1863 2860 Joanne
1881 2820 1888 2859 ι
1905 2799 1980 2862 Ver·
2007 2828 2095 2871 rm,
2111 2841 2124 2873 ,,

429 2898 580 2979 guinibus
606 2896 812 2959 sanctissimae
838 2892 976 2974 Virginis
1002 2899 1175 2973 sumptum,
1232 2894 1308 2957 bum
1323 2912 1396 2955 caro
1411 2892 1530 2956 factum
1545 2902 1643 2974 est,et
1656 2894 1813 2958 habitavit
1825 2896 1858 2959 in
1873 2897 1977 2961 uobis.
1997 2894 2034 2935 ¹⁴·

430 3002 462 3057 et
476 2994 757 3077 supernaturaliter
778 3012 814 3055 ac
837 2992 1035 3054 instantanee
1056 2989 1097 3052 ab
1111 3008 1179 3052 om·
1194 2990 1216 3052 C
1231 2996 1353 3070 Sparso
1375 2995 1467 3053 verbi
1484 2994 1617 3062 semine,
1634 2992 1666 3054 id
1687 3002 1737 3055 est
1757 2994 1980 3075 predicatione

430 3093 608 3176 nipotentia
641 3091 776 3174 Spiritus
815 3090 923 3153 Sancti
958 3089 1130 3153 formatum
1167 3111 1174 3149 ι
1232 3090 1424 3172 evangelicae
1438 3090 1518 3171 legis
1533 3089 1979 3173 disseminateinterludaeos,

430 3191 514 3272 quod
536 3199 568 3253 et
582 3189 792 3253 secretissime
813 3208 849 3251 ac
872 3184 1178 3268 incomprehensibi·
1232 3189 1271 3250 de
1292 3187 1408 3269 quibus
1429 3188 1564 3250 asseruit
1580 3212 1587 3250 :
1603 3188 1672 3251 Non
1694 3208 1766 3251 sum
1787 3190 1903 3253 missus
1917 3191 1981 3253 nisi
1996 3215 2126 3265 uariam,

430 3288 563 3369 lissime,
593 3297 698 3351 tamen
724 3286 900 3366 verissime,
926 3285 985 3347 sub
1010 3284 1177 3366 speciebus
1232 3288 1272 3349 ad
1287 3305 1363 3349 oves
1378 3306 1447 3367 quas
1461 3284 1625 3368 perierunt
1643 3288 1756 3351 domus
1769 3288 1876 3351 lsrael.
1893 3289 1982 3353 Unde
1995 3280 2034 3323 ²⁴·

431 3384 714 3450 sacramentalibus
729 3384 919 3447 continetur.
1233 3393 1265 3447 et
1285 3384 1363 3447 dixit
1384 3383 1486 3458 :Quia
1508 3392 1540 3446 et
1560 3384 1632 3447 aliis
1653 3385 1837 3449 civitatibus
1857 3396 1983 3469 oportet
1995 3414 2124 3465 mia-,n

469 3486 716 3563 Sanguinaeque
739 3484 890 3560 pretiosi,
919 3480 950 3542 id
986 3487 1044 3560 est,
1073 3499 1177 3562 pange
1233 3502 1284 3546 me
1302 3482 1531 3564 evangelizare,
1551 3482 1703 3564 quoniam
1723 3485 1761 3546 ad
1782 3485 1844 3547 hoe
1865 3485 1982 3548 missus

429 3584 526 3649 etiam
540 3583 726 3665 mysterium
741 3603 758 3642 ιι
774 3579 938 3661 sauguinis
952 3578 1083 3662 pretiosi
1099 3600 1128 3658 n,
1144 3578 1177 3640 id
1233 3600 1314 3643 sum.
1339 3580 1479 3661 Denique
1505 3582 1544 3643 de
1570 3581 1630 3644 huc
1652 3582 1773 3645 semine
1795 3583 1840 3645 ait
1864 3582 1898 3645 in
1922 3583 1982 3645 Lu-

430 3692 478 3746 est
498 3680 750 3765 prestantissimi
772 3678 936 3760 sanguinis
958 3676 1101 3740 Christi·
1122 3676 1177 3758 qui
1233 3698 1299 3741 ca:
1321 3679 1435 3741 Samen
1455 3687 1503 3741 est
1523 3679 1655 3742 verbum
1675 3679 1740 3743 Uei.
1758 3680 1801 3742 Ue
1823 3681 1915 3762 cujus
1936 3700 1983 3743 se
2012 3712 2076 3757 1554
2090 3725 2130 3761 ,,

431 3781 560 3863 sanguis
576 3780 609 3842 in
624 3779 826 3841 Sacramenta
848 3775 952 3839 sub
922 3776 989 3840 vmi
1010 3774 1178 3857 speciebus
1232 3777 1405 3839 minatione
1430 3778 1582 3887 scriptum
1607 3786 1688 3840 est:
1710 3778 2017 3882 Dissemiuabatur
1997 3779 2035 3819 ¹¹·

431 3878 586 3958 consistit,
609 3885 641 3939 et
660 3878 721 3939 hoc
742 3876 862 3937 directe
883 3893 922 3937 ex
943 3874 975 3937 vi
997 3872 1179 3936 conversio
1233 3875 1365 3940 verbum
1381 3874 1436 3937 Dei
1451 3894 1509 3957 per
1528 3875 1709 3937 universam
1725 3876 1898 3958 regionem.
1916 3880 1984 3939 Sui

431 3978 503 4057 nis;
519 3984 658 4040 attamen
675 3974 925 4037 concomitanter
939 3972 1035 4035 etiam
1051 3971 1110 4034 sub
1124 3990 1180 4081 pa·
1233 3994 1342 4035 moras
1364 3975 1436 4033 inco
1438 3977 1536 4043 t,atus
1561 3973 1621 4036 hoc
1642 3982 1691 4035 est
1711 3981 1837 4056 tempus
1860 3974 1985 4037 habita·

431 4078 481 4141 nis
503 4074 670 4158 speciebus
691 4081 740 4135 est
761 4072 900 4153 sanguis,
915 4079 1010 4152 atque
1032 4069 1092 4132 sub
1111 4069 1177 4131 vini
1234 4069 1331 4134 tionis
1345 4090 1381 4133 ac
1397 4070 1470 4132 vitae
1485 4088 1549 4133 sum
1570 4070 1713 4133 mortalis
1727 4071 1760 4133 in
1776 4072 1892 4135 secuto
1906 4072 1981 4153 isto,

431 4173 606 4239 consecrati
626 4170 733 4255 specie
754 4190 827 4234 caro
848 4169 973 4233 Christi.
991 4173 1091 4238 Quem
1107 4186 1179 4229 san-
1193 4166 1219 4227 U
1234 4174 1319 4231 miro
1347 4170 1466 4229 elausit
1495 4170 1624 4238 ordine,
1653 4168 1686 4231 id
1714 4177 1773 4249 est,
1799 4170 1986 4234 terminavit

430 4276 559 4358 guinem
585 4277 621 4334 ιἰι
645 4274 764 4333 mundi
786 4274 944 4348 pretium,
965 4269 1024 4332 hoc
1050 4276 1098 4331 est
1120 4286 1178 4350 pro
1234 4266 1419 4331 admiranda
1439 4265 1645 4348 dispositione
1667 4274 1698 4329 et
1716 4267 1916 4331 ordinatione
1935 4288 1985 4331 sa-

431 4374 542 4439 mundi
564 4392 620 4437 seu
644 4370 770 4455 generis
794 4368 925 4431 humani
947 4366 1176 4449 redemptione,
1234 4366 1362 4449 pientiae
1386 4384 1462 4445 suae,
1483 4373 1515 4427 et
1539 4364 1764 4428 cohabitudine
1788 4366 1905 4429 veteris
1926 4384 1984 4430 no-

429 4478 562 4554 fructns
576 4475 702 4533 ventris
712 4472 957 4549 qenerosi,Ree
972 4470 1092 4545 effodit
1103 4486 1179 4544 yea-
1235 4464 1330 4545 vique
1345 4462 1537 4525 Testamenti
1558 4470 1591 4525 et
1610 4481 1743 4545 operum
1758 4470 1853 4544 atque
1866 4472 1984 4546 myste-

432 4576 528 4645 tium,
548 4572 581 4634 id
602 4579 650 4635 est
673 4570 826 4649 Christus,
847 4567 946 4629 Pilius
972 4565 1178 4628 nobilissimae
1236 4563 1354 4625 riorum
1382 4579 1511 4624 suorum
1539 4582 1546 4621 ι
1573 4562 1724 4642 quoniam
1748 4561 1896 4644 passione
1924 4581 1982 4624 sua

431 4671 565 4753 virginis
575 4668 750 4751 liuriae,qui
765 4690 782 4728 ιι
795 4666 939 4749 gentium
952 4687 968 4724 ιι
980 4663 1178 4727 credentium
1235 4661 1384 4739 instante,
1400 4659 1527 4740 quando
1548 4667 1580 4721 et
1599 4658 1677 4721 dixit
1690 4659 1783 4738 Patri,
1800 4658 1886 4742 Opus
1907 4678 1982 4723 con·
1995 4689 2134 4736 amm,

432 4794 449 4832 ι
465 4772 562 4833 Rex»
583 4767 764 4851 specialiter
784 4766 978 4842 nominatur,
998 4781 1076 4844 quas
1099 4761 1180 4844 regit
1235 4778 1391 4821 summavr
1382 4758 1491 4838 quud
1505 4756 1619 4819 dedisti
1635 4756 1713 4819 mihi
1728 4765 1763 4824 ut
1776 4755 2020 4839 facerem,in··

432 4889 489 4954 per
516 4867 678 4931 caritatem
706 4874 738 4927 et
765 4864 910 4946 gratiam,
936 4880 994 4943 per
1021 4860 1120 4923 fidem
1149 4867 1181 4922 et
1236 4856 1338 4919 stituit
1351 4862 1584 4918 sacramentum
1602 4855 1663 4918 hoc
1683 4874 1773 4918 novae
1791 4855 1883 4937 legis,
1899 4854 1983 4920 sicut

432 4966 648 5049 evangelicam
673 4964 788 5045 legem,
813 4981 870 5044 per
894 4960 1039 5042 praelatos
1067 4968 1099 5021 et
1126 4978 1182 5021 an-
1235 4953 1449 5036 subjungitur.

432 5068 520 5150 gelos
549 5073 685 5129 sanctos.
718 5062 804 5125 Unde
839 5060 922 5145 apud
955 5058 1070 5121 isaiam
1097 5058 1180 5121 Deus
1273 5058 1317 5117 In
1331 5072 1490 5131 suprema
1504 5061 1595 5112 nocte
1610 5054 1725 5122 Coenoe
1737 5050 1769 5113 id
1783 5049 1853 5114 est
1845 5068 1879 5113 m
1893 5066 1982 5114 exor-
2058 5068 2078 5125 3

298 5190 331 5234 n.
345 5202 379 5241 ιι,
390 5192 411 5233 ι.
432 5169 522 5230 Pater
537 5166 580 5229 ait
600 5166 640 5227 de
654 5161 802 5225 Christo.
818 5160 900 5221 Ecce
921 5164 1033 5221 testem
1052 5157 1180 5239 populis
1235 5153 1287 5217 dio
1301 5151 1404 5215 noctis
1418 5153 1508 5233 (puta
1528 5151 1569 5213 ad
1589 5148 1791 5232 vesperam)
1783 5169 1816 5210 m
1831 5167 1893 5230 qua
1906 5168 1981 5212 cum

433 5266 505 5331 dedi
534 5284 618 5344 eum,
644 5261 759 5323 ducem
787 5278 824 5321 ac
852 5264 1075 5340 preceptorem
1103 5275 1181 5337 gen·
1235 5251 1393 5335 Apostolis
1416 5250 1529 5313 ultimo
1552 5248 1701 5312 coenavit.
1718 5247 1834 5311 Unde'
1825 5267 1860 5309 m
1879 5247 1984 5309 Evan-

1996 3842 2054 3883 Aea
2056 3852 2099 3890 xm
2101 3842 2130 3883 if.
