4309 6259
281 516 321 561 ns
341 514 542 562 succursura
562 512 691 561 acrama
712 514 749 560 rr
768 513 866 560 mssa
885 511 1113 561 crassescere
1135 514 1293 563 ursaceus.
1316 532 1356 543 —
1377 515 1446 561 aar.
1469 514 1556 561 xrxu
1631 496 1692 559 433

155 687 328 764 creduntur,
351 704 458 750 nonne
476 684 760 751 contradictionem
781 685 892 748 viden·
904 683 931 747 d
945 703 1032 765 nem,
1048 685 1181 769 pastoris
1196 686 1297 769 iniqui
1313 705 1389 751 oves
1404 686 1437 749 in
1457 687 1595 750 locustas
1617 701 1692 748 con-

155 793 202 847 tur
220 784 404 847 includeret
944 802 1044 847 verse
1071 792 1155 847 sunt.
1182 784 1289 866 ltaque
1317 785 1422 847 omnis
1450 790 1692 863 creatura,1per

191 883 329 945 l'asrrns.
346 881 458 945 -Pro
471 882 616 946 omnium
630 882 745 945 borum
759 880 891 945 solutio-
944 881 1189 946 obedientialem
1211 882 1272 945 sibi
1293 882 1434 944 innatam
1449 880 1635 963 potentiam,
1651 880 1691 942 ad

154 1000 191 1043 ne
204 980 361 1062 perpende
375 981 460 1062 quod
474 980 706 1063 omnipotentia
727 980 891 1061 superglo-
943 988 1056 1041 nutum
1085 979 1193 1044 obedit
1221 979 1376 1045 Creatoris
1405 978 1550 1061 imperio.
1580 976 1691 1042 Nonne

151 1078 309 1142 riesissimi
343 1086 376 1141 et
409 1077 660 1161 superliberrimi
688 1077 743 1139 llei
772 1095 890 1159 nequa·
942 1077 1032 1159 juxta
1070 1077 1277 1159 Avicennam,
1319 1077 1508 1159 Algazelem,
1546 1084 1579 1139 et
1612 1076 1692 1139 alios

149 1194 237 1257 quam
250 1175 390 1239 adhunc
409 1194 514 1239 rerum
535 1175 692 1254 ordinem,
707 1194 835 1239 cursum
857 1184 890 1238 et
942 1174 1096 1257 quosdam
1111 1173 1331 1257 philosophos,
1348 1194 1386 1238 ex
1401 1174 1468 1238 sola
1483 1173 1691 1256 conceptione

147 1273 244 1356 legem
257 1283 396 1337 arctatur
412 1296 420 1336 ε
436 1274 522 1357 quod
537 1291 602 1336 non
623 1274 727 1337 solum
748 1273 888 1357 Scriptu-
943 1290 999 1334 seu
1023 1270 1278 1353 apprehensione
1303 1270 1521 1353 intelligentie
1549 1268 1693 1352 sequitur

148 1392 190 1452 ra,
202 1373 264 1436 imo
278 1380 311 1435 ct
324 1371 405 1435 ratio
420 1372 501 1435 bene
515 1372 670 1455 disposita
683 1379 885 1454 protestatur,
942 1367 976 1430 in
995 1365 1201 1430 inferioribus
1221 1366 1292 1429 istis
1310 1365 1458 1447 effectus,
1474 1368 1571 1430 etiam
1596 1385 1692 1449 supra

147 1470 285 1552 quamvis
312 1470 576 1553 pbilosophorum
604 1470 813 1551 quorumdam
840 1469 888 1533 fa·
941 1473 995 1529 aut
1029 1472 1143 1545 prretcr
1174 1472 1331 1543 naturam,
1361 1464 1437 1546 quia
1471 1463 1622 1528 inferiora
1651 1464 1691 1527 ab

148 1566 236 1629 tuitas
256 1565 351 1648 longe
373 1566 467 1629 aliter
493 1565 604 1628 sensit.
630 1565 669 1627 llt
690 1565 758 1647 ipse
780 1564 888 1629 Omni·
942 1562 1163 1645 intelligentiis
1188 1564 1349 1645 ponebant
1373 1564 1548 1645 productal
1570 1563 1691 1639 Quanto

148 1674 253 1747 potens
277 1683 336 1747 per
363 1663 610 1727 innumerabilia
637 1663 828 1727 miraculosa
855 1673 888 1727 et
941 1661 1044 1743 magis
1057 1680 1096 1723 ex
1111 1660 1365 1744 apprehensione
1380 1669 1411 1724 et
1424 1662 1567 1743 jussione
1583 1681 1692 1745 super-

148 1762 394 1845 supornaturalia
428 1762 513 1825 facta
547 1763 607 1826 boc
646 1763 883 1826 demonstravit.
941 1758 1123 1840 dignissimi
1138 1758 1294 1821 Creatoris
1309 1758 1367 1822 fiet
1381 1758 1535 1842 quidquid
1554 1760 1692 1825 voluerit

145 1862 213 1925 ldeo
231 1869 346 1943 preter
363 1861 522 1924 naturales
541 1868 573 1923 et
596 1860 706 1924 solitas
730 1868 888 1925 transmu·
904 1859 928 1921 B
943 1856 976 1918 in
992 1857 1086 1919 rebus
1102 1857 1233 1919 creatisl
1249 1856 1305 1919 Dic
1320 1858 1479 1938 quomodo
1494 1857 1527 1919 in
1543 1858 1692 1923 modicis-

146 1960 286 2038 tationes,
312 1960 380 2043 ipse
400 1967 504 2042 potest
528 1978 626 2021 unum
651 1958 828 2022 subsistens
854 1960 887 2022 in
942 1955 1023 2017 sima
1046 1962 1136 2037 parte
1161 1953 1292 2036 pupilla
1317 1954 1401 2017 oculi
1427 1954 1472 2017 tui
1496 1954 1692 2037 recipiantur

146 2058 225 2121 aliud
239 2058 415 2123 subsistens
434 2057 633 2120 instantanee
654 2058 888 2120 transsubstan·
942 2052 1065 2133 species
1086 2052 1228 2115 colorum
1251 2060 1315 2114 tam
1336 2051 1547 2131 diversorum,
1564 2052 1629 2116 imo
1650 2052 1692 2115 si-

146 2156 229 2235 tiarc,
243 2156 299 2239 qui
321 2155 390 2218 siue
410 2163 498 2218 motu
518 2164 550 2219 et
573 2155 762 2219 intermedia
786 2164 888 2219 muta-
942 2150 1140 2212 militudines
1165 2157 1229 2211 tam
1252 2149 1421 2231 grandium
1445 2169 1560 2228 rerum,
1579 2168 1692 2234 reprae-

145 2255 226 2319 tione
252 2254 382 2336 attingit
413 2253 579 2317 materiam
613 2254 750 2336 primam
777 2261 813 2317 ut
839 2262 888 2317 est
942 2255 1102 2312 sententes
1125 2267 1174 2311 res
1198 2248 1284 2329 ipsas
1304 2267 1377 2311 cum
1397 2247 1463 2310 suis
1483 2246 1608 2329 figuris,
1626 2268 1692 2311 ma-

146 2353 217 2433 qur'd
241 2353 274 2415 in
300 2372 358 2415 sua
380 2359 504 2415 natura.
527 2350 633 2415 Potest
655 2352 732 2414 item
755 2351 887 2415 efficere
941 2346 1164 2428 gnitudinibus
1176 2365 1212 2409 ac
1224 2345 1487 2427 dispositionibus
1499 2345 1692 2421 variisQua·

145 2451 223 2533 quod
238 2456 386 2515 unumst
405 2450 491 2515 idem
510 2450 551 2513 sit
568 2449 663 2513 simul
686 2451 719 2511 in
740 2449 886 2532 pluribus
942 2445 1014 2508 liter
1033 2452 1192 2508 tantarum
1211 2444 1344 2508 molium
1369 2452 1477 2527 totque
1501 2445 1691 2508 varietatum

145 2549 228 2629 locis,
243 2549 312 2611 sive
330 2564 389 2629 per
407 2547 707 2631 multiplicationem
728 2548 884 2629 ejusdem,
941 2562 979 2606 ac
993 2542 1235 2607 multitudinum
1257 2543 1412 2625 imagines
1432 2562 1469 2605 ac
1489 2552 1693 2625 repreasenta-

145 2646 207 2711 sive
227 2666 285 2735 per
308 2646 552 2711 conversionem
574 2653 630 2709 aut
653 2646 886 2709 transsubstan·
942 2642 1045 2705 tiones
1060 2641 1156 2704 simul
1171 2641 1271 2725 recipi
1286 2649 1407 2723 queunt
1428 2661 1465 2705 ac
1487 2640 1560 2705 ficri
1583 2641 1615 2703 in
1635 2661 1693 2724 pu·

145 2744 304 2809 tiationem
325 2744 465 2829 plurium
484 2744 518 2806 in
536 2763 636 2808 uuum
655 2751 687 2807 et
709 2744 805 2807 idem.
822 2743 886 2808 Nec
943 2740 1020 2823 pilla
1034 2749 1098 2803 tam
1114 2740 1255 2804 medical
1271 2740 1322 2803 Sic
1337 2748 1369 2803 ct
1383 2740 1416 2801 in
1432 2739 1546 2803 ceteris
1560 2740 1631 2821 quis
1647 2759 1692 2803 sa·

145 2844 265 2925 ignoras
278 2844 366 2926 quod
380 2862 481 2908 unum
501 2851 534 2907 et
554 2843 639 2906 idem
660 2863 717 2926 per
736 2844 886 2907 accidens
941 2838 982 2901 tis
996 2838 1130 2901 miretur
1149 2837 1407 2902 cohabitudinem
1423 2838 1637 2919 potentiarum
1659 2845 1692 2901 et

146 2942 233 3006 simul
253 2942 356 3025 possit
372 2942 537 3023 quiescere
555 2950 588 3005 et
610 2941 742 3005 moveri.
760 2942 887 3005 Dimen·
940 2936 1161 3018 objectoruml
1176 2936 1296 2998 Miraris
1312 2936 1397 3016 quod
1411 2953 1526 3018 corpus
1541 2944 1605 2998 tam
1625 2955 1691 2999 ma·
1812 2962 1816 2971 ·

145 3040 265 3103 sionum
301 3040 398 3105 etiam
430 3039 608 3123 penetratio
636 3058 701 3103 non
729 3040 883 3122 implicat,
904 3040 1039 3117 anum
1054 3034 1115 3097 sub
1129 3033 1297 3116 speciebus
1313 3042 1377 3095 tam
1392 3033 1526 3097 modicis
1547 3034 1691 3098 contine

144 3139 407 3219 quemadmodum
421 3137 565 3219 implicat
577 3137 809 3201 dimensionem
820 3157 884 3215 non
941 3140 1007 3211 tur;
1018 3141 1050 3195 et
1063 3132 1223 3215 quomodo
1238 3150 1352 3214 capere
1366 3140 1467 3212 potes,
1484 3133 1568 3213 quod
1584 3140 1690 3195 tamen

142 3235 254 3300 babere
267 3244 392 3320 partem
406 3243 494 3299 extra
508 3243 642 3317 partem,
658 3234 709 3297 vel
725 3235 758 3298 in
777 3236 885 3319 aliquo
940 3231 1022 3295 ratio
1035 3230 1134 3293 dictat
1148 3230 1195 3293 sic
1210 3248 1292 3309 esse,
1304 3230 1389 3310 quod
1405 3230 1512 3293 anima
1525 3230 1690 3293 rationalis

143 3331 317 3413 subjective
340 3350 411 3395 csse
434 3329 613 3394 albedinem
637 3338 669 3392 et
689 3338 795 3395 tamen
820 3351 885 3396 non
941 3328 1077 3412 simplex
1091 3336 1122 3391 et
1141 3328 1306 3391 inertensa
1319 3346 1377 3409 per
1390 3335 1492 3390 totum
1511 3345 1627 3409 corpus
1642 3346 1691 3391 ex·

142 3448 208 3493 esse
231 3430 352 3495 album.
369 3430 408 3493 llt
431 3428 583 3507 breviter,
602 3429 816 3512 omnipotens,
839 3431 887 3494 in·
941 3426 1093 3506 tenditur,
1109 3426 1174 3489 imo
1193 3434 1225 3489 et
1243 3424 1311 3507 ipse
1335 3425 1689 3507 supersimplicissimus

144 3526 447 3611 circumscriptibilis
459 3526 543 3590 Deus
557 3534 661 3609 potest
674 3527 707 3590 in
722 3527 886 3593 infinitum
940 3527 1034 3605 Deus,
1047 3526 1081 3589 in
1096 3545 1159 3609 quo
1175 3525 1263 3588 nulla
1277 3543 1407 3607 prorsus
1421 3525 1575 3603 extensio,
1589 3524 1689 3589 moles

143 3626 230 3709 plura
255 3634 289 3691 et
316 3624 439 3707 majora
465 3643 503 3687 ac
531 3624 728 3689 mirabiliora
753 3625 886 3691 efficere
941 3644 998 3688 seu
1021 3623 1183 3706 quantitas
1211 3629 1270 3702 est,
1295 3640 1354 3704 per
1381 3628 1481 3684 tolum
1510 3622 1690 3685 extenditur

144 3742 234 3805 quam
254 3722 358 3807 possit
376 3722 647 3804 comprehendere
664 3742 756 3786 mens
774 3724 887 3787 buma—
940 3722 1139 3800 universum,
1161 3721 1205 3783 ita
1227 3720 1311 3803 quod
1336 3719 1454 3801 ubique
1478 3718 1691 3782 essentialiter

143 3840 192 3899 ua,
207 3840 277 3905 quse
300 3838 362 3883 nec
385 3820 481 3883 etiam
504 3819 639 3883 minima
661 3839 768 3883 rerum
792 3821 886 3904 plene
941 3820 1211 3903 personaliterque
1236 3817 1405 3881 consistitl
1425 3816 1458 3881 Si
1482 3816 1689 3899 Omnipotens

142 3920 222 3983 valet
239 3936 445 4003 cognoscere.
461 3916 573 3981 Nonne
594 3917 720 3983 Creator
740 3920 886 3984 sublimis
940 3936 1005 3981 non
1026 3918 1124 3981 sciret
1147 3935 1207 3979 nec
1225 3923 1333 3999 posset
1351 3914 1414 3978 nisi
1434 3935 1533 3979 unum
1559 3916 1688 3979 modum

142 4024 172 4079 et
188 4016 379 4095 adorandus,
396 4015 451 4097 qui
470 4015 612 4097 quotidie
632 4024 678 4079 tot
695 4016 819 4079 animas
839 4038 887 4081 ra-
940 4016 1067 4079 locandi
1082 4033 1197 4097 corpus
1212 4014 1245 4076 in
1260 4014 1342 4093 loco,
1358 4013 1508 4077 videlicet
1527 4031 1689 4077 commen-

143 4114 271 4179 tionales
292 4114 372 4178 facit
389 4132 427 4176 ex
445 4112 559 4194 nihilo,
577 4121 681 4196 potest
699 4133 798 4177 unum
818 4134 887 4179 cor-
940 4114 1080 4177 surative
1102 4121 1134 4176 et
1152 4132 1208 4195 per
1233 4112 1394 4195 propriam
1420 4112 1521 4195 ipsius
1544 4112 1687 4194 corporis

143 4231 199 4295 pus
212 4212 369 4278 facillime
384 4211 418 4274 in
432 4211 519 4274 aliud
533 4214 677 4275 verteret
691 4211 739 4273 dn
758 4212 886 4294 ignoras
900 4216 925 4279 b
940 4212 1160 4295 quantitatem,
1176 4219 1261 4275 recte
1284 4209 1451 4292 objiceres
1473 4210 1525 4274 Sic
1548 4219 1580 4274 et
1604 4210 1687 4275 acci-

143 4328 234 4393 quam
247 4311 331 4375 mira
344 4309 471 4373 assidue
484 4309 581 4373 etiam
591 4309 777 4373 naturaliter
787 4310 884 4374 fiantl
940 4310 1049 4374 dentia
1067 4309 1137 4373 sine
1157 4309 1301 4391 subjecto
1326 4327 1408 4388 csse,
1424 4308 1632 4374 admiratione
1655 4318 1687 4374 et

142 4410 299 4490 quomodo
327 4408 361 4472 in
387 4408 473 4471 unda
500 4408 636 4489 quadam
661 4407 784 4489 lignum
813 4427 886 4473 mox
941 4408 1173 4492 supernaturali
1204 4406 1388 4471 causalitate
1421 4425 1485 4470 non
1518 4416 1626 4486 caret;
1656 4416 1687 4473 et

143 4507 174 4571 in
200 4526 312 4573 suum
339 4506 495 4572 vertiturl
519 4506 607 4581 Quod
635 4506 663 4569 si
690 4506 886 4589 Scripturam
940 4526 1047 4571 nonne
1068 4507 1195 4570 Creator
1217 4504 1421 4587 omnipotens
1445 4512 1549 4587 potest
1572 4524 1630 4589 pcr
1652 4524 1686 4569 se

45 4604 579 4687 s..a1,audieris,nonneuxor1nt
598 4604 632 4667 in
653 4612 789 4668 statuam
810 4607 886 4669 salis
940 4605 1124 4668 immediate
1152 4602 1289 4667 influere
1317 4602 1474 4666 accidenti
1503 4602 1570 4666 vim
1598 4603 1686 4667 illam

45 4706 285 4803 {mprotinus
298 4714 348 4769 est
368 4723 533 4784 conversa,
548 4711 580 4767 et
600 4704 691 4786 virga
714 4704 827 4787 ldoysis
852 4707 886 4769 in
941 4704 1132 4782 fulcitivam,
1159 4721 1222 4784 qua
1249 4700 1400 4765 accidens
1428 4700 1470 4763 sit
1496 4710 1529 4764 ct
1556 4701 1589 4763 in
1617 4720 1687 4764 csse

47 4810 66 4851 l
144 4813 331 4885 serpentem,
348 4822 385 4867 ac
404 4821 535 4884 serpeus
559 4802 593 4864 in
617 4802 762 4885 virgaml
778 4804 830 4867 Sic
855 4812 887 4867 et
942 4809 1126 4885 permaneat
1140 4799 1422 4884 supernaturaliter
1436 4798 1551 4863 virtute
1565 4799 1684 4879 divina,

144 4899 173 4963 S.
188 4901 325 4966 loannes
339 4901 501 4983 apostolus
514 4900 663 4984 precibus
677 4900 745 4963 suis
762 4921 799 4965 ac
821 4921 887 4966 me-
941 4920 1036 4983 quam
1060 4899 1247 4964 naturaliter
1274 4897 1383 4961 influit
1411 4898 1441 4961 ei
1469 4916 1526 4980 per
1550 4907 1688 4961 cresum

142 4998 209 5061 ritis
221 5000 330 5081 virgas
348 5008 380 5063 el
398 4998 521 5081 lapides
539 4999 574 5061 in
594 5000 752 5082 optimum
773 5020 886 5063 aurum
941 4998 1171 5063 substantiaml
1187 4997 1328 5079 Denique
1347 4996 1509 5061 cernimus
1528 4996 1612 5077 quod
1634 5016 1689 5078 pa-

143 5098 308 5178 convertit,
336 5098 420 5180 quod
453 5116 574 5177 rursus,
603 5098 674 5181 ipso
701 5106 823 5178 orante,
852 5098 886 5160 in
942 5116 1010 5177 nes,
1036 5097 1141 5179 pisces
1165 5095 1401 5176 bestiarumque
1426 5112 1537 5157 carnes
1562 5094 1595 5155 in
1621 5111 1689 5156 car-

143 5194 290 5277 pristiuas
312 5196 405 5260 rediit
425 5196 550 5279 species
570 5204 602 5258 et
623 5204 764 5259 naturas.
780 5196 826 5260 lta
846 5197 886 5259 ad
941 5213 1016 5258 nem
1030 5195 1170 5259 bominis
1185 5199 1415 5259 convertuntur
1435 5191 1575 5273 quotidie
1589 5190 1688 5253 virtu-

144 5290 174 5355 S.
200 5293 344 5359 Barbare
375 5294 511 5377 virginis
542 5294 661 5375 justam
689 5294 887 5359 maledictio-
942 5302 973 5356 tc
998 5292 1113 5356 caloris
1138 5292 1300 5372 naturalis,
1324 5298 1417 5375 prout
1441 5289 1688 5353 instrumentum

262 5428 296 5479 T.
315 5430 353 5479 35.
1532 5424 1564 5477 28
