4309 6259
476 512 516 559 ΒΕ
536 512 684 559 PASSIONB
705 509 815 559 uolut}
835 510 1023 559 SALVATORIS
1044 510 1204 559 blatottus
1227 529 1267 541 -
1288 512 1359 557 aar.
1380 510 1401 555 V

1648 486 1708 553 ato

168 679 298 744 lebiliter
314 689 364 743 est
382 680 545 764 inscripta,
560 682 631 746 ideo
652 682 907 745 consolatiuncu·
921 683 946 743 Α
962 682 1085 763 busque
1101 682 1236 746 turbaris
1250 704 1258 759 3
1274 700 1345 763 qnae
1361 681 1386 745 si
1401 682 1434 744 in
1449 679 1617 745 virtutibus
1638 676 1710 740 soli-

167 778 210 841 las
230 778 307 842 viles
328 780 562 862 amplectimur.

202 877 277 951 Quid
292 877 371 959 agis,
387 896 408 941 o
422 879 537 942 misem
551 878 674 941 animal
687 878 750 941 Gur
764 896 906 959 unquam

165 976 278 1039 recedit
300 995 321 1039 a
346 984 402 1039 tua
426 976 589 1054 memoria,
614 976 699 1057 qnod
723 976 907 1059 Unigenitus

164 1075 226 1152 liei,
243 1074 322 1137 Patri
336 1083 456 1138 aterno
470 1094 544 1139 vere
558 1074 698 1158 equalis,
715 1082 759 1137 tot
774 1084 805 1137 et
820 1082 907 1137 unta

165 1190 220 1254 pro
234 1180 263 1234 te
277 1172 459 1254 assumpsit,
475 1171 552 1234 lecit
567 1192 603 1235 ac
619 1191 731 1253 passus
746 1175 810 1235 estt
826 1172 907 1233 Ecce

164 1270 191 1332 is
209 1270 301 1351 cujus
325 1270 476 1352 majestas
494 1290 531 1333 ac
551 1270 688 1351 dignitas
711 1269 836 1333 infinita
859 1280 907 1333 est

166 1368 299 1449 penitus,
316 1377 490 1451 propterte
505 1367 671 1431 lactusest
689 1388 772 1431 unns
794 1376 908 1431 morta-

164 1466 259 1543 lium,
277 1484 393 1549 corpus
408 1466 568 1548 passibile,
585 1466 807 1529 communibus
821 1466 909 1528 dele

165 1564 380 1627 ctibilitatibus
408 1565 580 1641 subditum,
601 1564 733 1628 induere
761 1584 825 1629 non
855 1565 909 1627 de-

165 1662 285 1744 spexit;
322 1663 404 1725 intra
438 1664 534 1725 unius
569 1662 682 1744 puellae
718 1664 840 1727 viscera
874 1682 908 1724 se

163 1759 318 1823 conclusit
331 1785 339 1837 3
356 1761 509 1839 mulieris,
526 1762 672 1843 quamvis
687 1762 905 1841 sanctissimae,

962 782 1035 843 data
1056 800 1143 843 esses
1159 789 1190 843 et
1205 780 1415 859 constabilita,
1431 798 1496 845 non
1518 786 1548 841 te
1570 776 1711 839 turbaret

963 877 1111 957 formido,
1138 878 1267 941 lenutio
1292 886 1346 941 aut
1375 878 1478 960 passio
1508 875 1623 953 subita,
1650 892 1709 935 nee

963 977 1159 1059 egredereris
1187 977 1301 1042 ostium
1331 978 1394 1041 oris
1423 978 1479 1055 tui,
1510 974 1711 1057 impatienter

963 1076 1204 1158 culpabiliterve
1230 1076 1399 1157 loquendo.
1421 1076 1522 1151 Disce,
1545 1072 1655 1135 infelix
1679 1077 1711 1133 et
1726 1093 1855 1146 saumana.

964 1174 1090 1251 misera,
1112 1175 1197 1237 disee
1219 1175 1273 1237 ubi
1295 1175 1335 1236 sit
1357 1173 1521 1256 sapientia,
1538 1171 1591 1235 ubi
1612 1170 1710 1231 virtus
1726 1161 1759 1202 ¹⁴·

964 1281 996 1336 et
1009 1272 1199 1350 intellectus,
1217 1280 1251 1335 ut
1266 1272 1346 1335 scias
1362 1271 1416 1334 ubi
1432 1272 1472 1334 sit
1490 1266 1710 1351 longiturnitas

965 1370 1046 1449 vitae,
1068 1371 1121 1434 ubi
1146 1371 1186 1433 sit
1211 1370 1318 1434 lumen
1342 1372 1507 1434 oculorum
1532 1376 1564 1432 et
1587 1386 1657 1449 pax,
1679 1372 1712 1427 et

965 1468 1070 1531 dicere
1095 1469 1196 1551 possis
1223 1492 1229 1530 :
1254 1468 1354 1543 Quum
1380 1470 1491 1531 sedero
1515 1467 1548 1527 in
1573 1462 1711 1527 tenebris
1725 1480 1859 1533 nerana.

965 1566 1176 1643 adversitatis,
1194 1566 1224 1627 in
1242 1566 1366 1629 camino
1388 1562 1591 1648 probationis,
1609 1560 1712 1625 Domi-

965 1684 1026 1727 nus
1050 1666 1104 1727 lux
1133 1684 1203 1727 mea
1233 1672 1302 1740 est3
1327 1674 1358 1727 et
1387 1664 1499 1727 iterum
1528 1686 1535 1724 ε
1561 1659 1857 1725 uominuses-unu·

965 1763 1154 1825 illuminatio
1170 1781 1240 1825 mea
1255 1770 1288 1825 et
1302 1763 1387 1825 salus
1409 1780 1491 1840 mea,
1506 1778 1601 1841 quem
1624 1758 1713 1820 time-

162 1858 247 1921 blius
262 1879 334 1922 csse
348 1868 380 1923 et
394 1860 500 1923 vocari
524 1878 588 1923 non
610 1860 800 1937 borrui13in
821 1860 907 1923 omni
927 1857 1026 1926 Bbol
1054 1861 1209 1936 Quamdiu
1238 1880 1272 1923 es
1301 1860 1418 1942 aliquid
1446 1860 1479 1921 in
1508 1857 1608 1923 oeulis
1638 1855 1710 1934 tuis,

161 1958 349 2036 bumilitate,
376 1966 572 2040 paupertate,
597 1958 750 2041 patientia
775 1959 852 2021 vixit
877 1959 908 2019 in

161 2057 275 2119 seculo
299 2056 373 2135 isto,
406 2064 438 2118 et
462 2057 601 2132 tandem,
628 2065 692 2119 tam
716 2056 910 2119 horrendum

161 2174 195 2216 ac
210 2155 410 2229 diuturnum,
428 2162 492 2216 tam
506 2162 645 2217 extreme
661 2154 909 2235 ignominiosum

161 2272 196 2316 ac
220 2252 475 2334 poenalissimum
501 2252 610 2315 mortis
635 2252 839 2334 supplicium,
866 2260 911 2315 tot

162 2350 311 2429 convitia,
330 2350 553 2431 blasphemias,
569 2358 673 2431 sputa,
684 2350 828 2432 injurias,
841 2350 912 2413 illu-

163 2449 278 2525 siones,
304 2446 487 2529 opprobria,
514 2465 571 2529 pro
599 2455 653 2509 tna
682 2446 910 2530 redemptione,

163 2546 227 2607 rita
247 2554 280 2607 et
299 2544 414 2621 salute,
431 2564 468 2607 ex
487 2545 709 2607 ardentissima
731 2545 861 2608 caritate
881 2552 912 2607 et

164 2642 446 2705 vehementissima
462 2642 664 2706 miseratione
679 2642 743 2723 pati
765 2643 912 2723 dignatus

164 2750 210 2805 est
238 2765 246 2803 :
273 2749 307 2804 et
332 2749 378 2819 tn,
403 2740 638 2822 improbissima
662 2749 694 2803 et
720 2740 913 2823 insipientis-

163 2840 241 2901 sima
271 2838 438 2901 rationalis
467 2838 547 2918 (imo
576 2838 681 2920 potins
709 2837 912 2918 irrationalis)

163 2938 280 3017 anima,
297 2936 483 2999 dissimulas
503 2936 580 3013 ista3
597 2936 685 2998 carni
712 2944 742 2999 te
767 2936 910 3018 subjicis,

965 1960 1116 2042 quamdiu
1141 1959 1173 2021 in
1202 1958 1303 2023 oculis
1332 1958 1477 2037 aliomm,
1503 1956 1535 2018 in
1565 1954 1713 2019 cordibus

965 2057 1179 2139 proximorum
1195 2055 1355 2134 minorari,
1372 2054 1523 2137 vilipendi
1542 2060 1573 2115 et
1592 2050 1712 2133 despici

966 2154 1096 2237 relngis,
1114 2174 1177 2218 non
1198 2162 1287 2236 potes
1307 2152 1471 2215 sinceriter
1494 2151 1615 2214 Christo
1640 2168 1714 2213 eon·
1742 2169 1819 2213 aaut.
1838 2181 1862 2220 n.

965 2253 1022 2335 ligi
1038 2252 1137 2331 cruci,
1151 2272 1209 2315 nec
1225 2252 1296 2334 ejus
1312 2250 1444 2332 vestigia
1459 2249 1558 2331 sequi,
1571 2247 1714 2311 exeundo
1729 2236 1817 2340 ἥξω,
1832 2308 1856 2348 Η.

966 2371 1040 2414 cum
1054 2370 1093 2415 eo
1114 2358 1236 2431 portam
1258 2348 1393 2413 civitatis
1417 2347 1601 2426 ramalium,
1618 2363 1714 2426 quam
1729 2360 1769 2411 ar;
1786 2357 1856 2403 naar.

967 2468 1030 2513 non
1052 2449 1230 2529 ingreditur
1251 2448 1413 2511 Dominus.
1729 2434 1773 2473 ¹¹¹¹·
1785 2422 1818 2473 ¹²·
1828 2424 1860 2465 ¹⁸·

1007 2546 1044 2609 Et
1060 2566 1146 2609 nunc
1162 2545 1237 2626 quid
1253 2544 1408 2608 morarisl
1423 2542 1592 2625 Ingredere
1608 2542 1717 2605 civita-

967 2653 1031 2708 tem
1048 2644 1170 2707 Domini
1186 2643 1334 2722 Sabaoth,
1351 2642 1384 2705 in
1400 2661 1463 2723 qua
1478 2660 1554 2704 vera
1574 2648 1606 2704 et
1627 2640 1717 2722 spiri-

968 2742 1060 2805 tualis
1076 2749 1125 2803 est
1140 2740 1257 2804 civium
1279 2739 1404 2816 unitas,
1422 2738 1580 2802 consortio
1601 2738 1717 2801 electo

968 2860 1038 2903 rum
1074 2840 1280 2920 conjungere,
1311 2838 1394 2901 viam
1430 2838 1549 2919 regiam
1584 2836 1717 2919 pedibus

968 2939 1154 3001 Sanctorum
1180 2937 1285 2999 tritam
1316 2936 1449 3014 incede;
1476 2934 1671 2998 contundere
1699 2952 1717 2995 a

38 3054 148 3105 sanates.
162 3035 398 3099 oblectamenta
437 3053 589 3096 sensuum
630 3035 757 3115 quaeris,
797 3054 912 3117 corpus
929 3037 951 3099 C
968 3037 1131 3099 uoluntate
1146 3045 1210 3112 tua,
1227 3051 1322 3115 quam
1346 3034 1437 3097 toties
1456 3032 1552 3115 impie
1572 3052 1606 3095 es
1626 3050 1717 3095 seeu-

163 3142 249 3196 tunm
280 3152 358 3197 cum
385 3132 471 3195 vitiis
494 3140 527 3193 et
549 3132 819 3214 concupiscentiis
848 3151 912 3195 non

162 3232 350 3313 cmcibgis3
379 3249 398 3292 a
430 3230 575 3293 timorata
604 3238 636 3292 et
664 3239 774 3293 sancta
808 3230 912 3293 cordis

162 3330 306 3393 custodia
327 3328 412 3391 facili
432 3327 600 3391 occasione
622 3328 802 3409 retraheris,
819 3348 838 3391 a
853 3328 912 3390 lin-

161 3448 228 3509 guae
242 3427 347 3503 vitiis,
364 3426 516 3488 aventrls
537 3425 691 3506 ingluvie,
711 3426 751 3488 ab
773 3426 912 3507 ingurgi-

163 3526 280 3589 tatione
301 3522 468 3606 superilua
487 3542 552 3586 non
571 3532 602 3585 te
625 3523 776 3586 refrenas.
793 3524 832 3585 Et
855 3543 912 3585 cur

162 3624 231 3701 boc,
248 3624 312 3685 nisi
338 3623 414 3703 quia
429 3642 448 3685 a
462 3622 577 3684 mentis
599 3622 714 3703 rigore,
731 3642 749 3685 a
771 3622 910 3684 caritatis

162 3722 286 3785 fervore
316 3720 497 3797 resolveris,
529 3739 588 3783 nec
619 3720 701 3783 viam
730 3739 824 3800 qnam
854 3720 909 3783 tibi

161 3820 241 3883 Deus
255 3821 444 3883 incarnatus
464 3816 614 3895 ostendit,
631 3818 748 3881 intueri
762 3836 799 3880 ao
815 3817 912 3899 prost-

162 3918 237 3980 cisci
260 3916 401 3981 sollicita
421 3919 477 3978 est

39 4030 148 4085 racana.
198 4018 265 4079 lleu
280 4025 287 4078 t
305 4015 468 4098 quomodo
482 4015 679 4096 depredatus
693 4025 742 4079 est
761 4016 911 4079 inimicus

44 4128 76 4171 aa
85 4145 119 4181 ιιι
130 4138 147 4177 r.
161 4116 299 4178 animam
326 4132 442 4192 meam,
459 4114 607 4195 spoliavit
629 4133 681 4176 me
703 4114 803 4195 gloria
827 4134 908 4191 mea,

967 3144 1019 3212 ta3
1040 3133 1231 3210 obeditione,
1256 3132 1452 3211 subjectione
1476 3130 1716 3212 abjectioneqne

967 3234 1069 3315 gaude
1094 3255 1101 3293 ι
1125 3240 1156 3293 et
1181 3231 1267 3293 dabit
1292 3230 1347 3293 tibi
1372 3230 1522 3293 Dominus
1547 3246 1604 3311 pro
1629 3228 1716 3290 silice

967 3340 1028 3393 tuae
1044 3329 1167 3392 duritiae
1189 3335 1361 3391 torrentem
1381 3327 1552 3410 voluptatis
1571 3326 1713 3389 internae.

966 3428 1156 3493 Convertere
1178 3426 1217 3489 ad
1243 3426 1410 3489 Dominum
1436 3426 1533 3487 lleum
1559 3434 1658 3501 tuum,
1675 3424 1714 3486 ad
1728 3440 1860 3495 noctram.

967 3528 1072 3589 lesum
1089 3524 1203 3587 Filium
1219 3524 1285 3601 Dei,
1302 3524 1341 3585 ad
1358 3542 1497 3599 crucem,
1514 3522 1712 3602 sanguinem,
1728 3507 1762 3547 ²¹·

966 3624 1099 3687 vulnera
1115 3623 1196 3703 ejus,
1206 3641 1245 3684 ne
1260 3620 1397 3702 amplius
1414 3639 1543 3683 corruas
1558 3620 1589 3681 in
1605 3620 1715 3701 iniqui-

965 3722 1094 3799 tatibus,
1110 3720 1359 3799 inadvertentiis,
1376 3717 1588 3801 negligentiis,
1605 3737 1715 3780 cama-

966 3819 1117 3897 litatibus,
1140 3817 1400 3881 dissolutionibus
1425 3826 1457 3879 et
1480 3816 1714 3898 ingratitudini-

966 3917 1025 3980 bus
1048 3918 1124 3979 tuis.
1141 3916 1308 3997 ingredere
1332 3916 1364 3977 in
1389 3924 1522 3997 petram,
1540 3915 1573 3977 in
1598 3915 1713 3977 vulnus
1728 3934 1760 3978 u.
1775 3946 1798 3985 ιι,
1813 3935 1845 3977 ιο.

966 4016 1103 4100 pectoris
1127 4014 1253 4091 Christi,
1271 4014 1466 4077 abscondere
1492 4015 1525 4078 in
1551 4014 1637 4077 lossa
1656 4014 1714 4076 hu-

967 4134 1032 4193 mo,
1048 4115 1081 4177 in
1106 4114 1357 4177 consideratione
1382 4114 1549 4177 vulnerum
1574 4112 1714 4196 corporis

43 4226 148 4283 raum.
161 4222 192 4275 et
213 4214 325 4276 lumen
346 4212 511 4275 oculorum
532 4231 674 4275 meorum
694 4221 825 4275 nonest
846 4214 1015 4281 mensal
1038 4231 1095 4295 pro
1121 4221 1150 4275 te
1176 4212 1314 4293 undique
1340 4212 1525 4275 vulneribus
1551 4211 1712 4293 perforati.

40 4291 111 4399 lgm„
122 4373 148 4406 m·
162 4315 253 4374 euml
268 4310 353 4386 Quid
367 4318 426 4385 est,
442 4327 461 4372 o
476 4310 593 4388 anima,
610 4310 692 4390 qnod
708 4310 911 4391 coinquinata

42 4421 68 4458 ¹¹-
161 4430 194 4472 es
213 4429 289 4473 cnm
311 4408 457 4483 mortuis,
475 4408 629 4470 collocata
652 4428 686 4470 es
711 4407 742 4470 in
768 4409 911 4471 obscuris

41 4478 149 4599 22⁰¹}
162 4508 242 4571 sicut
257 4506 378 4571 mortui
395 4505 513 4582 saeculi,
528 4514 559 4567 et
574 4507 711 4569 enutrita
727 4506 760 4567 in
776 4508 909 4584 croceis,

41 4608 58 4645 ³·
162 4605 354 4687 amplexaris
387 4622 473 4665 nunc
509 4608 668 4666 stercorat
698 4604 808 4667 Nonne
840 4606 911 4667 ideo

40 4702 234 4808 ffffllraquia
257 4701 459 4783 dereliquisti
484 4702 605 4763 iontem
630 4701 811 4783 sapientiaet
833 4702 911 4765 Nam

51 4776 105 4817 ”¹²
164 4802 188 4863 si
208 4804 240 4863 m
261 4800 379 4864 cassu
400 4799 512 4861 itinere
531 4799 738 4880 ambulasses,
755 4802 912 4864 nanterus

164 4901 271 4982 utique
297 4900 333 4961 in
357 4916 436 4979 pace
461 4897 599 4978 pectoris
622 4897 654 4958 in
677 4898 736 4961 boc
761 4899 841 4962 loro.
863 4900 914 4961 Et-

50 5002 151 5077 {aaut
164 5000 247 5061 enim
269 5017 333 5079 par
353 4996 452 5057 multa
475 4995 679 5076 diligentibus
704 4996 806 5077 legem
830 4999 911 5080 ejus

39 5068 150 5179 ¹23&st
165 5097 223 5159 Sed
238 5105 272 5160 et
288 5096 348 5158 viae
363 5094 435 5176 ejus
451 5093 603 5175 pulchrae,
619 5103 651 5157 et
666 5113 776 5157 omnes
796 5096 914 5159 semitm

165 5195 234 5275 ejus
250 5194 409 5277 pacificas.
419 5192 509 5255 Nunc
525 5200 630 5255 autam
646 5192 830 5256 inordinatis
845 5214 915 5275 pas-

166 5294 291 5357 sionum
316 5291 456 5357 motibus
474 5290 613 5373 agitaris,
634 5291 718 5354 vitiis
738 5294 915 5358 tenmioni-

967 4314 1014 4375 db
1035 4310 1122 4375 omni
1140 4308 1287 4386 vanitate,
1305 4311 1532 4391 inquietudine,
1551 4311 1715 4392 impatien-

967 4412 1010 4474 tia
1024 4417 1054 4473 te
1073 4408 1207 4488 custodi,
1224 4417 1257 4471 ut
1276 4428 1313 4470 ex
1333 4409 1488 4471 sententia
1506 4408 1594 4470 dicas
1611 4432 1618 4469 :
1636 4408 1714 4470 Vivo
1740 4432 1818 4477 catat.
1837 4446 1860 4483 ιι.

966 4510 1032 4592 J'am
1053 4524 1118 4569 non
1142 4524 1212 4586 ego,
1230 4505 1306 4568 vivit
1331 4506 1460 4568 veroin
1485 4524 1535 4567 me
1560 4506 1711 4569 Christus
1727 4497 1761 4538 ²⁰·

967 4609 1074 4683 Porro,
1092 4604 1116 4666 si
1134 4622 1206 4667 vere
1229 4613 1258 4666 te
1280 4603 1358 4665 diois
1378 4604 1410 4665 in
1430 4604 1552 4665 Christo
1573 4623 1710 4681 manere,
1727 4626 1827 4672 trama.
1836 4641 1859 4679 1„

967 4706 1064 4769 debes
1093 4703 1193 4765 instar
1220 4702 1305 4765 illius
1334 4701 1507 4783 ambulare,
1538 4694 1860 4809 obediendossmm

968 4822 1068 4885 usque
1093 4803 1132 4863 ad
1157 4810 1302 4879 mortem,
1319 4810 1413 4883 atque
1437 4802 1469 4861 in
1495 4801 1659 4863 sanctitate
1683 4808 1714 4864 et
1727 4818 1748 4859 a.

967 4901 1099 4983 justitia,
1115 4900 1183 4981 jugi
1199 4900 1340 4963 custodia
1355 4899 1597 4981 incessabilique
1612 4899 1715 4981 prole-

969 5008 1035 5077 etn,
1060 5018 1133 5061 cum
1160 4998 1347 5061 indesinenti
1373 5007 1403 5060 et
1427 4997 1623 5079 praecordiali
1652 5016 1715 5059 suae

969 5097 1162 5179 dignissimae
1192 5096 1346 5179 passionis
1374 5096 1526 5159 memoria
1550 5094 1715 5157 serviendo

970 5197 999 5259 ci
1021 5215 1121 5276 usquc
1143 5196 1174 5258 in
1198 5195 1306 5257 linem.

1013 5294 1148 5373 decede,
1173 5312 1192 5357 o
1217 5293 1323 5357 anima
1347 5312 1427 5372 ntea,
1449 5292 1488 5355 ad
1513 5290 1714 5355 crucifixum.
