4309 6259
798 493 892 541 ntbax
913 492 1103 542 Autumnus

209 661 350 718 4646.-
362 661 418 719 Ρ64
430 661 610 719 desiderium
624 662 844 735 quodammodo
857 678 924 734 ape-

209 751 337 808 4446466
355 751 571 824 suscipiendam
591 750 814 813 Eucharistiam,
829 752 923 815 4444,

208 840 312 903 4363’,
327 844 357 896 64
378 856 430 912 464
452 856 518 897 6664
541 842 662 895 6646464
682 844 711 896 64
733 839 922 901 confortatur,

208 929 300 985 4440.
316 960 351 971 -
365 928 513 985 466646644
528 927 636 985 6464464
647 929 726 1001 44666
740 928 844 984 4644646
860 926 923 984 664-

209 1021 268 1081 464,
283 1018 385 1080 3924’,
401 1020 429 1073 64
450 1016 592 1073 66446644
611 1016 691 1074 66464
714 1018 846 1073 44646666
866 1017 925 1072 4446

209 1107 312 1179 gratiae
324 1108 433 1178 absque
453 1106 505 1162 tali
529 1106 586 1162 cibi
610 1106 817 1175 convenientis,
833 1106 863 1161 id
882 1109 925 1162 est

208 1194 401 1261 Sacramenti‚
423 1193 633 1259 incordatione,
657 1196 751 1250 39244.
778 1226 810 1236 -
839 1192 923 1250 66464

208 1286 371 1356 quamdam
403 1283 631 1340 teneritudinem
664 1282 776 1340 confert
801 1282 924 1347 devotio,

207 1376 299 1439 4063,
314 1376 404 1439 4366,
421 1374 551 1430 64644466
564 1374 748 1440 mulieribus,
763 1375 817 1430 436
825 1375 855 1429 ll.

169 1465 308 1521 60449448
318 1467 524 1538 quodcumque
534 1463 857 1535 activumapplieatum
868 1462 923 1519 sibi

207 1571 261 1625 pro
285 1571 368 1627 posse
391 1553 543 1617 assimilat,
555 1556 582 1609 64
604 1554 634 1609 in
658 1553 754 1626 ipsum
774 1552 923 1625 propriam

206 1644 346 1700 virtutem
367 1641 556 1708 transfundit,
571 1642 665 1708 6060,
681 1643 760 1699 6666
781 1641 813 1697 64
834 1644 866 1698 64
888 1657 923 1697 64

208 1736 312 1789 466466
333 1748 488 1804 corporum
511 1733 648 1787 contactu
667 1729 925 1787 communicentur

207 1839 311 1879 eorum
327 1821 490 1894 qualitates,
505 1822 599 1882 6063,
615 1823 647 1876 64
662 1820 783 1891 46446446
799 1820 842 1876 464
857 1836 924 1875 san·

207 1913 411 1974 clinatione,
434 1910 623 1983 laqueariis
645 1910 794 1966 interdum
819 1925 854 1965 ex
878 1925 925 1964 46·

180 2000 329 2057 ,46646446
361 2000 484 2064 466646,
513 2000 626 2055 646666
653 2001 822 2071 tangentem
856 2013 925 2052 con·

205 2092 302 2162 tingat
329 2088 485 2161 4644646644,
509 2091 539 2144 64
565 2088 721 2144 4444466666
744 2090 924 2143 6664466466·

205 2186 267 2237 4664
291 2178 419 2251 purgari,
443 2177 530 2233 6066.
556 2208 588 2218 -
613 2177 723 2248 664466
746 2176 923 2241 4464666646,

204 2271 276 2343 44646
288 2270 326 2325 644
341 2269 450 2323 bonum
470 2266 579 2324 4464466
600 2265 769 2322 ordinatum
789 2269 924 2338 estquis

202 2364 248 2417 664
263 2359 328 2431 ejus
347 2356 413 2412 6646
432 2359 461 2413 64
479 2354 626 2427 perfectio,
641 2356 731 2416 4303,
748 2355 841 2411 666446
861 2354 924 2410 ani·

203 2466 263 2505 466
281 2447 511 2502 instrumentum
526 2444 582 2502 fuit
600 2444 630 2499 in
653 2446 746 2501 466444
766 2448 795 2501 64
817 2444 872 2501 6444
892 2443 923 2500 46

201 2535 308 2599 366444,
332 2535 435 2597 24644,
455 2538 484 2590 64
504 2534 669 2590 etiamnum
692 2533 723 2589 in
747 2534 850 2590 multis
876 2535 923 2591 de·

202 2625 292 2683 664444
305 2624 422 2685 664646,
439 2622 540 2688 4304;
556 2624 607 2678 466
627 2622 724 2693 464466
742 2638 842 2679 carcer
856 2621 920 2695 ejns

202 2716 359 2777 diceretur,
377 2713 467 2775 4304,
483 2711 553 2783 44646
566 2710 596 2767 46
611 2711 713 2767 4664446
726 2726 792 2767 6646
811 2727 918 2784 644446-

201 2807 253 2861 464
270 2806 299 2860 64
319 2800 467 2873 deprimit,
484 2801 577 2865 4304,
593 2801 675 2856 4944
695 2817 702 2856 4
719 2800 821 2855 4664446
841 2798 921 2856 66464

204 2890 428 2950 infirmitatibus
459 2889 620 2945 6446644646
654 2891 705 2954 664,
733 2888 811 2954 346,
839 2889 921 2953 366,

205 2986 310 3040 contra
327 2996 401 3053 quas
422 2978 496 3035 illud
520 2977 630 3034 muniri
654 2980 776 3050 oportet,
790 2978 880 3041 4433,
894 2980 924 3033 64

205 3071 321 3129 4666466
340 3069 443 3126 6644664
463 3067 668 3139 castigandum
688 3071 742 3132 664,
758 3067 840 3123 366.
857 3068 923 3123 Post

205 3158 447 3236 glorificationem
476 3156 505 3211 in
534 3156 606 3214 coelo
634 3172 772 3229 64644466
800 3155 922 3211 colloca·

205 3252 296 3315 bitur,
313 3248 398 3303 4046.
414 3278 450 3288 -
464 3247 574 3318 664466
587 3246 695 3303 Christi
713 3263 747 3303 64
763 3245 921 3318 purissimo

204 3337 349 3411 sanguine
363 3337 394 3391 B.
410 3334 539 3408 Virginis
558 3334 589 3390 in
608 3334 729 3391 instanti
749 3333 919 3399 formatum,

201 3430 273 3491 286,
295 3427 367 3488 643,
391 3424 488 3480 444646
514 3427 543 3480 64
570 3421 722 3496 proprium
750 3422 808 3480 fuit
832 3422 919 3479 Verbi

201 3518 444 3577 instrumentum,
468 3515 544 3577 644,
573 3512 783 3584 46446644464466
810 3511 919 3568 animae

201 3608 377 3681 subjectum,
406 3604 498 3669 344)’;
530 3602 620 3658 miras
652 3601 754 3659 habuit
785 3603 918 3666 virtutes,

201 3696 304 3758 506b',
320 3710 386 3767 4466
408 3692 496 3748 644646
520 3692 557 3747 66
577 3694 659 3747 64446
678 3707 729 3763 464
747 3690 920 3746 vestimenta

203 3784 454 3844 diffundebantur,
469 3781 547 3845 6434
563 3783 591 3836 64
604 3780 682 3836 64466
703 3780 776 3837 44466
798 3779 919 3836 46446444-

202 3876 278 3932 liora
300 3875 436 3945 operatus
462 3873 507 3926 664
531 3870 606 3926 0666
634 3885 722 3941 qnam
747 3869 778 3925 in
806 3869 919 3941 reliqua

202 3961 348 4036 corporali
367 3959 539 4023 substantia,
554 3960 648 4014 4323.
666 3978 680 4010 4
699 3960 836 4014 Nostrum
857 3976 919 4014 cor-

204 4072 260 4126 pus
275 4072 290 4105 4
305 4051 422 4114 6464464,
437 4053 500 4105 tum
516 4048 585 4120 quia
603 4048 736 4119 64666664
755 4047 861 4120 6466464
875 4052 919 4104 664

203 4160 238 4199 66
265 4156 388 4212 6644646
415 4140 523 4202 666446,
547 4138 620 4201 643,
645 4140 708 4193 4646
734 4136 803 4208 quie
822 4140 917 4193 totum

201 4233 305 4287 datum
320 4231 364 4285 664
380 4227 464 4283 664444
479 4226 509 4281 46
524 4225 700 4289 subsidium,
716 4226 748 4280 44
759 4225 786 4279 6
803 4242 810 4280 4
826 4224 856 4280 444
871 4228 920 4282 86·

201 4320 354 4376 6464446646
369 4315 459 4381 66464,
472 4316 526 4370 64444
547 4314 677 4386 qualibet
696 4312 780 4386 panis
795 4314 920 4386 particu-

203 4409 233 4465 la
253 4422 390 4480 4466666,
411 4404 492 4466 686,
513 4419 571 4460 666
591 4418 728 4475 66446466
755 4404 852 4468 46666,
868 4406 918 4459 666

203 4514 257 4571 464
271 4494 491 4552 dimensionem·
501 4494 530 4548 et
548 4492 659 4563 species
678 4491 761 4562 panis
776 4490 805 4546 46
821 4490 918 4564 ipsum

202 4584 345 4643 66646464,
360 4582 443 4647 693’,
459 4580 567 4638 6446646
586 4582 740 4651 praestatur
760 4578 789 4634 46
810 4580 918 4637 animas

198 4670 550 4736 refectionem,indirecte
564 4669 593 4723 in
610 4668 740 4740 corporis
757 4669 917 4725 roboratio-

201 4779 281 4826 nem,
296 4763 370 4825 424,
385 4762 414 4817 64
438 4759 467 4815 46
492 4758 572 4815 646444
596 4756 800 4829 glorificatum,
822 4774 917 4815 exem·

201 4853 267 4926 plar
280 4855 325 4909 664
342 4854 371 4907 64
394 4849 468 4905 46446
494 4848 599 4904 464646
613 4846 832 4919 glorificationis
854 4864 917 4903 cor·

201 4956 309 5014 porum
325 4941 502 4997 nostrorum,
517 4938 551 4991 64
559 4938 589 4991 6.
605 4937 701 4999 66646
723 4935 761 4989 444
774 4938 917 5001 64664646,

201 5030 382 5099 ubicumque
410 5030 454 5083 est
480 5027 606 5081 Verbum
636 5024 774 5081 exsistere
808 5025 917 5097 nequit,

199 5120 254 5176 434
266 5118 307 5173 D'.
322 5148 358 5157 -
372 5116 481 5189 Corpus
499 5113 603 5170 Christi
624 5113 781 5185 mysticum
797 5116 858 5168 tota
876 5116 920 5169 est

200 5206 339 5274 Ecclesia,
354 5206 439 5279 eujus
457 5208 545 5276 capnt
563 5203 693 5260 Christus
711 5205 764 5269 664,
779 5202 876 5268 3666,
892 5206 921 5260 64

202 5313 308 5356 646666
330 5294 414 5353 646644
436 5294 577 5358 64646646,
593 5294 685 5349 3894.
703 5324 734 5336 -
754 5292 922 5365 6644646446

1668 478 1728 545 004

1014 658 1153 721 646464446
1167 679 1202 721 64
1217 680 1247 721 46
1266 681 1371 738 464646
1391 666 1460 722 6664
1480 662 1618 736 4466666,
1633 664 1727 730 2340,

1014 755 1041 807 64
1065 756 1141 809 46646
1165 757 1374 826 comparantur
1394 753 1516 826 vesperi,
1536 753 1638 818 9346,
1662 751 1728 809 4666

1015 857 1073 896 666
1099 845 1141 898 644
1161 842 1190 897 46
1213 844 1258 898 4444
1279 845 1433 901 646466664
1453 842 1599 915 perfectio,
1614 842 1708 898 2344’
1720 859 1727 907 ;

1012 935 1215 988 verumtamen
1239 949 1274 989 64
1296 932 1402 989 4644646
1421 932 1525 1004 4464646
1544 930 1641 989 6446446
1656 931 1730 988 mul-

1014 1023 1078 1075 tum
1102 1018 1207 1084 464664,
1227 1021 1326 1084 2346,
1346 1024 1375 1077 64
1396 1024 1478 1077 46446
1502 1020 1597 1093 magis
1619 1023 1729 1092 4466646

1013 1109 1109 1178 maior
1131 1111 1175 1165 est
1197 1110 1319 1166 46464464
1338 1109 1430 1165 444466
1448 1126 1465 1165 6
1484 1125 1543 1181 4466
1561 1108 1728 1174 6446466464,

1013 1198 1252 1269 2346’,4466444446
1266 1198 1371 1255 6446446
1387 1198 1485 1254 464666
1500 1200 1558 1254 4464
1573 1198 1726 1263 4644644646,

1014 1286 1116 1341 23444.
1133 1318 1169 1329 -
1184 1286 1231 1356 Cf.
1249 1288 1331 1343 Caro.

978 1374 1199 1432 6334440666
1219 1376 1275 1431 6444
1288 1377 1345 1433 066
1365 1378 1512 1449 competit,
1529 1377 1611 1443 484’,
1629 1377 1728 1450 quiae

1014 1480 1073 1519 non
1088 1466 1276 1521 6666666666
1291 1468 1334 1521 664
1350 1464 1465 1521 4666446
1479 1465 1626 1530 distantia,
1636 1467 1728 1533 6024,

1014 1556 1043 1608 64
1065 1554 1117 1608 4644
1141 1553 1274 1609 4446444444
1302 1554 1469 1610 communis
1497 1557 1549 1619 644,
1575 1554 1653 1619 486,
1678 1571 1730 1611 666

1013 1641 1108 1699 tribus
1123 1643 1263 1715 personis,
1274 1644 1348 1709 493;
1360 1644 1496 1715 4466444464
1509 1644 1588 1701 664444
1606 1661 1730 1716 4646666

1014 1728 1071 1785 6464
1097 1733 1190 1801 464644
1213 1734 1334 1795 erector,
1357 1731 1441 1797 634’,
1462 1733 1536 1796 6444,
1556 1736 1585 1789 64
1607 1732 1726 1804 quidem

1013 1822 1139 1875 6464666
1154 1823 1275 1885 6466464,
1288 1820 1385 1886 4086,
1401 1837 1459 1877 666
1475 1823 1554 1893 quod
1568 1822 1604 1878 644
1621 1824 1728 1879 646466

1014 1908 1159 1971 creavcrit
1173 1909 1262 1975 4694,
1276 1910 1326 1965 6644
1342 1908 1411 1980 quia
1422 1908 1486 1982 ipsa
1505 1912 1622 1973 646466,
1638 1911 1727 1975 4094,

1013 1998 1050 2053 ab
1072 2001 1180 2054 646466
1204 2015 1301 2055 creare
1331 1998 1465 2061 decrerit,
1485 1999 1574 2055 4093.
1600 2000 1727 2056 64664644

1013 2088 1175 2143 66646666
1194 2103 1240 2143 464
1260 2086 1353 2145 iacere
1372 2086 1519 2159 competit,
1535 2090 1586 2144 sed
1605 2092 1633 2144 64
1651 2105 1728 2144 com·

1014 2179 1138 2240 mutare,
1159 2176 1249 2231 4336.
1267 2209 1298 2218 -
1318 2176 1430 2232 6466446
1454 2177 1558 2233 4666444
1583 2178 1727 2234 mirabilis

1013 2269 1065 2328 est,
1082 2264 1178 2329 6006,
1194 2267 1223 2321 64
1237 2264 1266 2320 46
1286 2281 1320 2321 66
1339 2265 1514 2323 mirabiliter
1531 2266 1663 2323 relucent
1678 2266 1727 2324 Dei

1014 2353 1151 2426 potentia,
1167 2352 1310 2425 sapientia
1328 2357 1356 2411 et
1376 2353 1612 2419 bonitas‚501ss',
1629 2355 1728 2413 minus

1012 2445 1112 2499 tamen
1128 2459 1216 2515 quam
1233 2442 1262 2497 in
1278 2442 1477 2500 incarnatione
1491 2444 1585 2505 Verbi,
1600 2445 1651 2500 604
1662 2447 1693 2500 4.

976 2532 1168 2588 6443444436
1182 2548 1200 2587 6
1212 2532 1305 2587 4444464
1320 2532 1451 2603 46466644
1465 2534 1492 2587 S.
1503 2532 1651 2589 Trinitatis
1665 2538 1727 2591 tan·

1012 2616 1101 2693 4464444
1122 2620 1158 2676 ab
1179 2636 1238 2677 666
1256 2622 1387 2677 64664646
1407 2622 1577 2692 procedunt,
1593 2623 1628 2678 24
1636 2622 1675 2686 3’,
1692 2622 1726 2678 li·

1012 2713 1058 2766 cet
1075 2726 1127 2781 per
1149 2709 1276 2766 Verbum
1301 2708 1437 2766 dieantur
1457 2708 1549 2774 44646,
1574 2712 1663 2768 3463.
1695 2745 1726 2755 -

1012 2798 1211 2855 Simulacrum
1239 2798 1371 2856 naturale
1399 2800 1654 2872 contemplationis
1682 2802 1726 2858 di·

1012 2891 1127 2951 cuntur,
1139 2888 1227 2953 2963,
1242 2888 1312 2960 quia
1326 2887 1356 2943 in
1371 2888 1412 2945 eis
1426 2888 1536 2946 relucet
1550 2889 1649 2947 644466
1662 2908 1728 2963 pcr-

1012 2976 1106 3039 lectio,
1118 2978 1208 3042 3604,
1220 2980 1249 3034 64
1262 2977 1448 3050 resplendent
1462 2979 1600 3051 46466446,
1612 2980 1725 3052 sapien·

1011 3066 1050 3121 tia
1065 3069 1095 3122 64
1111 3065 1225 3122 44664464
1239 3066 1390 3131 646646444,
1406 3069 1485 3123 2966
1499 3084 1506 3123 4
1522 3084 1625 3125 646666
1643 3069 1722 3127 66464

1011 3171 1113 3211 664646
1134 3155 1277 3212 bonitates
1296 3155 1381 3213 rivuli
1400 3159 1469 3213 sunt
1487 3156 1623 3214 46646646
1642 3158 1725 3214 boni·

1010 3244 1087 3307 tatis,
1112 3245 1208 3301 2426.
1232 3276 1266 3287 -
1294 3246 1349 3301 Sed
1374 3262 1440 3302 cum
1465 3247 1597 3303 Creatore
1625 3264 1725 3320 466446

1011 3332 1084 3388 nihil
1107 3334 1264 3390 univocum
1292 3334 1407 3399 habent,
1432 3335 1528 3401 6236,
1553 3339 1581 3392 64
1604 3337 1640 3393 ab
1661 3337 1726 3411 ejus

1010 3422 1187 3493 perfectione
1200 3422 1313 3479 46446446
1333 3422 1481 3489 66664664,
1497 3426 1549 3480 242
1557 3426 1587 3480 D'
1604 3443 1610 3481 4
1627 3426 1724 3483 646646

1009 3510 1088 3567 66464
1113 3515 1209 3567 creata
1232 3512 1357 3568 essentia
1383 3514 1427 3568 est
1453 3512 1631 3585 imperfecta,
1662 3516 1723 3580 464,

1009 3598 1175 3655 defectuosa
1194 3604 1222 3657 et
1241 3599 1394 3665 instabilis,
1410 3602 1496 3665 6666,
1513 3605 1541 3658 64
1558 3605 1655 3674 quoad
1674 3620 1723 3660 ex·

1009 3686 1172 3744 sistentiam
1188 3692 1216 3744 et
1229 3687 1434 3760 perfectionem
1455 3706 1472 3745 6
1491 3691 1548 3746 366
1567 3692 1674 3761 466664
1692 3691 1722 3747 46

1010 3776 1071 3833 6644
1099 3780 1127 3834 64
1154 3777 1183 3832 46
1213 3793 1392 3849 4644666646,
1418 3779 1518 3841 libat
1543 3780 1633 3843 6663,
1663 3780 1723 3835 4646

1009 3867 1075 3938 4466
1096 3868 1310 3937 4366466664
1331 3882 1420 3939 quam
1442 3866 1556 3923 444666
1576 3867 1724 3927 46646664

1008 3956 1136 4011 4664666
1146 3955 1214 4021 4646,
1228 3956 1321 4019 6664,
1333 3958 1362 4011 64
1375 3954 1431 4010 sibi
1445 3956 1547 4012 relicta
1560 3973 1595 4013 ne
1610 3959 1648 4014 ad
1664 3975 1724 4013 mo·

1009 4048 1139 4100 mentum
1151 4044 1270 4116 quidem
1281 4044 1457 4110 subsisteret,
1467 4046 1552 4107 4263,
1560 4048 1649 4103 6603.
1657 4049 1724 4103 Om-

1009 4150 1061 4189 nes
1079 4150 1114 4190 64
1135 4133 1281 4189 4466666444
1305 4133 1353 4190 364
1378 4134 1549 4199 6664444664,
1565 4136 1652 4199 3926,
1673 4136 1723 4208 qui

1009 4222 1228 4279 irrationalibus
1240 4223 1403 4280 necessaria
1417 4223 1722 4290 cressementum,

1007 4312 1199 4369 rationalibus
1215 4312 1378 4369 necessaria
1394 4313 1510 4379 664646,
1522 4314 1621 4379 3863“,
1633 4316 1721 4381 3943,

1008 4403 1135 4457 6446646
1156 4400 1249 4473 magis
1268 4416 1318 4457 664
1341 4401 1462 4473 diligere
1487 4401 1594 4458 dicitur
1613 4407 1722 4474 quanto

1008 4491 1121 4563 majora
1145 4488 1187 4545 cis
1208 4488 1320 4554 tribuit,
1340 4489 1414 4552 280,
1435 4492 1527 4547 3944.
1549 4522 1582 4532 -
1606 4492 1722 4549 646646-

1007 4594 1106 4633 464646
1122 4593 1190 4649 6446
1205 4576 1326 4633 felicitas
1340 4580 1384 4633 est
1398 4577 1428 4633 in
1445 4578 1551 4636 unione
1572 4595 1639 4636 cum
1660 4580 1723 4639 646-

1007 4670 1096 4730 64646,
1112 4667 1210 4730 6026,
1227 4667 1344 4723 miseria
1360 4666 1389 4722 in
1405 4667 1586 4739 separatione
1605 4686 1623 4726 a
1641 4671 1724 4728 6466·

1006 4759 1077 4820 tore,
1094 4758 1173 4813 4343
1190 4773 1196 4812 4
1213 4774 1270 4829 4466
1294 4758 1372 4814 66446
1394 4760 1452 4815 4466
1469 4758 1624 4817 4464646466
1643 4766 1720 4827 6664,

1008 4862 1042 4902 66
1057 4848 1086 4902 64
1100 4846 1291 4918 perfectiores,
1302 4848 1402 4913 6444’,
1414 4852 1443 4905 64
1457 4848 1608 4915 4644646464,
1620 4851 1720 4911 6026.

1008 4935 1040 4990 46
1060 4934 1114 4990 hoc
1133 4934 1189 4990 site
1207 4939 1250 4991 664
1268 4952 1369 4993 664646
1390 4936 1526 5009 perfectio
1546 4940 1721 4997 6464664644

1008 5022 1217 5089 assimilentur,
1233 5026 1322 5089 4926,
1338 5029 1367 5082 64
1384 5030 1493 5098 quanto
1518 5028 1543 5085 64
1567 5029 1723 5087 similiores

1010 5112 1128 5177 fuerint,
1149 5117 1229 5169 tanto
1252 5118 1280 5171 et
1303 5114 1496 5187 perfectiores,
1512 5119 1604 5183 4943,
1621 5118 1722 5177 fecun-

1010 5202 1115 5265 diores,
1135 5203 1225 5271 4903,
1245 5208 1274 5260 64
1295 5205 1522 5273 64664466446466,
1548 5210 1627 5265 4903
1639 5228 1645 5276 ;
1671 5212 1722 5267 aed

1010 5307 1167 5364 66464646
1190 5292 1321 5351 64664646
1335 5294 1458 5353 infinite
1482 5296 1600 5365 distent,
1627 5298 1720 5369 4236,
