4309 6259
330 505 370 550 DE
390 502 591 549 sacnxuahro
611 501 741 547 atratus
762 502 800 547 ΕΤ
819 502 918 548 1188AE
938 500 1166 548 catechumene
1187 502 1345 549 pithoeus.
1369 522 1408 531 -
1430 503 1499 549 aar.
1523 506 1566 551 xit
1666 487 1725 551 399

175 677 389 739 consideravit
410 684 441 737 et
466 674 593 756 expavit
613 692 747 756 magnus
766 672 821 735 ille
840 672 919 735 Con-
933 676 959 735 A
975 674 1162 756 appellatur.
1180 672 1322 755 Insuper,
1343 694 1441 756 quum
1463 675 1590 737 realiter
1609 694 1672 737 una
1694 683 1724 736 et

175 776 343 851 stantinus,
366 794 404 837 ex
426 774 611 855 paganismo
632 774 671 835 ad
693 780 723 834 te
748 792 805 853 per
826 772 921 833 mira-

173 873 243 935 cula
259 873 345 935 clara
358 890 543 947 conversus,
551 878 645 951 teque
660 871 693 932 in
708 869 919 951 baptizatione

173 991 229 1033 sua
244 971 389 1050 intuitus,
405 970 459 1050 qui
482 971 661 1032 sacerdotes
682 968 809 1031 vocavit
829 969 917 1045 deos,

172 1078 202 1130 et
224 1068 304 1131 dixit
325 1069 381 1130 :Si
406 1067 548 1129 riderem
570 1066 765 1129 sacerdotem
788 1067 920 1148 turpiter

172 1175 331 1247 agentem,
362 1166 458 1247 pallio
487 1184 558 1227 meo
586 1164 691 1246 ipsum
721 1164 918 1244 cooperirem

172 1284 211 1327 ne
241 1264 403 1327 videretur
431 1262 476 1325 sic
504 1282 613 1343 agens.
638 1262 766 1323 Electus
790 1280 918 1341 quoque

170 1371 244 1424 tuus
272 1362 459 1425 Franciscus
485 1384 492 1423 ι
519 1360 551 1421 Si
577 1359 764 1422 Laurentius
788 1360 918 1439 (inquit)

170 1468 290 1541 martyr
312 1468 345 1521 et
366 1457 578 1540 pauperculus
598 1458 746 1519 sacerdos
768 1456 844 1519 mibi
866 1476 919 1519 oc-

170 1567 346 1637 currerent,
370 1557 584 1639 permitterem
609 1564 693 1618 stare
714 1554 917 1617 laurentium

169 1665 327 1735 sanctum,
356 1664 388 1717 et
422 1655 460 1717 ad
491 1654 720 1735 pauperculum
756 1672 917 1715 currerem

168 1754 377 1832 sacerdotem,
404 1771 440 1815 ac
470 1752 562 1814 llexis
591 1751 726 1833 genibus
755 1750 917 1813 oscularer

166 1872 282 1915 manus
303 1853 412 1934 ipsius.

206 1952 353 2013 t'rnrxs.
367 1987 407 1996 —
420 1949 571 2013 Fideliter
585 1948 734 2030 loqueris.
752 1947 815 2010 Nec
830 1948 915 2009 euim

166 2050 218 2112 lux
239 2049 317 2113 solis
340 2057 462 2111 tantum
483 2048 605 2110 excedit
628 2047 736 2109 lumen
758 2046 841 2108 lunae
862 2055 915 2108 aut

166 2148 319 2223 siderum,
348 2154 502 2226 quantum
537 2144 740 2208 sacerdotalis
768 2145 845 2208 orde
877 2163 914 2207 ac

164 2246 211 2307 vis
236 2264 367 2309 omnem
394 2251 581 2326 potestatem
604 2243 731 2305 civilem
756 2262 792 2305 ac
816 2262 914 2305 sacu-

164 2344 288 2419 larem,
319 2363 378 2405 nec
414 2351 537 2405 tantum
574 2342 767 2403 transcendit
801 2361 913 2404 aurum

162 2442 430 2523 pretiosissimum
447 2448 501 2502 aut
515 2458 640 2519 gemma
661 2439 837 2501 clarissima
851 2440 912 2501 vile

163 2542 279 2618 lutum,
301 2547 455 2621 quantum
479 2537 645 2601 sacerdotii
668 2537 845 2618 evangelici
865 2538 913 2600 di·

162 2639 268 2719 gnitas
292 2636 513 2700 excellentiam
536 2636 675 2717 regalem
698 2644 793 2716 atque
815 2636 913 2717 impe

162 2738 286 2800 rialem.
316 2736 467 2816 lienique,
499 2743 617 2816 quanto
651 2752 783 2814 corpere
812 2743 912 2797 exstat

161 2834 362 2917 prestantior
391 2833 506 2911 anima,
538 2840 625 2894 tanto
655 2840 792 2913 potestas
822 2833 912 2913 spiri-

162 2933 258 2995 tualis
277 2932 402 3013 dignior
423 2938 472 2993 est
492 2939 627 2993 terrena.

974 774 1085 835 eadem
1114 782 1316 853 nuncupetur
1345 782 1482 854 potestas
1517 772 1723 837 consecrandi

974 890 1090 952 corpus
1106 890 1212 933 meum
1235 890 1356 949 verum,
1374 880 1405 935 et
1420 872 1605 935 absolvendi
1627 880 1721 952 atque

974 968 1093 1050 ligandi
1120 970 1288 1051 mysticum
1313 987 1440 1050 corpus,
1462 978 1537 1051 puta
1563 970 1722 1049 subjectos

973 1067 1006 1128 in
1021 1066 1092 1130 loro
1108 1068 1353 1143 conscientioso,
1367 1068 1512 1149 quamvis
1528 1076 1657 1149 propter
1671 1088 1723 1130 ac-

973 1175 1063 1226 tuum
1077 1164 1316 1228 distinctionem
1331 1166 1400 1227 duae
1416 1174 1586 1247 potestates
1610 1184 1721 1227 vocen-

972 1270 1043 1339 tur;
1067 1270 1191 1326 constat
1213 1282 1308 1345 quam
1337 1263 1489 1327 sublimes
1513 1263 1721 1346 proprietates

972 1370 1003 1423 et
1030 1360 1261 1443 appellationes
1287 1362 1502 1424 sacerdotibus
1527 1369 1718 1443 competant,

972 1478 1068 1540 quum
1086 1458 1148 1521 sint
1162 1459 1308 1522 coelestes
1324 1459 1720 1541 clavigeri,sanguinisque

971 1557 1071 1619 divini
1102 1557 1274 1639 pincernae,
1305 1558 1420 1619 summi
1446 1557 1539 1640 Regis
1564 1559 1717 1635 convivae,

970 1656 1075 1735 angeli
1093 1663 1255 1718 terrestres
1271 1656 1478 1737 hominesque
1494 1657 1721 1737 coelestes,me

971 1752 1033 1814 dici
1068 1753 1258 1830 animarum,
1290 1754 1543 1817 reconciliatores
1580 1773 1717 1835 reorum,

934 1851 1154 1915 llreductores
1183 1852 1366 1929 errantium,
1393 1860 1423 1914 et
1448 1852 1717 1915 divinissimorum

971 1949 1162 2012 exhibitores
1182 1959 1463 2031 sacramentorum,
1480 1958 1584 2033 patres
1605 1960 1637 2013 et
1656 1952 1717 2013 sal-

971 2056 1095 2110 vatores
1115 2048 1347 2129 quodammodo
1368 2049 1593 2130 proximorum.

1008 2146 1120 2209 Nonne
1149 2146 1224 2209 olim
1254 2146 1369 2209 levitis
1403 2166 1466 2211 non
1501 2148 1716 2212 sacerdotibus

970 2246 1094 2307 locutus
1110 2253 1158 2307 est
1173 2245 1291 2327 lloyses
1308 2244 1409 2307 :Num
1426 2264 1535 2327 pamm
1551 2256 1598 2309 est
1612 2248 1714 2327 vobis,
1729 2270 1797 2314 mam.
1819 2286 1862 2325 m,

969 2343 1053 2424 quod
1074 2342 1171 2423 elegit
1193 2361 1248 2405 vos
1270 2343 1351 2405 Deus
1372 2351 1406 2405 ut
1425 2344 1513 2406 stetis
1533 2364 1638 2408 eoram
1655 2345 1716 2408 lre-
1730 2334 1795 2447 ξιξ]
1803 2334 1861 2439 ,¹1⁰⁷

968 2442 1097 2521 quentia
1122 2441 1229 2523 populi
1255 2451 1287 2503 et
1311 2443 1457 2504 cremetis
1478 2442 1506 2505 ei
1527 2442 1715 2507 incensuml

968 2538 1079 2601 etesi
1107 2558 1256 2620 magnum
1285 2540 1345 2603 boc
1375 2539 1446 2618 luit,
1470 2559 1565 2622 quam
1594 2542 1714 2605 incom-

968 2636 1149 2719 parabiliter
1168 2638 1271 2717 majus
1291 2638 1536 2722 praeclariusque
1558 2640 1712 2719 consistit,

967 2753 1074 2797 coram
1097 2734 1215 2817 populo
1234 2735 1348 2797 Christi
1370 2743 1452 2798 stare
1473 2738 1512 2799 ad
1534 2738 1714 2802 sacrifican-

967 2832 1042 2894 dum
1057 2841 1089 2894 et
1104 2831 1317 2910 ollerendum,
1334 2852 1397 2896 non
1420 2852 1530 2897 carues
1552 2843 1714 2899 taurorum

966 2939 998 2992 ct
1012 2930 1195 3009 vitulorum,
1212 2932 1266 2993 sed
1282 2932 1484 3013 Unigenitum
1506 2933 1603 2995 Patris
1624 2944 1714 2998 aeter-

199 3032 370 3094 Sacaeoos.
400 3066 442 3075 —
470 3030 547 3109 lleu,
577 3029 662 3109 quod
697 3028 742 3090 ita
776 3030 911 3109 degene-
926 3029 1017 3093 (lnil
1033 3029 1121 3092 Ozias
1137 3048 1190 3091 rex
1205 3048 1374 3111 percussus
1389 3038 1437 3093 est
1452 3031 1550 3113 lepra,
1562 3051 1711 3113 quomam
1728 3047 1806 3091 urar
1809 3063 1867 3103 xm,

160 3136 289 3191 mmust

198 3228 347 3289 l'aarrxs.
368 3224 508 3287 -dudi
531 3225 646 3287 adhuc.
667 3224 792 3287 Intuere
812 3244 909 3305 quam

158 3326 339 3387 eminenter
352 3323 499 3386 sacerdos
515 3342 573 3404 per
593 3323 820 3386 sacerdotalem
836 3324 910 3385 cha-

157 3431 326 3499 racterem,
348 3421 403 3503 qui
427 3430 475 3483 est
499 3428 638 3503 potestas
661 3429 693 3482 et
719 3440 809 3483 sacer
831 3422 908 3485 ordo

156 3520 394 3603 presbyteralis,
424 3518 610 3601 praefulgeat
644 3518 756 3581 ceteris
791 3527 823 3581 et
857 3539 909 3582 me

156 3626 375 3701 repraesentet.
396 3617 666 3691 Quemadmodum
687 3617 773 3678 enim
795 3636 854 3699 ego
875 3617 907 3679 in

35 3727 132 3833 praten
156 3736 248 3780 coena
279 3716 452 3779 novissima
481 3733 596 3825 corpus
630 3734 738 3777 meum
772 3724 803 3777 et
837 3736 909 3778 san-

35 3796 133 3905 {5322
110 3795 290 3898 ²⁸'guinem
312 3813 506 3893 consecravi,
523 3820 554 3874 et
576 3832 614 3873 ea
633 3812 665 3873 in
690 3832 784 3875 cruce
808 3813 907 3875 obtuli

154 3913 218 3976 Dee
234 3912 319 3975 Patri
323 3929 463 3992 ,meque
479 3910 672 3973 immolando
686 3909 782 3972 habui
796 3910 906 3974 cilicia

35 4019 141 4075 imaus.
154 4010 301 4073 advocati
329 4017 361 4071 et
386 4008 556 4071 sacerdotis
578 4028 615 4070 ac
641 4008 766 4087 medici,
788 4009 851 4071 imo
874 4018 907 4072 et

153 4108 406 4172 reconciliatoris
421 4126 458 4169 ae
474 4106 638 4169 salvatoris
657 4130 663 4167 :
681 4107 724 4169 ita
745 4108 904 4187 sacerdos,

965 3128 1161 3191 sacerdotale
1190 3128 1249 3191 sibi
1278 3129 1444 3211 usurpavit
1471 3129 1628 3193 ollieium.
1640 3132 1713 3199 Ge·
1729 3112 1844 3168 ΝΜ·

964 3225 1057 3287 deoni
1082 3244 1219 3306 quoque,
1245 3226 1385 3288 virorum
1409 3224 1856 3311 fortissimo,ange-muev1u

964 3321 1026 3384 lica
1054 3323 1264 3404 apparitione,
1295 3323 1488 3387 allocutione
1516 3312 1802 3391 informatio-“¹⁰4

963 3440 1067 3502 neque
1083 3421 1180 3502 digno
1195 3421 1314 3499 habito,
1332 3420 1514 3485 factumest
1532 3424 1566 3485 in
1586 3425 1711 3489 ruinam
1738 3442 1796 3489 retu.
1812 3458 1857 3497 nu.

963 3520 1048 3601 quoa
1062 3520 1166 3600 ephod
1182 3519 1243 3581 sni
1260 3519 1424 3583 conserua
1445 3529 1476 3583 et
1489 3521 1598 3600 arere,
1615 3523 1712 3588 inim·
1725 3507 1759 3550 ²⁷·

962 3617 1092 3679 mittens
1112 3636 1145 3679 se
1171 3618 1242 3698 plus
1267 3616 1375 3680 debito
1398 3618 1437 3680 de
1457 3618 1512 3681 illo
1531 3619 1652 3683 allicio.
1675 3622 1712 3684 Et

962 3735 1037 3778 ecce
1064 3715 1251 3777 universum
1281 3714 1360 3777 illud
1389 3715 1563 3779 Leviticum
1593 3738 1630 3780 ac
1662 3739 1711 3781 sa-

961 3814 1121 3877 cerdotale
1136 3813 1215 3895 legis
1231 3813 1354 3894 scriptae
1370 3812 1517 3876 officium
1538 3815 1623 3878 circa
1644 3837 1711 3881 car-

961 3912 1061 3991 nales,
1077 3911 1267 3990 materiales,
1280 3911 1510 3976 irrationabiles
1526 3916 1710 3978 versabatur

960 4010 1137 4073 oblationes
1152 4030 1188 4073 ac
1203 4010 1335 4089 hostias,
1353 4010 1385 4071 in
1401 4012 1517 4092 quibus
1535 4012 1710 4077 lormaliter

960 4109 1005 4171 nil
1026 4108 1144 4172 exstitit
1166 4109 1351 4171 sanctitatis.
1374 4109 1406 4171 Si
1430 4110 1536 4192 itaque
1560 4111 1709 4176 efficium

152 4214 311 4288 potestate
339 4205 398 4267 sibi
428 4204 553 4282 collata,
585 4203 618 4265 in
653 4224 764 4267 mensa
798 4205 905 4267 altaris
921 4202 946 4263 l)
961 4208 1039 4269 illud
1062 4206 1242 4269 levitarum
1271 4216 1302 4269 et
1332 4209 1531 4271 sacerdotum
1557 4210 1708 4292 legalium

152 4312 322 4368 consecrat
350 4312 381 4366 et
409 4303 505 4366 ollert
533 4303 615 4365 Patri
643 4311 761 4365 aeterno
789 4322 905 4386 cerpus

151 4423 262 4466 meum
290 4410 322 4465 et
350 4402 549 4483 sanguinem,
579 4408 611 4462 et
640 4420 754 4480 meam,
782 4401 846 4465 imo
875 4410 906 4464 et

150 4501 304 4565 Ecclesiae
319 4520 410 4577 meas,
427 4506 631 4581 representat
645 4518 825 4580 personam,
840 4520 905 4563 me-

149 4600 281 4681 diatque
306 4598 389 4661 inter
411 4598 510 4660 lleum
535 4606 568 4659 et
595 4598 732 4679 plebem,
757 4599 904 4679 precibus

150 4716 292 4779 quoque,
322 4696 432 4760 hostiis
461 4715 498 4758 ac
527 4695 646 4757 meritis
674 4696 827 4777 populum
857 4717 905 4759 re-

151 4796 303 4859 conciliat
324 4796 398 4872 Deo,
416 4802 448 4856 et
469 4794 660 4856 charismata
681 4794 734 4856 Dei
756 4794 904 4876 impetrat

149 4892 284 4974 populo,
300 4900 332 4954 et
347 4910 475 4953 causam
489 4910 526 4952 ac
541 4891 797 4972 procurationem
815 4912 903 4954 exer-

150 5000 199 5053 cet
229 4989 403 5065 Ecclesiaa3
428 4988 537 5070 sieque
565 5007 624 5070 pro
652 4990 746 5051 modo
774 5009 832 5052 suo
856 4991 903 5051 vi-

149 5088 260 5151 cariali
289 5096 416 5150 exercet
443 5087 598 5166 advocati,
631 5087 823 5165 mediatoris,
854 5108 903 5151 sa·

148 5186 300 5265 cerdatis,
317 5184 433 5247 medici
448 5204 485 5247 ac
507 5185 715 5265 cooperatorii
737 5186 900 5249 salvatoris

38 5236 134 5290 “m
127 5272 278 5350 cilicia:
286 5284 370 5347 unde
383 5293 416 5347 et
429 5285 560 5365 angelus
571 5284 695 5349 Domini
706 5283 900 5348 exercituum

962 4313 1142 4387 reputatum
1165 4314 1213 4368 est
1237 4314 1323 4367 tanta
1353 4306 1529 4369 reverentia
1557 4317 1589 4370 et
1614 4310 1710 4371 subli-

960 4403 1068 4465 mitate
1090 4403 1234 4484 dignum,
1256 4411 1286 4465 et
1310 4403 1335 4465 si
1362 4403 1404 4465 ita
1424 4403 1540 4485 plagati
1561 4417 1635 4468 sunt
1655 4409 1709 4489 qui

960 4501 1038 4563 illud
1062 4501 1123 4563 sibi
1145 4510 1402 4582 usurpaverunt:
1421 4521 1526 4565 nonne
1548 4504 1710 4587 incompa-

959 4600 1100 4662 rabiliter
1114 4600 1314 4680 prestantius
1330 4609 1378 4662 est
1389 4602 1598 4664 sacerdotium
1614 4623 1710 4665 evan·

958 4698 1067 4780 gelicae
1097 4696 1186 4778 legis,
1211 4697 1295 4778 quod
1325 4698 1410 4760 circa
1438 4698 1633 4763 sacrificium
1661 4703 1708 4764 di-

957 4796 1086 4877 gnitatis
1115 4796 1278 4857 immensae
1302 4806 1455 4876 versatur,
1481 4806 1513 4859 et
1538 4798 1618 4861 alios
1642 4808 1706 4863 mm

957 4892 1237 4975 praestantissimos
1251 4892 1346 4955 babet
1361 4902 1462 4974 actus,
1479 4902 1574 4977 atque
1589 4896 1621 4957 in
1638 4905 1706 4959 tan-

957 4998 1024 5052 tum
1040 4991 1236 5053 transcendit
1257 4992 1467 5055 sacerdotium
1489 4992 1569 5056 illud
1591 4994 1702 5076 legale,

956 5097 1109 5171 quantum
1126 5089 1178 5152 lux
1194 5091 1536 5173 umbram,veritasque
1551 5093 1700 5177 liguram,

955 5196 986 5250 et
1001 5188 1130 5269 spiritus
1145 5193 1296 5251 carnemt
1312 5190 1350 5250 lit
1364 5210 1484 5269 rursus,
1500 5210 1594 5272 quam
1611 5212 1702 5256 enor-

956 5287 1051 5349 miter
1073 5296 1208 5369 peccant
1235 5287 1290 5368 qui
1318 5289 1397 5350 tanti
1423 5290 1588 5353 sacerdotii
1612 5301 1701 5357 actus
