4309 6259
432 479 490 544 itt
581 496 621 543 nr
641 496 790 569 nanninus
813 496 1018 543 smerrssrun
1038 495 1076 541 m
1097 494 1264 543 multrare
1285 494 1467 551 ramulus,
1490 496 1547 543 rna
1568 496 1676 544 uonna
1695 496 1844 544 nontam

431 686 535 730 meam
549 688 557 744 3
575 666 698 732 salvum
713 686 764 731 me
779 666 829 731 lae
852 674 980 749 propter
1001 666 1179 729 misericor·
1193 666 1218 729 Α
1356 666 1433 729 Gum
1449 666 1566 750 Spiritu
1580 666 1742 732 Paracleto

432 766 518 829 diam
540 773 637 829 tuam.
1356 766 1502 847 Regnans
1517 784 1574 848 per
1587 784 1682 829 omne
1697 766 1860 831 seculum.
1870 767 1986 829 Arnen.

473 863 578 927 Gloria
592 864 685 927 Patri.
1509 866 1709 939 Capitulum.

471 966 550 1025 Aut.
567 962 668 1025 Beate
686 962 848 1025 Trinitatis
863 971 894 1025 et
908 960 1179 1025 incommutabilis
1275 960 1396 1022 Gratias
1421 961 1546 1042 agimus
1566 961 1635 1039 tibi,
1651 962 1784 1025 Domine
1809 963 1912 1042 Pater,
1929 963 1986 1043 qui
2016 980 2096 1024 caue.
2112 998 2124 1026 ι.

431 1059 612 1123 Divinitatis
637 1079 700 1122 una
718 1069 767 1123 ast
786 1060 973 1137 substantia,
995 1059 1132 1123 indivisa
1146 1059 1178 1120 in
1236 1058 1423 1121 transtulisti
1439 1076 1498 1121 nos
1513 1059 1545 1120 in
1561 1077 1694 1140 regnum
1710 1059 1780 1122 Filii
1802 1059 1987 1123 dilectionis
2002 1048 2126 1094 ’ΨΜ

432 1178 540 1241 opere,
556 1177 689 1222 concors
704 1159 737 1219 in
752 1159 926 1238 voluntate,
944 1177 1001 1240 par
1021 1159 1055 1220 in
1077 1156 1180 1221 omni·
1235 1164 1308 1234 tuae,
1324 1157 1378 1239 qui
1399 1165 1448 1218 est
1466 1157 1571 1239 imago
1590 1164 1644 1219 tua
1664 1157 1848 1235 invisibilis,
1865 1158 1987 1239 primo-

433 1257 585 1340 potentia,
602 1256 735 1338 aequalis
757 1257 789 1320 in
811 1256 922 1339 gloria.
1234 1255 1361 1337 genitus
1389 1255 1494 1318 omnis
1522 1264 1673 1317 creaturae
1703 1279 1710 1317 :
1741 1256 1893 1338 quoniam
1927 1276 1988 1338 per

472 1359 552 1418 Ant.
570 1354 744 1419 Credimus,
1235 1353 1340 1435 ipsum
1365 1353 1451 1416 etin
1476 1353 1545 1436 ipso
1570 1354 1698 1417 condita
1722 1362 1798 1416 sunt
1816 1354 1926 1417 omnia
1951 1354 1986 1415 in

692 1457 846 1516 Psalmus
860 1458 920 1517 32.
1235 1452 1317 1514 coelo
1338 1459 1370 1513 et
1391 1452 1424 1513 in
1447 1460 1539 1513 terra.

286 1558 418 1609 ramae
472 1551 599 1615 Gantate
614 1551 746 1615 Domino
762 1551 920 1613 canticum
941 1569 1058 1613 novum
1073 1575 1082 1631 3
1098 1550 1179 1613 bene
1275 1569 1308 1622 a.
1324 1549 1388 1612 Deo
1403 1548 1531 1630 gratias.

286 1624 307 1665 ⁹'
432 1649 557 1732 psallite
579 1650 608 1712 ei
631 1650 664 1711 in
687 1649 926 1713 vociferatione.
1275 1667 1307 1721 ra.
1334 1646 1454 1728 Dignus
1479 1656 1527 1710 est
1551 1648 1660 1729 Agnus
1684 1648 1739 1729 qui
1768 1647 1895 1711 occisus
1922 1656 1985 1726 est,
2001 1676 2128 1731 rma

470 1748 548 1822 Quia
563 1756 685 1811 rectum
699 1756 749 1811 est
763 1748 894 1811 verbum
909 1748 1047 1826 Domini,
1064 1756 1096 1810 et
1117 1766 1180 1811 om·
1235 1745 1381 1827 accipere
1405 1745 1566 1826 virtutem,
1592 1754 1624 1808 et
1647 1745 1860 1824 divinitatem,
1881 1755 1913 1809 et
1938 1766 1989 1809 sa·

432 1847 485 1908 nia
507 1864 604 1928 opera
624 1846 694 1927 ejus
717 1846 750 1907 in
773 1844 848 1907 lide.
1195 1847 1218 1907 D
1235 1844 1400 1926 pientiam,
1417 1852 1449 1905 et
1467 1842 1700 1921 tortitudinem,
1716 1852 1749 1907 et
1771 1844 1938 1923 honoram,
1955 1853 1988 1908 et

472 1944 580 2025 Diligit
594 1942 844 2007 misericordiam
859 1951 891 2005 et
904 1942 1076 2024 judicium3
1090 1942 1181 2004 mise
1235 1940 1381 2023 gloriam,
1398 1950 1430 2003 et
1450 1941 1718 2020 benedictionem,
1734 1942 1803 2023 †ln
1817 1952 1985 2020 aternum,

433 2043 570 2105 ricordia
583 2041 709 2106 Domini
725 2041 820 2124 plena
835 2048 884 2103 est
898 2049 990 2103 terra.
1235 2039 1373 2102 alleluia.

473 2140 576 2203 Verbo
589 2139 716 2203 Domini
731 2139 804 2202 ooeli
825 2138 942 2201 lirmati
965 2147 1050 2217 sunt,
1066 2146 1099 2201 et
1117 2139 1181 2221 spi·
1274 2150 1306 2201 t.
1320 2139 1377 2213 oui
1401 2139 1513 2201 dilexit
1536 2158 1605 2217 nos,
1627 2147 1660 2202 et
1684 2138 1762 2201 lavit
1785 2158 1844 2202 nos
1867 2159 1887 2202 a
1911 2158 1988 2222 pec·
2001 2156 2110 2202 ratane.

431 2239 494 2301 ritu
508 2238 573 2301 oris
587 2239 657 2319 ejus
673 2237 777 2301 omnis
793 2238 893 2300 virtus
908 2256 1029 2300 eorum.
1235 2237 1314 2299 catis
1344 2237 1462 2299 nostris
1492 2236 1525 2297 in
1555 2237 1710 2318 sanguine
1739 2256 1809 2301 suo.
1835 2238 1870 2299 ln
1894 2246 1987 2301 eter-

470 2337 671 2417 Gongregans
691 2336 774 2398 siout
794 2336 826 2397 in
852 2344 921 2398 utra
945 2354 1043 2417 aquas
1069 2334 1176 2413 maris,
1235 2355 1324 2397 num.

430 2452 553 2516 ponens
568 2434 601 2496 in
616 2434 774 2497 thesauris
788 2435 930 2516 abyssos
1275 2445 1307 2496 r.
1324 2432 1429 2496 Gloria
1443 2432 1536 2495 Patri.
1553 2432 1700 2496 Alleluia.

470 2533 591 2595 'limeat
614 2532 784 2595 Dominum
810 2532 914 2596 omnis
942 2541 1046 2612 tarra3
1072 2533 1112 2596 ab
1140 2552 1179 2598 eo
1273 2543 1306 2594 t.
1324 2531 1460 2613 Spiritus
1474 2531 1609 2594 Sanctus
1622 2551 1642 2594 a
1655 2531 1744 2594 Patre
1758 2539 1791 2594 et
1803 2530 1896 2595 Filio.

429 2638 535 2693 autem
550 2639 811 2695 commoveantur
831 2650 942 2695 omnes
964 2631 1178 2695 inhabitantes
1273 2650 1305 2704 n.
1322 2628 1391 2692 Non
1405 2628 1519 2707 lactus,
1536 2638 1746 2708 noceremus,
1763 2648 1823 2693 nec
1837 2630 1981 2711 genitus,
2145 2635 2146 2710 l

428 2730 549 2794 orbem.
1234 2728 1289 2790 sad
1311 2728 1496 2810 procedens.
2145 2721 2146 2750 ³

467 2829 621 2903 Quoniam
645 2828 712 2911 ipse
731 2828 820 2905 dixit,
841 2836 874 2892 et
891 2828 976 2891 lacta
997 2836 1093 2906 sunt;
1109 2829 1177 2911 ipse
1520 2829 1610 2887 Laus
1623 2828 1694 2888 Dei.

428 2926 602 3007 mandavit,
618 2935 651 2990 et
672 2935 777 2989 creata
798 2933 881 2989 sunt.
1273 2923 1363 2987 Nunc
1378 2923 1476 3007 igitur
1488 2923 1598 2988 oculos
1613 2942 1701 2987 meos
1713 2924 1753 2987 ad
1767 2925 1884 2988 coelum
1897 2925 1983 3006 levo,
1999 2950 2129 3003 naseu.

467 3023 574 3089 Gloria
588 3024 682 3087 Patri.
1193 3022 1215 3086 G
1233 3031 1264 3085 et
1278 3021 1439 3085 ditissimo
1459 3022 1625 3101 benedico,
1642 3030 1674 3084 et
1691 3022 1854 3086 viventem
1873 3023 1906 3085 in
1926 3043 1985 3087 sm-
1999 3016 2038 3055 ³²-

467 3127 547 3186 Ant.
572 3122 747 3203 Credimus,
769 3120 961 3185 confitemur
985 3130 1017 3185 et
1041 3122 1177 3185 colimus
1233 3120 1306 3184 cula
1320 3120 1414 3183 laudo
1429 3128 1523 3201 atque
1537 3118 1684 3201 gloriiico
1701 3144 1707 3182 :
1724 3120 1875 3202 quoniam
1895 3130 1984 3203 pote

428 3229 458 3283 te
472 3221 572 3283 Deum
587 3220 709 3285 Patrem
731 3220 993 3302 omnipotentem,
1010 3228 1174 3297 aeternum,
1233 3227 1297 3282 stas
1316 3219 1387 3300 ejus
1406 3226 1545 3301 potestas
1559 3227 1687 3298 aeterna,
1703 3229 1735 3282 et
1755 3239 1890 3302 regnum
1911 3221 1985 3303 ejus

428 3319 643 3397 immensum
680 3325 772 3399 teque
807 3318 860 3380 Dei
894 3318 1108 3400 Unigenitum,
1138 3338 1176 3381 er
1233 3326 1444 3400 perpetuum
1469 3336 1643 3398 omnesque
1670 3317 1863 3381 habitatores
1891 3328 1984 3382 terrae
2146 3383 2147 3398 ,

428 3416 605 3479 substantia
632 3416 731 3478 Patris
759 3415 950 3479 eternaliter
978 3424 1109 3493 natum3
1144 3425 1176 3479 te
1233 3417 1316 3497 apud
1336 3417 1441 3498 ipsum
1460 3414 1494 3476 in
1514 3414 1651 3477 nihilum
1671 3424 1867 3498 reputantur.
1884 3417 1985 3480 Dene-
1998 3403 2147 3488 rasurae.

427 3533 554 3597 quoque
568 3513 721 3596 Spiritum
743 3513 892 3576 Sanctum
915 3513 1122 3596 paracletum,
1139 3534 1177 3576 ex
1233 3514 1336 3576 dictus
1350 3513 1536 3593 es,Domine
1550 3514 1633 3576 Deus
1648 3521 1773 3595 patrum
1785 3522 1981 3596 nostrorum,
1998 3506 2081 3553 ⁵³³⁵·

426 3622 559 3696 utroque
574 3611 826 3694 intemporaliter
840 3612 1065 3693 profluentem,
1081 3621 1176 3694 atque
1233 3620 1265 3675 et
1278 3612 1481 3675 benedictum
1497 3630 1613 3675 nomen
1625 3610 1734 3693 gloriae
1749 3619 1810 3676 tue
1824 3622 1981 3692 sanctum,

426 3712 552 3793 utrique
577 3711 812 3776 coadorandum
837 3718 869 3772 et
892 3709 1139 3792 glorificandum
1166 3733 1174 3774 z
1233 3718 1264 3772 et
1283 3709 1442 3771 laudabile
1456 3717 1488 3771 et
1502 3708 1769 3791 superexaltatum
1784 3710 1817 3772 in
1832 3710 1983 3774 omnibus

426 3831 526 3874 unum
542 3810 644 3874 solum
661 3828 772 3872 verum
787 3809 897 3871 Deum.
1234 3808 1368 3870 seculis.
1394 3806 1584 3869 Benedictus
1608 3825 1643 3869 es
1667 3805 1702 3867 in
1727 3807 1847 3891 templo
1871 3816 1983 3873 sancte

718 3911 882 3984 Hymnus.
1232 3904 1340 3986 gloriae
1359 3912 1430 3982 tuae,
1447 3913 1480 3967 et
1493 3903 1760 3986 superlaudabilis
1773 3914 1805 3968 et
1819 3906 1984 3988 superglo-

568 4004 679 4069 Dlons
695 4002 913 4081 beatitudinis
1232 4003 1335 4067 riosus
1357 4004 1390 4065 in
1412 4002 1537 4065 seacula.
1554 4002 1744 4066 Benedictus
1758 4022 1804 4085 es,
1820 4005 1875 4085 qui
1897 4004 1984 4068 intu-

548 4104 630 4167 Fons
645 4102 750 4165 omnis
765 4100 1024 4183 pulchritudinis,
1231 4102 1294 4165 eris
1318 4102 1448 4183 abyssos
1466 4109 1499 4164 et
1517 4102 1608 4163 sedes
1628 4120 1724 4183 super
1746 4102 1928 4183 Cherubim,
1949 4111 1982 4166 et

548 4200 742 4283 Superbeata
757 4199 905 4277 Trinitas,
1189 4206 1215 4269 D
1231 4200 1399 4263 laudabilis
1414 4207 1445 4262 et
1460 4199 1710 4281 superexaltatus
1731 4199 1765 4261 in
1787 4200 1913 4263 saecula.
1929 4202 1982 4264 'li-
1994 4226 2130 4275 rua-‚n

545 4300 713 4377 immensa,
731 4318 810 4381 pura
825 4298 959 4362 bonitas.
1231 4298 1275 4379 bi,
1302 4298 1383 4361 Deus
1411 4306 1536 4380 patrum
1566 4305 1758 4379 nostrorum,
1784 4298 1944 4363 confiteor
1970 4302 2030 4363 :¹¹¹⁸
2044 4291 2080 4332 ²⁷·

567 4398 612 4459 Tu
627 4396 716 4477 origo
731 4396 919 4477 clementie,
1230 4396 1306 4480 quia
1328 4396 1432 4477 justus
1460 4415 1494 4458 es
1522 4396 1556 4457 in
1584 4396 1734 4459 omnibus
1761 4416 1831 4479 qum
1858 4396 1979 4480 iecisti,

546 4494 711 4559 Mandane
727 4503 830 4558 rector
844 4493 985 4575 labricae,
1088 4500 1096 4509 '
1231 4495 1443 4577 universaque
1467 4512 1564 4577 opera
1587 4502 1642 4557 tua
1666 4513 1750 4572 vera,
1767 4496 1828 4559 vie
1852 4514 1981 4579 quoque

547 4594 633 4658 Unus
647 4593 869 4673 essentialiter,
1230 4604 1291 4657 tuta
1306 4600 1409 4671 recte,
1423 4601 1517 4674 atque
1530 4592 1652 4673 judicia
1666 4601 1720 4655 tua
1733 4593 1842 4657 omnia
1857 4603 1979 4659 sancta.

547 4694 592 4755 Ac
607 4691 709 4755 trinus
724 4692 944 4774 personaliter.
1229 4690 1361 4771 Exaudi,
1372 4691 1520 4769 Domine;
1537 4691 1673 4773 placare,
1691 4691 1838 4769 Domine3
1851 4694 1983 4757 attende
1995 4706 2130 4757 racemo.

569 4792 634 4855 Tua
649 4792 780 4854 mundet
793 4800 826 4855 at
839 4790 992 4854 leoundet
1229 4800 1262 4855 et
1279 4790 1342 4854 lac.
1358 4789 1427 4853 Non
1447 4789 1535 4852 enim
1556 4789 1590 4850 in
1614 4787 1900 4871 justificationibus
1924 4812 1985 4857 no-
1997 4772 2038 4814 ¹⁸·

547 4890 647 4956 Corda
661 4898 769 4955 nostra
782 4890 895 4971 gratia,
1230 4888 1305 4953 atris
1340 4887 1572 4971 prosternimus
1607 4906 1718 4969 preces
1752 4897 1878 4951 nostras
1906 4898 1983 4955 ante

548 4990 587 5054 Ut
601 4989 754 5053 virtutum
770 4986 911 5051 iruetum
926 4986 1031 5049 lerant
1230 4986 1346 5051 taciem
1372 4994 1470 5064 tuam,
1492 4986 1546 5050 sed
1571 4985 1605 5047 in
1630 4986 1889 5051 miserationibus
1916 4988 1985 5053 tuis

548 5087 741 5170 Expellendo
756 5085 846 5149 vitia.
1232 5085 1341 5148 multis
1362 5093 1394 5148 et
1414 5084 1551 5166 magnis.

567 5187 692 5264 Praesta,
708 5185 798 5247 Pater
811 5181 967 5267 piissime,
1270 5195 1303 5246 t.
1320 5181 1465 5262 Domine,
1481 5182 1606 5262 exaudi,
1622 5192 1681 5245 etc.

547 5285 691 5366 Patrique
706 5300 835 5365 compar
850 5280 959 5360 Unice,
1271 5302 1303 5359 n.
1319 5282 1358 5344 lit
1372 5283 1492 5347 clamor
1504 5301 1607 5364 maus,
1623 5292 1683 5346 etc.
