4309 6259
61 5044 74 5099 1

516 528 673 576 1111081110
693 527 792 575 uiuit!
815 534 823 574 2
845 528 906 575 JA!
925 527 1069 575 CHRISTUS
1091 526 1192 573 ASTRA
1212 523 1414 574 ascaricum

367 906 447 999 AD
483 903 876 1000 NOCTURNUM
908 905 981 999 ET
1016 903 1260 999 {Atinas
1299 899 1564 996 HYMNUS

309 1267 340 1327 l.
355 1264 429 1326 Jaru
444 1261 596 1325 Christus
610 1261 698 1323 astra
712 1257 913 1335 ascenderat,
1109 1257 1139 1316 ti.
1157 1253 1207 1316 Ex
1226 1255 1316 1317 omni
1335 1256 1432 1335 gente
1451 1256 1580 1337 cogitur

283 1362 466 1441 Regressus
484 1358 571 1422 unde
592 1357 735 1433 venerat,
1086 1354 1234 1431 Graccus,
1251 1352 1401 1432 Latinus,
1422 1353 1599 1433 Barbarus

284 1458 453 1521 Promissa
470 1457 579 1521 Patris
598 1470 746 1531 munera,
1085 1450 1285 1531 [iunctisque
1304 1450 1555 1530 admirantibus,

285 1556 441 1621 Sanctum
460 1554 598 1618 daturus
616 1552 790 1633 Spiritum.
1085 1549 1225 1629 Linguis
1243 1548 1425 1629 loquuntur
1443 1549 1609 1613 omnihus.

308 1734 338 1797 2.
356 1732 510 1797 Soleunis
525 1728 663 1811 urgebat
676 1728 747 1792 dies
1110 1744 1141 1807 7.
1155 1744 1272 1809 Judaea
1290 1747 1368 1809 tunc
1386 1745 1566 1824 incredula,

285 1830 348 1905 Oui
369 1830 510 1911 mystico
529 1826 748 1909 septemplici,
1087 1842 1216 1905 tesana
1234 1845 1329 1906 torvo
1348 1844 1479 1925 spiritu,

286 1929 372 1993 Orbe
391 1928 505 1991 1011110
524 1927 658 2007 septies,
1086 1942 1229 2005 Ructare
1247 1943 1349 2005 musti
1369 1942 1536 2023 crapulam

287 2027 403 2108 Signat
421 2026 516 2090 beata
535 2026 696 2105 tempora·
1087 2039 1251 2102 Alumnos
1268 2039 1391 2103 Christi
1410 2042 1595 2121 concrepat.

307 2207 339 2270 3.
355 2206 444 2269 Dum
460 2204 541 2266 hora
555 2201 682 2265 cunctis
696 2200 793 2265 tertia

285 2306 433 2387 Repente
452 2302 596 2365 mundus
614 2300 752 2377 intonat,

286 2401 465 2467 Orantibus
483 2398 664 2481 Apostolis,

286 2504 394 2567 Deum
414 2499 542 2564 venisse
561 2498 701 2561 nuntiat.

1110 2237 1141 2299 8.
1158 2236 1223 2300 Sed
1241 2237 1347 2318 signis
1365 2239 1398 2301 et
1416 2235 1595 2300 virtutibus

1086 2335 1238 2399 Occurrit
1255 2338 1288 2399 et
1306 2336 1402 2399 docet
1420 2336 1551 2413 Petrus,

1087 2434 1184 2496 Falsa
1202 2434 1325 2515 profari
1345 2434 1498 2516 perfidos,

1085 2531 1291 2612 1661616616,
1314 2531 1544 2614 comprobans.

309 2681 339 2741 1.
357 2678 406 2741 De
425 2676 533 2740 Patris
552 2692 629 2756 ergo
649 2673 776 2736 lumine

288 2778 434 2840 Decorus
452 2774 539 2854 ignis
558 2772 666 2836 almus
685 2774 745 2848 est,

287 2874 351 2947 Qui
370 2872 435 2936 fida
454 2871 576 2935 Christi
595 2873 727 2951 pectora

286 2972 400 3036 Calore
420 2968 512 3032 verbi
531 2969 719 3049 complevit.

377 3100 514 3159 Dictstc
540 3100 589 3157 uc
611 3098 764 3157 Laudes.

310 3224 342 3283 ὓ.
361 3220 500 3301 impleta
518 3219 662 3301 gaudent
680 3219 817 3296 viscera,
1111 3216 1163 3279 10.
1180 3216 1231 3279 Sit
1250 3216 1322 3279 laus
1339 3216 1430 3278 Patri
1450 3235 1525 3280 curn
1544 3217 1642 3295 Filio,

287 3319 404 3382 Alilata
423 3319 542 3382 Sancto
561 3316 699 3398 Spiritu,
1089 3316 1208 3379 Sancto
1228 3313 1329 3377 simul
1346 3314 1536 3395 Paracleto;

289 3418 395 3481 Voces
412 3416 561 3479 diversas
580 3416 744 3491 intonant,
1088 3411 1258 3493 Nobisquc
1278 3412 1389 3474 mittat
1406 3411 1513 3475 Filius

289 3516 412 3579 Fautur
430 3514 491 3578 Dei
511 3512 687 3595 magnalia.
1090 3510 1261 3574 charisma
1280 3509 1391 3572 Sancti
1410 3508 1565 3591 Spiritus.
1582 3510 1701 3576 Amen.

1110 2725 1141 2787 9.
1158 2724 1233 2803 Hic,
1249 2724 1389 2803 Christe,
1407 2744 1494 2791 nunc
1507 2728 1697 2793 Paracletus

1087 2822 1151 2885 Per
1170 2825 1201 2885 te
1221 2824 1297 2904 pius
1314 2842 1376 2886 nos
1393 2825 1525 2907 visitet,

1086 2920 1286 3002 Novansque
1305 2923 1399 2985 terrae
1414 2921 1544 3002 faciem,

1088 3018 1203 3101 Culpis
1220 3020 1348 3083 solutos
1366 3022 1500 3083 recreet.

703 3855 1013 3943 EXPOSITIO
1053 3856 1244 3941 ΗΥΜΝΙ

240 4136 443 4198 Rursuuuruu
465 4134 497 4195 in
522 4152 561 4196 eo
583 4152 672 4196 sacra
696 4131 857 4196 missionis
879 4133 947 4215 Spi-
961 4135 986 4194 A
1001 4133 1097 4195 situm
1125 4142 1174 4195 est
1201 4133 1233 4195 in
1266 4133 1385 4215 hymno
1412 4133 1451 4197 de
1480 4134 1684 4214 Asceusione,
1714 4143 1746 4197 ct
1768 4157 1891 4211 ...sacca

194 4234 279 4297 ritus
294 4233 399 4295 Sancti
423 4232 581 4314 mysteria,
598 4240 630 4294 et
651 4240 766 4294 sancte
789 4231 875 4293 illius
898 4250 946 4293 so
1001 4250 1097 4313 super
1118 4231 1208 4293 illum
1231 4231 1424 4294 versiculum
1447 4254 1454 4293 ε
1758 4219 1873 4272 *111510-

195 4330 363 4395 tenuitatis
378 4338 585 4406 sacramenta,
602 4330 823 4411 Apostolorum
845 4329 878 4391 iu
894 4349 946 4391 rs·

194 4430 256 4494 riis
278 4428 394 4510 linguis
416 4427 608 4511 praedicatio,
626 4436 657 4490 et
672 4427 807 4510 Spiritus
825 4427 943 4503 Sancti,

190 4530 289 4612 juxta
300 4526 394 4589 leolis
408 4524 605 4605 vaticinium,
614 4525 646 4587 in
658 4526 803 4590 homines
817 4524 943 4589 allusio.

241 4625 358 4687 Auctor
371 4632 402 4685 et
416 4642 543 4686 carmen
556 4630 591 4686 ut
604 4622 811 4705 procedentis
822 4622 943 4705 hymni.
1001 4626 1178 4701 Repressus
1191 4627 1279 4683 unde
1298 4632 1442 4693 venerat,
1457 4622 1517 4687 hoc
1538 4633 1588 4687 est
1605 4627 1644 4689 ad
1663 4627 1748 4690 thro-

1002 4741 1078 4784 num
1094 4720 1203 4803 316616
1218 4721 1316 4783 Patris
1331 4740 1487 4800 reversus,
1500 4723 1539 4785 de
1553 4742 1617 4804 quo
1631 4724 1666 4786 in
1680 4734 1748 4789 616

276 4823 404 4887 YMNUS
420 4822 478 4887 istc
498 4822 667 4886 historicus
687 4830 745 4899 est,
762 4842 800 4885 cx
814 4822 945 4885 Actibus
1001 4839 1070 4881 rum
1096 4820 1234 4901 Virginis
1258 4818 1434 4897 descendit,
1461 4820 1544 4883 sicut
1568 4822 1746 4904 expositum

290 4931 435 5005 sumptus
449 4921 683 5004 Apostolorum.
1000 4927 1048 4981 est
1070 4917 1103 4980 16
1124 4918 1243 5001 hymno
1267 4919 1306 4980 de
1325 4916 1494 4982 Nativitste
1519 4938 1614 5003 super
1635 4921 1713 4985 illud
1736 4944 1856 5000 :pacm

238 5024 324 5091 Iam,
353 5028 429 5102 puts
461 5020 493 5081 in
521 5018 574 5083 die
602 5017 809 5082 celeberrimo
836 5019 945 5081 Pente-

192 5126 313 5199 costes,
339 5121 489 5181 Christus
512 5128 603 5179 astra
628 5121 817 5199 ascenderat
838 5138 849 5177 .·
870 5136 944 5180 uam

189 5220 308 5282 decem
330 5215 442 5280 dicbus
464 5224 536 5279 suto
558 5216 763 5280 Pentecosten
788 5216 941 5280 ascendit.

189 5314 335 5393 Qualiter
349 5322 454 5378 autern
471 5334 566 5397 supra
580 5322 665 5379 astra
678 5314 830 5394 ascendit,
848 5333 943 5397 expo-
961 5312 1031 5378 Bet
1053 5313 1141 5377 alibi.
1162 5314 1331 5377 Promissa
1354 5314 1471 5375 Patris
1494 5332 1645 5385 siucero,
1660 5317 1744 5377 San·
1758 5344 1780 5389 p.
1791 5329 1856 5377 asu.

1155 4391 1249 4442 Gloria
1262 4392 1322 4451 tibi,
1337 4391 1466 4453 Domine,

1156 4472 1210 4529 Qui
1226 4472 1340 4523 scandis
1355 4486 1442 4536 supra
1456 4472 1557 4524 sidera.

1156 5077 1296 5140 Egressus
1311 5076 1375 5140 ejus
1390 5092 1408 5128 a
1423 5078 1517 5137 Patre,

1155 5158 1315 5221 Regressus
1330 5157 1394 5222 ejus
1411 5158 1447 5209 ad
1462 5159 1592 5220 Patrem;
