4309 6259
451 466 511 535 tto
729 489 769 535 na
790 489 947 537 rnacouro
967 490 1005 535 ar
1025 491 1190 537 urcmrara
1210 491 1326 550 unuin,
1349 492 1437 539 nuru
1457 492 1502 539 ιιι.
1525 510 1565 522 -
1585 492 1655 538 aar.
1677 494 1721 539 vu

491 656 646 739 Denique,
661 678 753 721 mens
768 659 941 741 rationalis,
958 661 984 723 ai
1000 679 1077 723 sana
1091 660 1198 724 vivax-
1212 661 1237 723 A
1252 662 1351 744 patris
1371 662 1429 725 tui.
1447 662 1600 744 Denique,
1622 680 1774 745 sponsum
1796 661 1924 740 babens,
1946 660 1988 723 in·

450 774 513 837 que
536 756 700 835 exstiterit,
728 758 837 841 utique
865 759 934 823 sine
961 777 1067 823 amore
1096 759 1199 822 subsi-
1252 767 1336 823 tacta
1353 760 1538 843 permansit.
1555 762 1663 843 ltaque
1682 780 1773 825 mens
1792 760 1863 842 ejus
1883 760 1988 824 deifor-

451 860 533 916 stere
552 854 673 936 nequit.
689 856 786 938 ldque
806 856 933 919 demum
948 858 994 937 (ni
1011 856 1117 937 lallor)
1132 858 1199 920 elu-
1252 859 1314 921 mis
1334 860 1461 941 Deoque
1482 859 1755 941 concupiscibilis,
1775 861 1817 923 ab
1837 860 1920 923 omni
1941 878 1988 941 pe

451 952 561 1031 cescit,
590 972 629 1017 eo
656 953 691 1015 in
718 954 814 1018 unius
848 955 1069 1019 vehementius
1104 974 1198 1037 posse
1252 958 1338 1020 nitus
1353 977 1372 1020 a
1385 958 1448 1021 Deo
1470 958 1639 1039 elongante
1655 967 1743 1022 motu
1764 966 1859 1039 etque
1879 956 1987 1021 aflectu

451 1050 622 1114 dilectione
655 1053 838 1135 quempiam
874 1053 1066 1117 incalescere
1103 1061 1197 1136 atque
1252 1064 1415 1138 segregata
1440 1056 1654 1138 immunisque
1679 1057 1819 1136 exstitit3
1840 1064 1872 1119 et
1891 1056 1930 1119 ob
1949 1056 1985 1135 id,

451 1147 586 1228 fervere,
603 1168 699 1231 quoa
719 1150 865 1232 pluribus
886 1151 1012 1233 longius
1028 1150 1198 1215 sincerius·
1252 1155 1285 1217 in
1321 1154 1429 1217 divina
1457 1155 1629 1219 dilectione
1657 1155 1781 1219 stabilis
1817 1163 1849 1218 et
1875 1154 1987 1236 integra

451 1265 513 1328 que
533 1248 604 1329 ejus
623 1247 721 1311 luerit
741 1257 904 1331 segregata
924 1249 1064 1313 allectio.
1086 1249 1195 1332 lgitur,
1251 1260 1328 1315 erat.

450 1362 514 1427 quo
533 1345 573 1409 ab
592 1346 771 1410 inordinato
789 1348 876 1411 omni
894 1367 1000 1410 rerum
1020 1357 1196 1411 creatarum
1291 1349 1435 1431 Amplius
1462 1357 1580 1430 autem,
1610 1351 1877 1432 quemadmodum
1908 1359 1987 1413 natu-

451 1444 608 1508 desiderio
631 1444 750 1507 exstitit
773 1445 906 1508 Deilerae
930 1446 1105 1510 benedictae
1128 1447 1197 1509 Vir·
1251 1448 1364 1511 ralium
1397 1448 1619 1530 operationum
1652 1467 1689 1511 ac
1725 1456 1869 1512 motuum
1902 1466 1988 1511 causa

450 1541 535 1623 ginis
559 1542 685 1605 animus
709 1541 894 1623 absolutior,
920 1564 958 1608 eo
982 1543 1015 1605 in
1039 1544 1094 1607 Dei
1123 1562 1198 1608 con·
1251 1544 1509 1628 principiumque
1533 1546 1656 1609 exsistit
1682 1554 1805 1626 natura,
1832 1546 1878 1609 sia
1905 1546 1986 1608 meri-

451 1638 584 1702 sistebat
609 1658 717 1704 amore
745 1640 898 1706 stabilior.
921 1641 966 1704 Ea
993 1650 1099 1705 autem
1127 1661 1197 1724 quaa
1250 1644 1404 1708 toriorum
1432 1663 1558 1727 quoque
1590 1652 1730 1724 actuum,
1761 1644 1986 1727 praeest-imque

451 1737 597 1801 adivina
615 1739 746 1801 caritate
765 1748 904 1802 mentem
924 1740 1089 1802 retrahunt
1103 1748 1197 1821 atque
1251 1742 1442 1822 dilectionis,
1464 1763 1559 1806 causa
1579 1751 1674 1824 atque
1694 1744 1784 1826 origo
1805 1742 1905 1825 gratia
1923 1762 1986 1805 cen-

449 1835 638 1917 impediunt,
654 1836 812 1919 tripartita
831 1845 905 1899 sunt
921 1861 928 1900 ε
945 1839 1089 1918 quadam
1109 1858 1198 1900 nam·
1215 1840 1238 1902 B
1253 1848 1349 1904 setur.
1367 1840 1496 1921 Rursus,
1512 1848 1548 1903 ut
1561 1848 1674 1905 natura
1688 1860 1753 1905 non
1772 1842 1932 1923 impedita,
1947 1841 1986 1903 sic

450 1953 513 2015 que
537 1942 623 1997 extra
647 1953 705 1997 nos
733 1953 864 2017 prorsus
892 1935 1058 2014 exsistunt,
1085 1944 1121 1998 ut
1144 1956 1198 2019 pe·
1251 1939 1352 2022 gratia
1366 1958 1493 2021 quoque
1514 1939 1658 2021 perlecta
1677 1941 1716 2002 de
1735 1938 1823 2002 lacili
1843 1940 1916 2021 agit.
1930 1940 1987 2013 Quo

450 2031 564 2112 cuniae,
584 2033 664 2114 agri,
686 2032 826 2110 divitiae3
846 2033 909 2097 alia
931 2052 1007 2097 vero
1031 2034 1116 2097 inter
1139 2052 1197 2097 nos
1252 2037 1348 2119 igitur
1366 2037 1400 2099 in
1419 2038 1586 2119 praeelecta
1606 2037 1911 2119 incomparabilique
1929 2036 1987 2098 Vir

450 2129 560 2207 latent,
578 2130 623 2191 uti
639 2130 829 2194 sensualitas
843 2130 1092 2214 passionumque
1112 2131 1198 2195 inor·
1251 2136 1326 2216 gine
1349 2136 1458 2218 gratiae
1482 2144 1549 2197 erat
1573 2132 1740 2199 sublimior
1763 2135 1936 2217 plenitudo,
1956 2153 1987 2197 co

450 2226 592 2306 dinati03
618 2246 713 2310 porro
742 2236 857 2307 cetera,
886 2229 991 2292 media
1019 2229 1103 2292 inter
1130 2230 1197 2293 baec
1252 2234 1362 2315 utique
1389 2233 1510 2296 divinis
1545 2242 1612 2296 erat
1644 2234 1775 2297 uberius
1805 2234 1934 2313 intenta,
1959 2232 1987 2295 in

450 2324 552 2387 locata
577 2334 661 2405 sunt,
685 2326 804 2409 quippe
828 2346 898 2408 quae
922 2335 1010 2389 extra
1030 2347 1089 2391 nos
1111 2337 1195 2408 sunt,
1253 2332 1381 2395 caritate
1401 2329 1555 2411 stabilior,
1572 2339 1666 2413 atque
1685 2331 1718 2393 in
1737 2332 1826 2394 omni
1845 2340 1916 2394 actu
1933 2350 1988 2393 mc-

450 2430 481 2485 et
504 2431 609 2486 tamen
633 2425 867 2505 quodammodo
890 2426 982 2487 nobis
1012 2426 1196 2507 conjuncta,
1253 2430 1362 2493 ritorio
1384 2429 1616 2493 incessabilior.
1632 2428 1714 2511 Ergo
1735 2448 1835 2511 quum
1851 2429 1943 2492 luerit
1960 2428 1988 2490 in

450 2529 482 2585 et
496 2521 572 2584 item
586 2523 755 2585 nobiscum
771 2543 870 2586 unum
886 2523 1074 2601 consistunt,
1092 2544 1197 2607 quem·
1252 2527 1362 2589 matris
1378 2526 1578 2589 sanctificata
1592 2535 1773 2606 utero,ante
1788 2527 1884 2590 Verbi
1900 2527 1990 2589 incar·

450 2620 620 2683 admodum
648 2630 795 2703 parentes
823 2629 855 2684 et
882 2622 1009 2703 conjux,
1036 2623 1197 2704 ceterique
1252 2626 1412 2688 nationem
1437 2625 1537 2706 gratia
1561 2625 1667 2706 plena,
1692 2625 1820 2708 plenior
1845 2626 1878 2687 in
1899 2626 2032 2687 incar-ra
2047 2643 2083 2683 ts.

450 2718 588 2798 cognati.
615 2718 647 2780 Si
672 2719 785 2783 borum
810 2719 843 2781 in
867 2720 959 2783 nobis
983 2720 1115 2784 allectio
1143 2720 1198 2783 ab
1251 2723 1391 2801 natione,
1408 2723 1548 2805 itemque
1567 2721 1719 2804 deinceps
1738 2723 1889 2805 repletior
1907 2732 1989 2803 atque

451 2815 549 2878 scissa
581 2818 799 2898 exstinctaque
832 2816 940 2897 luerit,
972 2818 1004 2880 in
1032 2819 1088 2881 Dei
1125 2838 1196 2882 mox
1252 2822 1393 2903 quotidie
1415 2820 1449 2883 in
1468 2840 1506 2883 ea
1521 2839 1643 2883 summe
1665 2819 1861 2903 proficiens3
1878 2828 1989 2884 constat

451 2913 580 2976 caritate
602 2912 750 2995 ligemur,
766 2915 827 2976 erit
847 2934 973 2995 quoque
993 2916 1026 2978 in
1047 2926 1197 2998 promptu
1251 2920 1335 3001 quod
1351 2926 1505 3001 quantum
1520 2919 1685 3001 presentis
1699 2918 1773 2981 vitae
1788 2918 1989 3001 peregrinatio

450 3011 484 3073 in
507 3012 571 3074 lleo
596 3012 685 3074 allici
715 3012 853 3095 itemquo
881 3013 1027 3077 stabiliri.
1053 3016 1232 3086 Gentem-c
1252 3017 1377 3096 sullert,
1399 3017 1509 3080 divino
1534 3034 1660 3098 semper
1682 3016 1851 3079 actualiter
1874 3017 1989 3080 ardebat

450 3108 603 3189 plandum
627 3126 704 3190 ergo
728 3111 994 3189 quemadmodum
1018 3112 1058 3174 ab
1082 3112 1196 3175 borum
1251 3134 1369 3179 amore.

450 3206 629 3269 inordinata
648 3205 820 3270 allectione
838 3208 1000 3270 liberrima
1019 3218 1113 3291 atque
1133 3210 1207 3272 sin-¹
1292 3214 1331 3275 At
1346 3213 1472 3291 vero,in
1487 3214 1543 3275 Dei
1557 3213 1828 3294 contemplatione
1842 3214 1989 3276 radicatur

450 3324 523 3368 cera
542 3324 632 3367 mens
650 3304 749 3367 luerit
765 3305 911 3387 gloriosa
929 3306 1054 3371 Puellae.
1251 3311 1392 3390 dilectio,
1418 3310 1544 3374 dicente
1568 3312 1816 3393 Psalmograpbo
1843 3335 1850 3373 :
1879 3313 1912 3374 ln
1934 3330 1990 3373 me
2000 3325 2085 3367 eme

490 3404 527 3466 Et
555 3403 684 3485 quidem
709 3404 793 3485 quod
822 3424 943 3486 pauper
969 3406 1134 3483 exstiterit,
1160 3426 1197 3469 ex
1251 3409 1403 3473 ditatione
1428 3428 1499 3471 mea
1522 3410 1705 3473 exardescet
1733 3410 1828 3491 ignis.
1852 3391 2015 3492 Ideoque,⁸'

449 3501 622 3584 Evangelio
651 3502 831 3565 innotescit.
858 3503 1010 3584 Denique,
1038 3505 1123 3585 quod
1151 3505 1198 3565 di·
1252 3525 1315 3587 quo
1336 3506 1434 3571 fuerit
1455 3507 1682 3588 contemplatio
1702 3507 1860 3587 stabilior,
1882 3526 1919 3572 eo
1939 3508 1990 3569 uti-

449 3600 598 3664 vitiarum
619 3619 745 3682 quoque
764 3620 854 3665 amor
874 3601 908 3663 in
930 3622 966 3665 ea
981 3622 1110 3685 prorsus
1133 3622 1196 3666 non
1251 3623 1313 3685 que
1335 3624 1425 3668 amor
1447 3623 1573 3686 quoque
1595 3604 1777 3669 diuturnior
1797 3606 1991 3669 indissolubi-

449 3700 557 3777 luerit,
586 3699 663 3762 binc
691 3700 787 3780 lucet,
817 3702 901 3781 quod
930 3720 1042 3764 aurum
1070 3701 1151 3765 Filio
1179 3721 1198 3763 a
1253 3703 1375 3783 liorque
1404 3702 1559 3765 consistit.
1585 3704 1620 3765 ln
1649 3704 1790 3766 secundo
1814 3714 1920 3767 autem
1946 3704 2059 3765 dem

450 3798 578 3880 regibus
606 3798 760 3877 oblatum,
787 3799 820 3860 in
850 3818 1022 3880 egenorum
1051 3800 1198 3863 celeriter
1253 3807 1462 3864 monstratum
1488 3800 1647 3878 recordor,
1671 3819 1767 3882 quam
1792 3802 1942 3883 preclara
1966 3810 1993 3863 et

450 3918 543 3960 usum
566 3896 753 3979 expendisse
775 3898 943 3961 creditur:
966 3899 1098 3979 alioqui,
1122 3918 1198 3979 qua·
1253 3898 1421 3962 excellenti
1440 3897 1572 3977 fixione,
1590 3898 1772 3963 divinorum
1793 3899 1991 3982 speculationi

301 4014 387 4065 man.
401 4018 434 4059 ιι.
450 3996 523 4059 liter
546 3996 579 4058 in
603 3995 841 4085 purificatione,
862 3997 938 4060 dum
963 3996 1118 4060 inlantem
1141 3998 1198 4061 llo-
1254 4017 1350 4060 sacrae
1365 3996 1545 4077 divinaeque
1561 3997 1701 4078 Virginis
1715 3998 1843 4061 animus
1864 4000 1992 4063 intentus

321 4112 425 4156 meunt
450 4095 537 4158 mino
562 4095 688 4156 sisteret
698 4094 747 4157 ¹...
772 4095 915 4178 lnsuper,
940 4098 1024 4177 quod
1053 4096 1136 4159 intra
1165 4116 1199 4159 se
1254 4094 1384 4159 exstitit.
1405 4095 1493 4158 Unde
1516 4094 1688 4158 innotescit
1710 4097 1864 4177 quoniam
1884 4098 1992 4160 incon

302 4175 413 4219 mmm*
450 4191 664 4254 inordinatum
688 4210 846 4272 nusquam
869 4203 989 4256 motum
1013 4194 1238 4259 sensualita-D
1255 4193 1439 4276 parabiliter
1459 4202 1553 4275 atque
1568 4196 1616 4273 (ut
1639 4193 1685 4256 las
1707 4196 1768 4275 est)
1785 4194 1993 4259 indesinenter

450 4289 532 4353 tisve
547 4289 753 4352 rebellionem
768 4290 937 4354 mitissima
951 4291 1199 4373 dulcissimaque
1254 4292 1438 4355 eorumdem
1460 4310 1567 4354 amore
1589 4292 1729 4354 ardebat.

451 4387 547 4469 Virgo
562 4394 690 4467 experta
712 4388 764 4466 sit,
781 4388 896 4469 partim
918 4390 1046 4470 quidem
1069 4410 1105 4452 ex
1120 4410 1200 4471 prte-
1293 4391 1415 4470 Adbuc,
1442 4390 1557 4451 divinae
1582 4388 1763 4453 dilectionis
1788 4392 1873 4473 ignis
1899 4394 1929 4455 in
1952 4412 1993 4453 ra-

315 4504 354 4545 m.
367 4502 436 4553 nae.
451 4484 591 4548 inductis
612 4485 762 4565 innotuit,
783 4494 877 4566 atque
901 4507 938 4549 ex
963 4506 1036 4549 mox
1054 4488 1198 4550 dicendis
1254 4488 1364 4551 tiouali
1380 4496 1486 4549 mente
1500 4506 1665 4567 accensus,
1673 4488 1871 4553 incessanter
1885 4502 1915 4553 et
1926 4492 1991 4551 item

302 4566 436 4679 wlff
451 4585 601 4663 lucidius,
618 4603 656 4646 ca
677 4592 858 4665 praestante,
875 4585 1018 4648 clarebit.
1035 4586 1196 4665 Praeterea,
1254 4586 1477 4648 vehementius
1498 4604 1624 4667 semper
1645 4584 1758 4663 fervet,
1776 4586 1802 4649 si
1824 4588 1992 4651 lomentum

450 4686 535 4767 quod
555 4704 614 4747 nec
633 4684 694 4746 sibi
715 4683 961 4764 conjunctorum
983 4685 1025 4747 sit
1048 4686 1199 4767 impedita
1254 4685 1369 4748 babeat
1382 4702 1486 4764 neque
1501 4702 1558 4765 per
1572 4683 1699 4766 culpam
1712 4685 1993 4769 negligentiamque

450 4782 570 4845 aflectu
595 4790 729 4845 constat.
751 4781 847 4862 Virgo
869 4802 983 4864 nempe
1008 4783 1200 4845 obedientis·
1254 4782 1426 4846 minuetur.
1444 4783 1575 4864 Semper
1596 4802 1734 4864 namque
1756 4785 1840 4848 actio
1864 4786 1994 4848 virtuosa

451 4882 532 4943 sima
553 4898 739 4960 summeque
764 4882 914 4961 prudens,
938 4881 1115 4943 hortantem
1139 4883 1200 4944 uti·
1254 4880 1408 4964 plenioris
1427 4879 1535 4963 gratlae
1555 4899 1703 4961 capacem
1726 4880 1830 4944 elficit
1850 4893 1992 4948 mentem.

450 4999 513 5061 que
528 4989 649 5061 patrem
665 4978 797 5057 audivit,
813 4986 845 5041 et
859 4979 973 5059 paruit.
990 4978 1066 5041 llam
1081 4980 1200 5062 quippe
1255 4980 1359 5058 Porro,
1386 4980 1481 5062 culpa
1503 4978 1620 5059 omnis,
1642 4979 1667 5041 si
1692 4981 1834 5043 mortalis
1856 4992 1914 5063 est,
1933 5004 1995 5065 gra-

302 5096 435 5148 mmati.
450 5078 544 5141 alleri
565 5096 656 5140 orsus
683 5077 862 5157 patriarcba
882 5078 981 5139 David
1003 5101 1010 5139 ι
1031 5078 1112 5140 Audi
1139 5080 1201 5158 (in-
1255 5077 1331 5139 tiam
1346 5078 1572 5159 caritatemque
1586 5078 1734 5159 perimit,
1752 5078 1777 5140 sl
1800 5081 1945 5159 venialis,
1959 5082 1992 5143 ad

452 5177 545 5259 quit),
556 5175 637 5253 lilia,
652 5182 683 5237 et
698 5174 782 5254 vide,
795 5184 826 5237 et
841 5175 960 5238 inclina
975 5194 1084 5238 aurem
1100 5185 1198 5256 tuam,
1255 5177 1379 5258 lapsum
1394 5176 1492 5239 alium
1507 5175 1660 5259 disponit,
1673 5176 1845 5258 gratiaeque
1860 5181 1992 5263 vigorem

454 5284 490 5338 et
508 5273 697 5337 obliviscere
721 5274 875 5355 populum
900 5281 990 5337 tuum
1014 5282 1045 5337 et
1069 5274 1199 5337 domum
1256 5276 1352 5339 ladit.
1380 5274 1533 5350 Quoniam
1562 5274 1660 5357 igitur
1687 5292 1790 5357 neque
1821 5296 1880 5359 per
1909 5279 1994 5345 omis
