4309 6259
488 500 527 546 na
548 500 638 549 noms
659 500 794 549 srmrrus
816 498 934 557 smmi,
957 498 1132 547 reserares
1153 500 1174 547 r.
1196 518 1238 529 -
1257 500 1328 547 aar.
1350 501 1396 557 m,
1419 500 1450 546 ιν
1683 478 1739 543 lot

189 665 270 729 sime
286 670 455 750 congruit3
473 670 611 733 studium
628 689 703 733 vero
717 670 801 753 quod
823 671 862 733 ad
879 670 941 732 vir·
955 671 980 732 Α
996 670 1040 733 tio
1055 670 1138 733 libro
1154 670 1287 748 inducit,
1302 671 1473 735 ostendens
1495 688 1534 731 ex
1547 666 1654 729 verbis
1668 668 1741 729 Am·
1755 694 1898 739 nami„

189 771 273 825 tutes
288 767 428 830 totaliter
442 768 617 847 ordinatur,
626 770 689 831 illis
705 769 840 831 maxime
856 787 940 832 corn·
996 768 1106 845 brosii,
1123 770 1206 849 quod
1221 771 1304 831 dona
1319 768 1455 851 Spiritus
1474 765 1580 829 Sancti
1595 783 1659 828 non
1679 764 1744 827 sint

189 862 271 944 petit
297 864 353 944 qui
382 864 454 927 aliis
482 884 617 947 praeesse
650 885 713 930 non
748 866 877 943 habent,
907 874 941 928 ut
997 866 1058 928 nisi
1088 868 1233 948 quaedam
1261 866 1406 929 virtutes.
1436 866 1572 929 Thomas
1605 881 1681 925 vcro
1710 862 1742 923 in

192 961 353 1023 monachi.
371 962 435 1025 lloc
452 970 556 1025 tamen
572 963 605 1024 in
620 982 736 1044 genere
752 964 824 1026 dico
842 987 848 1025 :
867 982 939 1025 nam
998 964 1100 1047 prima
1128 966 1275 1028 secunda
1306 972 1393 1027 tenet
1420 964 1615 1047 oppositum,
1645 969 1674 1024 et
1704 961 1743 1023 ad
1757 991 1897 1042 quarum.

193 1056 227 1119 in
242 1059 386 1139 speciali,
404 1060 512 1142 regula
525 1060 594 1123 dari
610 1080 674 1125 non
689 1069 804 1143 potest.
996 1061 1217 1126 auctoritatem
1250 1061 1408 1125 Ambrosii
1444 1061 1625 1143 respondet,
1659 1059 1743 1141 quod

232 1155 340 1237 ltaque
355 1158 409 1239 qui
425 1178 463 1221 ea
482 1158 642 1221 dumtaxat
665 1159 769 1240 legere
783 1159 942 1221 delectan-
996 1178 1114 1223 nomen
1138 1159 1265 1222 virtutis
1288 1161 1329 1223 ab
1353 1178 1391 1223 eo
1415 1158 1627 1222 communiter
1647 1155 1746 1218 sumi-

190 1260 244 1315 tur
257 1273 327 1334 qua>
342 1256 447 1317 cordis
469 1256 620 1319 custodiae
642 1266 775 1339 prosunt
796 1268 832 1320 ac
847 1258 941 1321 dero-
998 1265 1059 1326 tur,
1080 1266 1191 1340 utputa
1215 1276 1273 1339 pro
1297 1257 1439 1338 qualibet
1462 1254 1617 1318 habituali
1642 1252 1746 1337 perfe-

191 1350 270 1413 tioni
288 1353 474 1433 proficiunt,
491 1374 602 1436 parum
623 1362 734 1417 curant
750 1374 941 1437 cognoscere
997 1356 1114 1418 ctione.
1130 1356 1237 1438 ltaque
1258 1355 1393 1418 'ihomas
1415 1354 1558 1417 affirmat
1576 1354 1660 1416 dona
1680 1370 1746 1415 non

189 1448 267 1529 quid
291 1450 355 1511 sint
377 1451 454 1533 ipsse
474 1452 607 1515 virtutes
622 1460 653 1515 et
672 1454 766 1528 dona,
783 1454 941 1534 quomodo
997 1472 1066 1515 esse
1081 1472 1140 1516 nec
1155 1453 1219 1516 dici
1234 1453 1350 1515 debere
1366 1452 1510 1516 virtutes.
1527 1450 1604 1514 Nam
1620 1450 1646 1511 si
1662 1451 1746 1513 dona

188 1546 388 1611 definiantur
415 1570 452 1613 ac
480 1552 728 1634 distinguantur,
758 1561 941 1635 ceterasque
997 1559 1104 1613 essent
1125 1552 1269 1628 virtutes,
1290 1570 1355 1614 non
1378 1557 1461 1612 esset
1482 1550 1562 1613 ratio
1583 1568 1640 1611 cur
1662 1567 1746 1629 que-

187 1644 399 1709 difficultates
421 1650 553 1713 subtiles
575 1659 606 1713 et
627 1651 781 1713 naturalis
803 1650 942 1733 philoso
997 1651 1069 1711 dam
1092 1650 1236 1727 virtutes,
1253 1658 1284 1711 et
1306 1669 1370 1713 non
1392 1666 1515 1726 omnes,
1532 1648 1615 1710 dona
1630 1664 1745 1710 vocen-

189 1742 275 1823 pbiae
298 1745 530 1827 admixtiones;
560 1750 614 1811 scd
644 1749 780 1831 qualiter
808 1748 941 1811 virtutes
998 1755 1059 1810 tur.
1086 1748 1197 1810 ldultas
1225 1766 1351 1829 quoque
1379 1744 1605 1809 subtilissimas
1632 1745 1746 1807 distin·

188 1842 309 1905 endem
325 1844 529 1925 acquirantur
548 1854 579 1909 et
599 1855 829 1910 conserventur
847 1856 940 1927 atque
961 1844 1120 1909 Botiones
1136 1846 1218 1908 inter
1232 1846 1364 1908 virtutes
1379 1852 1411 1907 et
1431 1844 1515 1908 dona
1535 1843 1635 1924 tangit
1649 1861 1746 1925 super

187 1938 221 1999 in
246 1938 383 2003 habente
409 1941 629 2024 perficiantur,
656 1954 777 2007 curant.
804 1944 861 2019 Oui
887 1964 942 2007 au·
997 1944 1124 2006 tertium
1140 1944 1386 2020 Sententiarum,
1404 1944 1437 2004 iu
1459 1942 1562 2025 prima
1584 1941 1742 2018 secundae,

189 2042 256 2099 tem
282 2037 402 2101 idcirco
426 2041 591 2122 potissime
617 2043 743 2105 student
768 2050 802 2105 ut
826 2042 939 2121 sciant,
997 2042 1119 2105 etitem
1135 2042 1168 2104 iu
1190 2042 1330 2105 secunda
1350 2041 1498 2104 secundas
1515 2063 1522 2101 :
1538 2058 1609 2121 quas
1630 2056 1746 2121 oppor-

188 2134 224 2197 in
263 2136 422 2217 predictis
458 2138 688 2203 subtilitatibus
728 2140 941 2203 abundantius
997 2140 1083 2202 tunis
1116 2140 1196 2204 locis
1224 2148 1402 2223 tangentur.
1432 2139 1578 2202 hibertus
1605 2156 1743 2219 quoque,

186 2233 369 2314 gloriantur
394 2259 401 2297 ι
425 2236 571 2319 quamvis
595 2247 627 2300 et
650 2237 711 2320 ipsi
737 2238 880 2301 vicissim
905 2257 941 2301 ea
996 2238 1217 2302 bonaventura
1231 2247 1264 2301 et
1284 2237 1475 2301 celebriores
1488 2238 1634 2300 doctores
1654 2236 1745 2299 sebo

186 2333 478 2413 quaedevotionem
501 2344 709 2415 concernunt,
726 2336 808 2399 scire
824 2355 941 2399 conen·
997 2336 1100 2400 lastici
1129 2344 1276 2399 asserunt
1307 2336 1390 2399 dona
1423 2356 1442 2398 a
1476 2334 1647 2397 virtutibus
1675 2353 1745 2397 esse

186 2436 255 2508 tur,
272 2449 334 2493 non
350 2439 413 2493 tam
429 2440 463 2495 ut
477 2433 582 2497 devoti
600 2434 780 2513 reddantur,
797 2453 891 2517 quam
907 2442 941 2495 nt
996 2435 1159 2499 distincta.

186 2528 237 2590 nil
267 2528 413 2609 ignorare
441 2540 602 2614 putentur,
632 2541 686 2595 aut
714 2542 799 2597 certe
834 2533 940 2597 devoti
1036 2534 1122 2595 llanc
1137 2540 1244 2595 autem
1259 2532 1467 2614 questionem
1481 2531 1534 2595 hic
1550 2532 1675 2595 solvere
1689 2548 1746 2593 no-

186 2625 422 2691 existimentur.
454 2630 544 2693 Tales
579 2649 709 2713 prorsus
744 2632 940 2695 miserrimos
996 2631 1027 2694 lo
1052 2655 1059 2693 :
1086 2639 1134 2693 est
1157 2650 1272 2712 nempe
1296 2631 1343 2711 (ni
1368 2629 1473 2711 fallor)
1497 2630 1632 2692 multum
1656 2627 1745 2690 diffi-

185 2743 264 2787 reor
286 2734 379 2808 atque
404 2728 605 2791 vanissimos.
631 2728 689 2803 Qui
714 2748 789 2793 vero
817 2738 881 2792 tam
907 2730 940 2791 in
996 2729 1079 2808 cilis,
1111 2730 1222 2792 saltem
1250 2738 1404 2810 quantum
1433 2728 1472 2792 ad
1505 2728 1611 2811 aliqua
1638 2727 1742 2805 dona;

185 2822 378 2887 veritatibus
393 2826 629 2908 conspiciendis
649 2836 742 2909 atque
756 2828 868 2909 gratiis
886 2826 941 2891 ob-
995 2835 1149 2909 quantum
1174 2846 1249 2891 vero
1272 2828 1311 2889 ad
1332 2827 1439 2909 aliqua
1459 2828 1554 2905 dona,
1577 2844 1640 2889 uon
1663 2826 1743 2888 mihi

185 2920 331 2983 tinendis
346 2922 436 2985 avide
452 2922 667 3003 inardescunt,
679 2943 814 3006 quorum
830 2925 939 3007 utique
997 2926 1123 2989 videtur
1145 2926 1281 2989 multum
1304 2924 1463 2989 difficilis.
1489 2925 1544 2987 Est
1571 2924 1657 2988 enim
1683 2923 1745 2985 dif-

186 3018 371 3083 intellectus
386 3020 517 3083 illustris
529 3028 578 3083 est
590 3021 788 3105 affectusque
801 3031 939 3103 sanctus,
956 3026 978 3090 C
996 3024 1085 3087 ficile
1100 3044 1230 3087 cernere
1245 3023 1404 3106 quomodo
1416 3024 1517 3105 pietas
1531 3031 1563 3085 et
1577 3021 1742 3099 fortitudo,

191 3136 251 3181 eos
276 3117 372 3181 libros
396 3119 571 3201 praesertim
591 3119 746 3185 affectant
768 3122 800 3184 in
824 3122 939 3204 quibus
994 3130 1090 3203 prout
1113 3122 1319 3184 nominantur
1342 3122 1474 3184 virtutes
1497 3120 1632 3184 morales
1656 3119 1743 3181 etin

185 3216 308 3279 nedum
334 3216 461 3280 devotio
491 3218 655 3298 excitetur,
679 3220 734 3282 sed
757 3220 938 3283 intellectus
995 3227 1149 3301 quantum
1178 3228 1254 3283 sunt
1280 3221 1375 3297 dona,
1399 3220 1527 3282 realiter
1555 3226 1649 3300 atque
1674 3235 1745 3299 spe·

184 3313 279 3379 omni
304 3314 416 3377 notitia
441 3314 642 3379 deiformiter
665 3318 847 3380 adornetur.
873 3318 938 3381 lloc
995 3317 1091 3381 effice
1119 3318 1366 3399 distinguantur.
1393 3318 1453 3380 Sed
1482 3316 1632 3398 quoniam
1660 3334 1745 3397 qua-

185 3412 290 3493 igitur
303 3413 397 3476 modo
417 3413 450 3475 in
471 3414 619 3495 presenti
636 3422 771 3477 tractatu
792 3418 831 3479 de
847 3416 939 3480 donis
995 3415 1108 3479 stionis
1122 3416 1219 3496 hujus
1234 3416 1350 3479 solutio
1368 3414 1468 3496 exigit
1486 3415 1568 3477 scire
1587 3414 1663 3495 quid
1679 3412 1744 3475 sint

186 3510 328 3592 Spiritus
348 3510 455 3573 Sancti
484 3511 640 3575 disserere
670 3513 763 3591 nitar,
786 3522 939 3595 quantum
995 3513 1122 3595 singula
1134 3513 1315 3594 dona‚quid
1331 3512 1427 3575 etiarn
1442 3513 1482 3575 ad
1496 3513 1652 3575 rationem
1666 3510 1743 3575 doni

186 3606 337 3671 conferre
357 3608 540 3690 dignabitur
560 3610 697 3693 Spiritus
718 3612 863 3691 Sanctus,
884 3613 938 3696 qui
995 3612 1163 3694 pertineat,
1190 3620 1222 3673 et
1248 3619 1325 3693 quot
1353 3609 1457 3673 modis
1481 3610 1681 3691 accipiantur
1708 3608 1742 3671 in

186 3714 240 3769 est
260 3707 477 3789 superomnia
494 3706 575 3769 Deus
596 3708 743 3771 sublimis
762 3716 792 3771 et
810 3708 940 3775 benedi·
995 3708 1167 3791 Scripturis
1182 3707 1350 3789 sapientia,
1358 3707 1548 3785 intellectus,
1559 3705 1740 3787 consilinm,

187 3804 333 3867 ctus.Sic
348 3804 467 3886 quippe
488 3804 609 3887 antiqui
630 3806 775 3869 doctores
790 3808 938 3871 catholici
996 3806 1159 3883 fortitudo,
1183 3813 1215 3868 et
1239 3805 1450 3887 reliquaque
1473 3806 1556 3870 dona
1579 3804 1740 3884 dicuntur,

191 3902 465 3985 conscripserunt,
482 3902 577 3965 etiarn
598 3902 668 3985 ipse
690 3904 939 3985 gloriosissimus
995 3913 1162 3989 propterea
1189 3901 1321 3985 quaestio
1353 3902 1420 3966 haec
1448 3922 1533 3966 nunc
1561 3901 1742 3965 differenda

185 3999 358 4081 Dionysius
370 4000 628 4083 Areopagitahit
642 4020 779 4084 namque
794 4004 941 4086 llierony-
996 4011 1053 4083 est,
1078 4001 1196 4065 debitis
1219 4001 1298 4064 locis
1326 4000 1573 4082 diligentissime
1597 4020 1743 4083 perscru-

185 4118 274 4176 rnus,
286 4099 370 4180 quod
382 4098 503 4181 antiqui
524 4100 669 4163 doctores
689 4100 787 4164 libros
805 4122 878 4165 suos
893 4105 941 4166 di·
995 4102 1101 4164 tanda

185 4196 250 4260 ctis
272 4196 533 4280 philosophorum
554 4206 684 4261 eatenus
705 4198 889 4279 referciunt,
905 4204 980 4269 utll

186 4294 318 4377 ignores
333 4293 409 4377 quid
425 4294 563 4377 primum
579 4296 694 4360 debeas
709 4298 940 4380 admirari,sci-
1203 4292 1449 4358 ARTICULUS
1473 4292 1532 4357 IV·

187 4393 311 4458 entiam
327 4393 434 4457 saeui
450 4393 499 4456 rel
515 4394 728 4459 eruditionem
744 4399 940 4463 sacraeScri-
995 4443 1064 4503 Cur
1076 4445 1163 4502 dona
1178 4443 1245 4503 'm
1262 4442 1421 4501 dicamur
1434 4442 1542 4517 pocius
1563 4442 1648 4501 dom
1667 4443 1741 4517 Spi-

187 4490 601 4604 plurae'ssthuncm‘ldw
621 4494 937 4603 ¹¹¹⁰d⁰¹⁸l¹ld⁰⁰¹⁰l⁹⁵²
1035 4533 1122 4591 ritus
1149 4533 1267 4593 Sancti
1293 4549 1389 4609 quam
1419 4531 1536 4591 Patris
1564 4534 1614 4591 vei
1643 4533 1740 4601 Filii,

186 4588 643 4673 'l'homns‚hlbertns,AEgrdrus
656 4611 693 4655 ac
705 4592 760 4655 alu
774 4602 938 4660 renovant.
1035 4640 1136 4699 qum„
1156 4630 1263 4681 tamen
1285 4637 1382 4695 opera
1403 4620 1581 4681 primati,
1601 4621 1668 4680 ,im
1689 4621 1740 4680 in,

1034 4711 1152 4773 divisa.

399 4808 643 4876 ARTICULUS
668 4812 729 4877 ΙΙΙ.

290 4940 344 4999 An
360 4940 447 4999 dona
464 4959 485 4998 α
500 4941 681 5001 virtutibus
702 4944 839 5004 realiter

431 5030 696 5106 distinguantur.

1061 4888 1107 4951 S'l
1121 4896 1226 4952 autem
1238 4895 1350 4952 natura
1360 4886 1513 4971 operandi
1525 4886 1739 4973 principium:

1073 4986 1292 5051 diciturenim
1313 4995 1437 5067 natura,
1452 4988 1528 5068 quia
1548 5007 1587 5051 ex
1608 5007 1646 5051 ea
1659 4988 1742 5051 actio

995 5086 1146 5150 nascitur.
1163 5086 1432 5161 Quemadmodum
1447 5086 1545 5168 igitur
1558 5087 1655 5149 trium
1669 5088 1740 5149 Per-

260 5176 505 5254 umquamne
533 5181 739 5261 questionem
764 5184 803 5247 de
827 5184 940 5248 distin·
996 5204 1145 5249 sonarum
1169 5184 1349 5247 divinarum
1371 5192 1420 5247 est
1439 5204 1504 5248 una
1525 5184 1662 5248 essentia
1686 5203 1742 5247 seu

274 5277 381 5341 ctione
396 5276 548 5341 virtutum
563 5298 582 5341 a
595 5279 700 5359 donis,
716 5282 863 5364 Magister
877 5292 938 5346 ter·
997 5292 1121 5363 natura,
1143 5283 1186 5346 ita
1206 5292 1238 5346 ct
1258 5283 1342 5346 actio
1363 5302 1419 5352 seu
1440 5284 1582 5366 operatio
1601 5283 1743 5365 ipsarum

315 5406 348 5459 Τ.
367 5408 407 5459 35.
1587 5420 1618 5468 11
