4309 6259
820 500 977 547 exaestuo
998 500 1098 548 ntum
1121 500 1129 545 :
1152 500 1243 547 vaula
1262 498 1442 547 annnam
1462 492 1594 546 effluit!

693 958 780 1080 IN
844 957 1356 1084 NATIVITATE
1419 958 1727 1081 DOMINI

1077 1318 1343 1414 HYMNUS

546 1674 576 1735 l.
594 1671 695 1735 Venit
712 1671 917 1753 Redemptor
935 1673 1097 1753 gentium,
1347 1674 1378 1735 5.
1393 1672 1555 1753 Egressus
1574 1673 1679 1753 ejusa
1697 1673 1806 1752 Patre,

522 1770 706 1833 Ostendens
725 1772 857 1850 partum
877 1768 1036 1850 Virginis.
1324 1769 1509 1849 Regressus
1528 1770 1600 1849 ejus
1618 1771 1659 1833 ad
1675 1770 1819 1850 Patrem,

523 1868 660 1931 Miretur
678 1885 777 1931 omne
796 1867 958 1931 saeculum
979 1888 986 1929 :
1327 1869 1496 1931 Excursus
1511 1885 1615 1949 usque
1631 1869 1672 1931 ad
1690 1869 1826 1945 interos,

522 1965 613 2029 Talis
631 1967 725 2030 decet
743 1966 857 2047 partus
876 1966 996 2029 Deum.
1325 1965 1492 2029 Recursus
1511 1966 1678 2030 adsedem
1697 1967 1770 2030 Dei.

545 2161 577 2225 2.
599 2162 673 2225 Non
692 2180 734 2225 ex
754 2160 842 2224 virili
861 2161 999 2241 semine,
1349 2162 1802 2244 6.AEquatisaetern01>atri,

525 2260 589 2323 Sed
609 2260 749 2341 mystico
765 2258 956 2340 spiramine,
1326 2260 1441 2323 Carnis
1461 2262 1608 2342 trophaeo
1626 2262 1815 2342 accingere3

523 2358 670 2421 Verbum
687 2358 749 2421 Dei
768 2357 892 2421 factum
911 2374 998 2435 caro,
1326 2358 1461 2421 Infirma
1474 2359 1579 2421 nostri
1598 2359 1745 2438 corporis

525 2455 732 2536 Fractusque
750 2456 875 2518 ventris
893 2455 1016 2519 floruit.
1326 2455 1457 2519 Virtute
1471 2451 1606 2519 firmans
1620 2456 1758 2536 perpeti.

546 2654 577 2717 3.
599 2651 704 2715 Alvus
723 2652 879 2715 tumescit
897 2650 1056 2732 Virginis,
1348 2653 1379 2714 7.
1399 2653 1551 2733 Praesepe
1562 2652 1632 2732 jam
1652 2651 1757 2732 fulget
1774 2653 1881 2728 tuum,

523 2751 674 2815 Claustra
692 2750 829 2831 pudoris
843 2750 1046 2830 permanent,
1325 2751 1519 2830 Lumenque
1534 2768 1600 2812 nox
1618 2751 1722 2831 spirat
1735 2767 1861 2812 novum
1879 2770 1886 2812 ε

523 2847 655 2912 Vexilla
673 2848 834 2910 virtutum
853 2846 986 2925 micant,
1326 2848 1422 2921 Quod
1436 2847 1527 2909 nulla
1544 2866 1610 2911 nox
1630 2847 1816 2928 interpolet,

522 2946 681 3009 Versatur
699 2946 735 3006 in
752 2945 876 3026 templo
890 2946 992 3007 Deus.
1323 2945 1470 3026 Fideque
1486 2945 1559 3025 J'ugi
1574 2944 1692 3007 luceat.

545 3142 575 3203 4.
593 3140 778 3203 Procedens
794 3156 811 3203 c
830 3140 975 3203 thalamo
990 3158 1063 3219 suc,
1346 3142 1377 3202 8.
1394 3140 1508 3204 Gloria
1523 3139 1595 3218 tihi,
1617 3140 1768 3219 Domine,

523 3238 665 3302 Pudoris
684 3237 759 3300 aula
773 3238 874 3319 regia,
1325 3239 1389 3311 Oui
1408 3240 1506 3302 natus
1526 3239 1616 3301 esde
1633 3238 1778 3317 Virgine,

523 3337 672 3401 Geminas
691 3336 784 3417 gigas
803 3336 1007 3414 substantiae,
1322 3337 1406 3399 Cum
1424 3336 1521 3399 Patre
1540 3338 1573 3399 et
1591 3338 1710 3400 Sancto
1729 3336 1867 3416 Spiritu,

522 3434 651 3498 Alacris
666 3435 704 3497 ut
722 3435 831 3497 currat
849 3436 949 3497 viam.
1321 3434 1360 3495 In
1379 3434 1579 3514 sempiterna
1597 3433 1728 3497 saecula.
1745 3434 1863 3496 Amen.

939 3805 1248 3891 EXPOSITIO
1291 3806 1479 3889 HYMNI

477 4114 644 4177 Launsruu
659 4113 692 4175 in
708 4132 745 4176 eo
760 4112 901 4175 Christus
911 4112 965 4175 Dei
981 4111 1183 4194 Filius‚qu0d
1198 4114 1222 4175 A
1237 4132 1295 4196 per
1313 4114 1561 4178 consolationem
1587 4113 1755 4194 internam,
1777 4116 1983 4179 illuminatio-

438 4232 496 4295 pro
518 4212 610 4275 nobis
633 4210 838 4287 redimendis,
862 4211 1032 4272 humanam
1055 4230 1183 4273 earnem
1238 4231 1311 4273 nem
1345 4211 1523 4293 piissimam
1551 4220 1582 4274 ct
1615 4212 1900 4276 inflammationem
1933 4234 1982 4277 as-

438 4311 477 4373 de
495 4309 590 4371 llatre
609 4308 740 4389 Virgine
760 4307 942 4391 sumpserit,
958 4316 989 4369 et
1008 4307 1183 4370 nativitatis
1238 4309 1372 4371 siduam.

437 4408 539 4490 ipsius
554 4408 729 4469 secundum
751 4426 878 4470 caruem
894 4405 1043 4488 mysteria
1063 4406 1117 4488 pic
1137 4426 1184 4468 re
1278 4406 1339 4469 Alii
1368 4415 1496 4470 cantant
1523 4409 1675 4489 hymnum
1704 4408 1788 4471 hunc
1817 4409 1850 4471 in
1880 4412 1983 4473 solen·

436 4514 591 4569 serantur.
1238 4504 1336 4567 nitate
1364 4505 1543 4569 Natiuitatis
1571 4506 1696 4584 Christi,
1727 4514 1758 4567 et
1786 4507 1897 4571 dicunt
1926 4529 1982 4592 per

479 4606 596 4667 Auctor
610 4604 719 4666 beatus
736 4612 825 4685 pater
838 4601 1033 4665 Ambrosius.
1050 4601 1182 4663 Carmen
1238 4604 1367 4665 modum
1396 4604 1568 4685 gratiarum
1597 4603 1731 4666 actionis
1765 4625 1801 4667 ac
1835 4606 1983 4687 spiritua-

437 4702 610 4766 iambicum
626 4702 807 4765 dimetrum.
1239 4702 1277 4765 lis
1303 4702 1419 4765 laetitiae
1441 4722 1537 4785 super
1558 4703 1799 4784 incomparabili
1822 4704 1981 4768 beneficio

1238 4800 1467 4864 incarnationis
1482 4799 1720 4882 nativitatisque
1740 4800 1811 4862 Filii
1826 4802 1880 4864 Dei
1900 4827 1907 4865 :
1924 4803 1982 4865 Ve-

512 4899 587 4963 UNC
611 4899 763 4981 hymnum
791 4903 920 4959 cantant
943 4896 1041 4978 aliqui
1066 4896 1099 4958 in
1123 4897 1184 4959 Ad·
1237 4899 1286 4960 nit
1314 4898 1346 4960 in
1376 4906 1500 4961 uterum
1530 4897 1803 4961 excellentissimae
1828 4899 1979 4981 Virginis,

526 5006 636 5076 ventu,
653 5005 684 5060 et
703 4995 814 5059 dieunt
831 5019 837 5056 :
856 4995 946 5073 Veni,
964 4996 994 5058 id
1014 5004 1072 5073 est,
1090 4996 1183 5077 spiri·
1238 5016 1302 5060 nou
1322 5016 1379 5079 per
1399 4996 1460 5060 loci
1483 4996 1689 5058 mutationem
1711 5004 1764 5059 eut
1785 4997 1981 5078 corporalem

434 5098 563 5162 tualiter
577 5094 777 5160 descendciu
794 5102 918 5158 tuorum
931 5093 1182 5159 cordaiidclium
1239 5095 1429 5177 ingressum,
1456 5095 1511 5156 sed
1536 5114 1592 5175 per
1614 5093 1844 5157 lncamationis
1868 5104 1982 5177 myste-

437 5217 494 5281 per
508 5194 616 5278 gratim
632 5192 836 5270 inlusionem,
849 5199 902 5253 aut
916 5212 973 5275 per
987 5192 1100 5255 inlusae
1115 5212 1184 5273 gra·
1238 5192 1332 5255 rium.
1350 5192 1443 5254 Venit
1462 5192 1537 5254 item
1563 5190 1596 5253 iu
1617 5199 1739 5253 uterum
1764 5191 1904 5273 Virginis
1925 5212 1983 5275 per

438 5294 490 5360 tiae
509 5295 741 5357 incrementum
763 5310 799 5353 ac
819 5290 970 5353 virtutum
992 5290 1181 5373 proiectum,
1198 5291 1222 5354 Β
1238 5289 1435 5354 nativitatem
1458 5290 1491 5351 in
1514 5297 1614 5367 utero,
1630 5308 1692 5370 qua
1713 5288 1783 5371 ejus
1801 5289 1981 5354 humanitas
