4309 6259
180 472 185 485 ¹
294 514 335 560 nn
355 512 556 561 samareum
576 514 704 563 anrtnrs
725 516 762 561 ετ
782 516 880 562 tussa
900 515 1128 564 cnaaaaarvovn
1149 514 1309 564 nraaocos.
1333 535 1373 546 -
1394 516 1462 563 aar.
1486 516 1563 564 xxm
1642 498 1701 562 tlt

155 700 210 745 vos
235 702 403 765 pauperes,
427 685 574 748 infirmos
600 694 631 748 θῖ
662 685 820 769 indignos.
847 685 901 747 Se
916 686 941 747 Α
956 686 1042 750 natio
1063 688 1201 765 mentis;
1218 687 1372 769 decimus,
1389 708 1449 769 pax
1470 687 1629 770 pectoris3
1646 706 1703 749 un-

155 782 276 845 cundus
301 784 417 864 gradus
441 793 489 847 θεῖ
513 784 707 847 desiderium
731 784 836 848 cordis
860 785 899 847 ad
955 784 1111 863 decimus,
1141 804 1234 867 sapor
1263 785 1457 868 spiritualis;
1483 785 1700 863 duodecimus,

155 887 276 941 tantum
291 881 489 962 mysterium,
499 882 649 963 quoniam
663 902 702 945 ex
715 900 823 945 amore
838 881 900 945 fer·
954 883 1057 946 unitio
1072 892 1105 946 et
1119 884 1224 945 unitas
1239 884 1382 965 quaedam
1404 884 1521 945 mentis
1543 902 1616 946 cum
1639 882 1703 946 Deo

155 976 240 1039 venti
265 984 315 1039 est
341 979 568 1055 accedendum,
592 980 689 1043 corde
712 980 750 1042 ad
776 987 898 1042 tantum
954 998 1012 1060 per
1025 981 1165 1043 caritatis
1180 981 1420 1063 perfectionem.
1437 980 1498 1043 lsta
1513 981 1552 1044 ad
1575 980 1704 1061 paucio-

154 1075 272 1137 bonum
300 1075 509 1157 spiritualiter
534 1076 644 1139 hiante
671 1100 677 1138 :
704 1076 898 1139 desiderium
954 1096 989 1139 ra
1009 1088 1130 1159 queunt
1155 1079 1275 1141 reduci.
1294 1078 1374 1155 Quid
1394 1086 1442 1141 est
1467 1079 1551 1140 enim
1578 1078 1704 1141 confor-

153 1172 270 1253 quippe
284 1191 340 1235 cor
352 1174 455 1254 aperit
474 1173 513 1235 ad
536 1173 705 1237 desiderati
724 1176 899 1257 susceptio-
954 1176 1042 1255 tatio,
1057 1176 1119 1238 nisi
1136 1175 1298 1257 profectus
1313 1176 1422 1258 gratiae
1443 1184 1475 1239 et
1495 1183 1701 1258 augmentum

153 1288 238 1347 nem,
254 1278 287 1333 ct
307 1279 425 1352 quanto
450 1291 524 1335 cum
547 1272 714 1336 sinceriori
739 1274 898 1337 desiderio
953 1272 1130 1336 virtutumf
1149 1276 1364 1355 Augmentum
1386 1274 1481 1337 etiam
1503 1274 1702 1337 liberalitatis

151 1369 221 1451 quis
247 1370 383 1449 accedit,
408 1378 495 1433 tanto
519 1372 680 1454 copiosius
707 1373 898 1435 sacramenti
953 1373 1014 1435 sub
1041 1373 1298 1454 augmentatione
1323 1372 1504 1435 continetur
1528 1372 1700 1451 virtutum;

151 1467 248 1549 bujus
272 1467 395 1531 fructus
413 1477 446 1530 θῖ
463 1467 600 1532 effectus
619 1470 760 1533 sortitur.
776 1470 898 1534 ldcirco
954 1471 1008 1533 sed
1033 1479 1065 1533 et
1092 1488 1187 1553 sapor
1211 1470 1397 1553 spiritualis,
1425 1490 1484 1553 pax
1510 1471 1646 1553 pectoris
1671 1479 1702 1533 et
1717 1493 1849 1537 armen·

151 1584 215 1627 non
229 1565 319 1628 arida
332 1566 574 1647 consuetudine,
590 1585 654 1630 non
669 1586 743 1629 cum
758 1567 850 1631 taedio
866 1577 899 1632 et
954 1568 1062 1631 laetitia
1091 1568 1264 1651 spiritualis
1288 1568 1484 1649 coincidunt,
1500 1570 1646 1650 quamvis
1671 1576 1703 1632 ct
1715 1556 1850 1661 {ffigng

151 1662 293 1741 borrore,
319 1681 382 1726 non
408 1682 481 1726 cum
507 1663 635 1745 ignavia
662 1672 694 1727 et
722 1671 830 1747 tepore
858 1666 897 1727 ad
953 1665 1217 1747 distinguantur*.
1715 1683 1818 1735 munau.

150 1769 244 1823 tantae
257 1760 423 1842 dignitatis
436 1770 469 1825 θῖ
481 1762 656 1842 majestatis
667 1770 898 1825 sacramentum

149 1870 195 1921 cst
220 1859 470 1941 procedendum,
491 1861 546 1924 sed
572 1880 645 1923 cum
669 1862 940 1944 praeparationeB
1127 1874 1372 1940 ARTIGULUS
1399 1874 1527 1940 xxm,

150 1975 245 2038 supra
270 1957 442 2039 descripta.
467 1958 547 2021 llinc
572 1959 685 2022 tertius
708 1959 825 2041 gradus
849 1967 898 2022 est

150 2056 330 2119 reverentia
359 2057 465 2119 cordis
499 2076 538 2119 ex
570 2064 665 2121 tantae
693 2057 897 2120 sublimitatis

149 2153 405 2217 consideratione
423 2162 579 2237 concepta
601 2156 640 2218 ad
665 2164 898 2219 sacramentum

149 2261 211 2315 tam
233 2271 408 2333 summum,
424 2253 508 2315 sicut
528 2254 705 2334 expositum
728 2262 788 2317 θεῖ.
803 2256 900 2329 Quar-

149 2358 198 2413 tus
221 2351 341 2432 grndus
368 2360 418 2413 est
444 2352 614 2432 munditia,
640 2352 716 2433 quia
742 2371 806 2417 non
835 2353 898 2416 nisi
994 2351 1166 2415 Sacnunos.
1189 2387 1229 2397 —
1252 2349 1405 2415 Deflenda
1430 2358 1478 2413 est
1502 2358 1609 2415 nostra
1633 2369 1705 2433 per-

149 2468 227 2531 pura
255 2456 364 2511 mente
393 2449 583 2512 sumendum
615 2459 664 2514 θεῖ
690 2452 750 2515 boc
778 2451 897 2515 donum
955 2448 1099 2529 versitas,
1113 2448 1317 2531 ingratitudo,
1331 2449 1526 2531 insipientia,
1540 2448 1705 2530 negligen-

149 2547 387 2629 supercoeleste,
423 2550 509 2628 quod
543 2556 593 2611 θεῖ
627 2549 763 2632 ipsemet
795 2550 897 2631 dator,
955 2547 1010 2625 tia,
1036 2554 1155 2629 torpor,
1182 2548 1302 2628 acedia,
1327 2548 1412 2628 quod
1436 2548 1475 2611 ad
1500 2555 1564 2610 tam
1594 2566 1704 2629 super-

148 2644 230 2707 Deus
250 2653 286 2707 θῖ
307 2653 430 2709 creator
448 2646 613 2710 coelorum.
629 2647 763 2722 Quintus
782 2648 898 2729 gradus
954 2645 1134 2727 dignissimi
1169 2646 1357 2709 sacramenti
1393 2646 1639 2709 celebrationem
1672 2653 1704 2708 et

149 2751 196 2804 θεῖ
222 2742 380 2806 memoria
407 2743 578 2807 dominice
604 2744 776 2827 passionis,
806 2746 898 2827 cujus
954 2752 1097 2807 sanctam
1113 2744 1369 2808 communionem
1387 2763 1449 2808 non
1472 2743 1574 2826 magis
1595 2741 1703 2806 affici-

148 2840 334 2904 memoriale
355 2842 448 2903 valde
472 2840 740 2905 inflammativum
766 2850 815 2905 est
838 2844 898 2907 boc
954 2861 1037 2923 mur,
1053 2851 1118 2905 tam
1134 2843 1270 2905 faciliter
1284 2841 1492 2917 abstinemus,
1509 2850 1573 2905 tam
1588 2861 1701 2923 parum

150 2948 396 3001 sacramentum.
419 2940 565 3014 Quotidie
588 2958 665 3021 ergo
688 2941 899 3004 attentissime
954 2960 1012 3003 nos
1037 2959 1262 3023 praeparamus.
1283 2942 1360 3021 lleu,
1384 2941 1466 3003 beut
1484 2941 1579 3004 bomo
1603 2960 1701 3021 quum
1731 2968 1849 3020 remu

148 3045 195 3098 est
207 3035 410 3117 pensandum
424 3056 506 3118 quaa,
521 3046 640 3119 quanta
661 3046 693 3101 et
713 3038 820 3120 qualia
841 3042 935 3121 prot}
955 3039 987 3099 in
1016 3039 1138 3101 bonore
1165 3046 1260 3119 esset,
1287 3057 1351 3101 non
1377 3037 1542 3101 intellexit.
1571 3038 1702 3101 Fastidi-
1717 3032 1750 3074 ¹⁸·

148 3134 333 3197 bominibus
348 3136 479 3217 pertulit
493 3136 590 3199 lilius
604 3136 658 3199 Dei
673 3160 681 3198 ε
698 3138 781 3218 quod
797 3146 897 3201 totum
954 3155 1025 3199 mus
1040 3155 1156 3198 manna
1172 3136 1311 3217 coeleste,
1329 3136 1477 3217 quoniam
1494 3136 1564 3217 ejus
1590 3136 1703 3217 praefa-

148 3241 194 3294 est
217 3232 491 3296 reminiscendum
513 3233 552 3295 ad
572 3235 842 3316 compatiendum,
858 3237 898 3299 ad
953 3242 1002 3297 tos
1025 3233 1148 3297 fructus
1170 3234 1459 3315 saluberrimosque
1480 3233 1617 3296 effectus
1636 3252 1701 3297 non

149 3331 352 3411 imitandum,
369 3333 408 3395 ad
423 3332 669 3414 regratiandum,
686 3336 726 3398 ad
740 3336 899 3399 admiran-
953 3332 1134 3415 experimur
1165 3356 1172 3393 ι
1204 3339 1235 3393 θῖ
1267 3332 1339 3411 Ιῖοθ,
1370 3332 1520 3413 quoniam
1555 3331 1700 3414 imparati

147 3430 236 3509 dum,
251 3431 295 3493 ad
316 3430 526 3513 diligendum,
543 3432 581 3494 ad
603 3434 895 3515 contemplandum.
952 3430 1105 3493 accedere
1133 3430 1171 3491 ad
1196 3430 1296 3493 Deum
1324 3429 1499 3510 majestatis
1527 3447 1563 3491 ac
1591 3429 1700 3510 gloriae

148 3526 259 3591 Sextus
275 3528 393 3610 gradus
407 3536 456 3591 est
471 3548 505 3591 εθ
520 3529 625 3611 ipsum
642 3531 675 3591 in
689 3530 788 3593 Deum
803 3532 898 3613 proji-
953 3528 1022 3590 sine
1049 3527 1174 3590 decenti
1204 3528 1383 3591 reverentia
1411 3535 1442 3589 θῖ
1470 3534 1557 3589 casto
1586 3526 1699 3589 timore

148 3644 231 3703 cere,
257 3625 322 3688 boc
345 3633 393 3687 est
416 3632 483 3688 tota
504 3634 609 3689 mente
634 3628 667 3691 in
697 3647 755 3690 sua
781 3628 897 3709 pietate
952 3644 1017 3687 non
1032 3643 1189 3687 veremur.
1204 3623 1271 3687 Non
1287 3622 1525 3687 consideramus
1541 3622 1699 3685 mirabilia
1722 3639 1761 3683 ra.
1774 3654 1847 3693 aar.

148 3722 327 3801 confidere,
343 3730 375 3785 et
388 3740 422 3785 se
437 3742 503 3785 suaa
516 3722 669 3804 piissime
690 3724 898 3806 providentiae
952 3723 1032 3804 legis
1046 3722 1122 3801 llei3
1139 3740 1203 3785 non
1224 3720 1478 3803 contemplamur
1499 3720 1698 3783 altitudinem
1714 3706 1746 3747 ¹⁸·

148 3820 351 3883 confidenter
384 3820 595 3901 committere,
629 3840 702 3884 cum
738 3822 898 3885 indelessa
953 3820 1078 3884 consilii
1094 3820 1254 3901 sapientie
1277 3817 1647 3901 superexcellentissima)
1668 3826 1701 3881 et

148 3919 355 3982 exsecutione
388 3938 499 3982 eorum
533 3939 604 4001 quaa
635 3920 696 3983 sibi
731 3921 898 4003 possibilia
953 3918 1239 4001 superdulcissimae
1251 3916 1413 3979 Trinitatis
1428 3936 1522 3998 super
1535 3916 1628 3980 modo
1643 3916 1701 3979 sal-

148 4024 233 4094 sunt,
259 4016 372 4097 sicque
400 4017 434 4078 in
463 4016 527 4080 Deo
551 4036 695 4081 amorosa
720 4019 895 4099 quiescere.
953 4016 1091 4081 vationis
1104 4014 1231 4097 generis
1250 4015 1394 4095 humani,
1411 4033 1471 4077 nec
1488 4014 1699 4077 rationabilis-

149 4115 266 4177 l'erum
281 4114 316 4176 bi
336 4115 453 4196 gradus
475 4116 568 4178 aliter
588 4124 619 4179 et
640 4116 745 4199 aptius
766 4126 900 4199 possunt
954 4117 1067 4179 simam
1087 4123 1181 4196 atque
1203 4113 1451 4197 pulcherrimam
1471 4112 1700 4175 connexionem

147 4212 258 4294 utique
287 4212 454 4293 assignari,
484 4213 635 4277 videlicet
660 4237 668 4277 ε
695 4214 899 4279 conscientie
915 4218 940 4280 D
954 4234 1064 4279 eorum
1078 4232 1148 4295 quae
1163 4212 1335 4291 credimus,
1352 4229 1487 4295 quorum
1503 4210 1702 4291 unumquod-

148 4310 287 4393 diligens
311 4311 513 4391 examinatio,
534 4312 629 4394 plena
652 4313 812 4394 contritio,
829 4334 900 4397 per·
954 4332 1016 4395 que
1030 4332 1087 4395 per
1108 4332 1142 4375 se
1161 4319 1339 4394 acceptum,
1349 4310 1496 4392 quamvis
1512 4308 1701 4371 mirabiliter
1723 4327 1727 4335 ·

147 4406 232 4471 fecta
254 4408 428 4489 confessio,
444 4417 507 4473 etc.
954 4420 1056 4490 sonet,
1082 4418 1113 4473 et
1137 4408 1215 4471 filiis
1239 4407 1346 4471 secuti
1372 4407 1480 4489 hujus,
1503 4406 1701 4489 sapientibus

186 4506 335 4571 Effectus
358 4508 487 4571 demum
516 4510 706 4573 sacramenti
730 4510 827 4592 hujus
856 4512 901 4574 ita
954 4509 1078 4587 mundi,
1095 4505 1184 4589 quasi
1209 4505 1397 4569 incredibile
1422 4504 1577 4585 videatur,
1594 4514 1701 4568 tamen

148 4607 327 4688 assignant,
352 4614 388 4669 ut
410 4607 533 4689 primus
558 4607 599 4670 sit
622 4616 826 4691 peccatomm
851 4630 901 4673 re·
954 4610 1030 4671 dum
1054 4605 1163 4670 omnia
1187 4612 1435 4685 comportantur,
1453 4610 1632 4684 cunctaque
1654 4623 1702 4667 sa-

149 4704 278 4783 missio;
290 4706 460 4783 secundus,
468 4706 573 4769 cordis
588 4707 710 4770 curatio
725 4727 743 4769 a
756 4708 900 4789 reliquiis
955 4725 1015 4769 crae
1030 4704 1106 4766 fidei
1121 4709 1308 4785 argumenta
1322 4701 1381 4765 rite
1396 4709 1621 4784 pensantur,et
1636 4722 1704 4765 cre-

149 4803 322 4881 vitiorum;
339 4803 460 4883 tertius,
476 4804 620 4867 custodia
641 4824 696 4868 seu
721 4806 901 4869 munimen·
954 4803 1129 4867 dandorum
1145 4800 1310 4881 connexio,
1327 4800 1546 4879 consonantia,
1559 4799 1703 4862 sublimi-

150 4907 234 4978 tum,
250 4908 394 4981 quartus,
410 4901 602 4965 confortatio
616 4902 738 4982 cordis;
754 4904 897 4986 quintus,
954 4911 1012 4979 tas,
1040 4899 1246 4984 spiritualitas
1270 4898 1487 4977 attenduntur,
1512 4897 1558 4959 nil
1583 4896 1700 4976 verius,

151 4998 328 5061 consolatio
342 4998 516 5079 spiritualis
529 5023 538 5078 3
554 5008 671 5078 sextus,
692 5012 898 5083 augmentum
954 4999 1001 5061 nil
1016 4997 1216 5081 profundius,
1232 4998 1278 5060 nil
1294 4995 1515 5059 rationabilius
1530 4995 1581 5057 vel
1596 4996 1702 5076 potius

151 5095 373 5174 liberalitatis3
389 5097 556 5178 septimus,
572 5100 788 5180 augmentatio
802 5100 899 5163 virtu·
955 5096 1271 5180 superrationabilius
1287 5095 1468 5158 christianae
1483 5092 1559 5155 fidei
1581 5093 1703 5156 tbeoria

151 5202 239 5273 tum3
256 5201 400 5274 octavus,
415 5193 592 5259 vivificatio
616 5216 673 5260 seu
697 5198 823 5279 agilitas
846 5206 901 5262 aut
955 5196 1112 5260 consistit.

152 5292 302 5355 alacritas
321 5294 360 5356 ad
384 5294 469 5357 bona
492 5294 634 5376 agenda,
650 5313 765 5377 nonus,
781 5296 899 5359 illumi·
994 5295 1123 5377 Oportet
1147 5312 1222 5375 ergo
1243 5293 1283 5356 ad
1303 5310 1358 5356 cor
1376 5290 1474 5355 altum
1494 5288 1646 5353 accedere
1665 5307 1702 5355 ac
1716 5312 1850 5366 reamur.

279 5424 313 5478 Τ.
327 5426 365 5476 35.
1547 5422 1578 5475 27

953 2016 1194 2075 Commendatio
1226 2016 1424 2075 sacramenti
1451 2014 1552 2091 hujus
1578 2016 1623 2073 ad
1655 2034 1703 2073 ce·

994 2105 1189 2164 lebrandum
1224 2112 1254 2163 et
1289 2105 1592 2164 communicandum
1626 2106 1701 2163 ulli·

993 2212 1086 2254 cacus.
