4309 6259
523 502 564 551 ιι
583 504 674 553 nonu
695 506 829 553 summos
849 504 967 561 cancri,
989 502 1164 553 reimarus
1186 506 1230 552 ιιι.
1252 524 1293 537 -
1312 507 1384 554 ιιι.
1407 506 1449 564 ιι,
1471 506 1492 553 ι
1722 482 1782 553 ild

997 674 1113 739 dsunt
1127 676 1160 737 in
1176 686 1275 755 motu,
1291 686 1385 759 atque
1400 676 1462 739 alia
1476 676 1552 739 dum
1573 674 1729 738 exsistunt
1748 674 1782 739 in

445 732 690 799 ARTICULUS
713 734 773 797 IX·
1035 774 1173 838 tennino
1193 784 1307 838 motus.
1323 774 1375 837 Sic
1398 774 1517 837 donum
1542 772 1668 837 consilii
1692 771 1785 835 aliter

233 886 291 948 An
310 886 435 945 donum
454 884 587 944 mositii
600 892 784 960 perseveret
805 884 841 943 iu
856 884 981 959 patria.
1036 882 1186 955 operatur
1202 874 1233 935 in
1248 872 1434 949 viatoribus,
1451 870 1604 953 aliterque
1620 871 1653 933 in
1667 868 1781 933 Beatis.

1077 971 1253 1035 Dicendum
1275 972 1393 1053 itaque,
1409 970 1493 1053 quod
1516 970 1634 1032 donum
1656 967 1782 1032 consilii

303 1068 464 1133 llll'Ul’ES
489 1077 730 1151 praetereaque
754 1068 787 1130 in
811 1088 869 1131 sna
889 1069 984 1133 ratio-
1037 1078 1145 1132 manet
1164 1070 1196 1131 ιιι
1216 1068 1328 1151 ριιιιι,
1344 1069 1377 1131 in
1403 1076 1556 1151 quantum
1577 1066 1659 1129 Deus
1684 1066 1785 1129 conti-

318 1186 360 1229 ne
374 1165 651 1249 imperfectionem
665 1166 786 1229 nnllam
801 1165 981 1245 includunt,
1037 1176 1115 1231 nuat
1128 1176 1222 1250 atquc
1243 1174 1461 1231 conservatae
1477 1164 1605 1249 perficit
1626 1164 1659 1225 in
1681 1162 1784 1226 Beatis

232 1274 358 1329 certum
377 1274 428 1328 est
447 1282 633 1347 permanere
652 1264 686 1326 in
705 1264 817 1345 patria,
834 1264 985 1345 quemad·
1037 1265 1253 1347 cognitionem
1267 1264 1405 1328 consilii.
1422 1264 1504 1327 Deus
1525 1263 1612 1326 enim
1627 1268 1674 1323 est
1689 1278 1784 1325 causa

233 1364 367 1427 modum
396 1362 522 1439 caritas,
551 1361 688 1443 justitia,
714 1361 888 1437 fortitudo;
912 1380 983 1442 quaa
1037 1364 1180 1426 omnium
1196 1362 1429 1445 perfectionum
1451 1358 1677 1425 intellectualis
1699 1378 1785 1422 crea-

233 1470 341 1525 autcm
356 1458 634 1541 imperfectionem
649 1460 828 1537 includunt,
841 1478 906 1523 non
922 1480 985 1523 ma·
1037 1470 1115 1524 turm
1130 1480 1168 1524 eo
1182 1462 1277 1525 modo
1291 1479 1355 1542 quo
1376 1460 1422 1523 sol
1445 1468 1495 1524 est
1515 1478 1611 1523 eausa
1631 1456 1785 1521 claritatis

231 1568 312 1621 nent
332 1558 366 1619 in
387 1559 501 1641 patria,
517 1566 553 1621 nt
573 1557 667 1636 fides,
683 1578 767 1641 spes.
785 1558 877 1621 lidos
896 1558 983 1621 enim
1038 1559 1070 1620 in
1096 1578 1179 1637 aere,
1206 1566 1313 1641 utpote
1341 1558 1375 1621 in
1403 1558 1473 1621 fieri
1502 1565 1534 1621 et
1561 1574 1747 1639 permanere
1774 1576 1783 1615 ε

231 1655 510 1737 imperfectionem
539 1656 732 1738 cognitionis
766 1655 923 1731 includit;
952 1663 983 1717 et
1037 1657 1122 1719 unde
1143 1675 1206 1719 non
1232 1656 1334 1719 solum
1359 1654 1521 1718 illuminat
1543 1662 1682 1717 mentem
1708 1653 1784 1716 dum

230 1772 319 1834 spes,
335 1753 410 1817 boni
427 1754 526 1835 optati
541 1753 717 1815 absentiam
734 1777 742 1815 ι
758 1772 894 1835 quorum
913 1752 984 1815 nul·
1038 1754 1142 1837 primo
1157 1753 1298 1816 veritatis
1314 1752 1459 1817 notitiam
1475 1751 1580 1829 tradit,
1597 1752 1652 1813 sed
1673 1768 1785 1831 quam-

229 1852 300 1913 lum
319 1852 354 1913 in
378 1851 479 1933 patria
502 1859 614 1929 exstat,
642 1851 676 1913 in
700 1871 763 1932 qua
786 1850 983 1933 conspicitur
1001 1850 1092 1914 Bdiu
1118 1871 1208 1914 mens
1232 1852 1264 1913 in
1292 1851 1434 1915 veritatis
1453 1850 1565 1914 notitia
1589 1854 1781 1931 perseverat.

228 1950 315 2011 Deus
329 1949 517 2013 benedictus
531 1949 615 2013 facie
636 1951 675 2012 ad
697 1948 813 2013 facicm
835 1957 867 2012 et
887 1948 982 2011 sicuti
1037 1950 1191 2031 Denique,
1208 1950 1357 2031 Dionysio
1371 1957 1579 2027 contestante,
1592 1946 1697 2029 angeli
1713 1946 1785 2008 illu·
1808 1963 1931 2009 ιιιωιωι.

228 2056 302 2118 est;
317 2066 383 2129 quo
401 2057 434 2110 et
447 2047 533 2111 Beati
556 2048 738 2111 immediate
760 2066 833 2109 cum
857 2047 983 2111 inexco-
1037 2049 1200 2111 minantur
1214 2049 1253 2111 dc
1268 2066 1352 2112 novo
1367 2056 1430 2111 ιιιιι
1446 2067 1464 2109 ι
1479 2066 1512 2111 sc
1527 2046 1667 2109 invicem
1688 2062 1783 2126 quam
1798 2026 1852 2071 '²¹⁸⁹'
1862 2038 1881 2071 ⁰·
1894 2040 1931 2070 '¹¹'

228 2145 356 2227 gitabili
383 2146 538 2209 suavitate
563 2145 723 2209 fruuntur,
747 2146 833 2208 ldem
856 2163 982 2227 quoque
1037 2166 1056 2209 a
1083 2147 1158 2211 Deo.
1189 2146 1260 2209 llaec
1289 2152 1394 2209 autom
1425 2143 1615 2208 illuminatio
1644 2162 1708 2207 non
1737 2150 1786 2205 est

227 2243 392 2325 judicium
406 2252 455 2307 est
468 2244 508 2307 de
523 2243 616 2307 donis
630 2243 766 2327 Spiritus
781 2242 887 2307 Sancti
906 2262 984 2325 quo
1037 2252 1192 2325 quantum
1216 2246 1255 2307 ad
1279 2242 1463 2307 beatificam
1486 2241 1541 2305 Dei
1565 2241 1734 2318 visionem,
1751 2240 1784 2303 in

229 2342 273 2403 ad
302 2341 358 2404 illa
385 2360 456 2423 qum
485 2340 761 2423 imperfectionem
790 2359 855 2403 non
883 2341 984 2403 conti·
1037 2360 1101 2423 qua
1120 2360 1215 2405 nemo
1239 2342 1404 2404 beatorum
1429 2340 1544 2403 crescit
1567 2339 1617 2403 vel
1642 2336 1783 2421 proficit,

230 2448 336 2501 nent:
354 2448 388 2502 ut
413 2448 488 2501 sunt
511 2440 595 2502 dona
619 2438 783 2519 sapientia
807 2446 839 2501 et
859 2438 984 2501 intelle
1038 2440 1093 2503 sed
1115 2438 1219 2521 quoad
1242 2437 1378 2503 effectus
1401 2438 1555 2519 quosdam
1580 2437 1619 2499 ad
1643 2435 1785 2499 divinam

230 2546 316 2615 ctus,
338 2537 490 2614 scientiae,
511 2535 719 2600 fortitudinis.
746 2537 807 2600 Sed
829 2536 868 2599 de
890 2536 983 2599 donis
1038 2537 1271 2621 providentiam
1287 2537 1481 2619 pertinentes
1499 2558 1505 2597 :
1523 2552 1658 2617 quorum
1679 2534 1787 2617 cogni-

230 2635 361 2698 consilii
390 2643 422 2697 et
445 2634 585 2717 pietatis,
609 2653 681 2715 qum
705 2644 872 2698 versantur
898 2634 984 2697 circa
1038 2638 1083 2700 tio
1111 2637 1150 2699 ad
1179 2636 1374 2699 accidentale
1403 2635 1515 2699 attinet
1544 2633 1723 2715 premium,
1753 2633 1786 2695 in

230 2732 426 2815 indigentes,
457 2733 511 2816 qui
543 2733 577 2795 in
605 2733 707 2815 patria
734 2752 799 2797 non
829 2741 914 2810 sunt,
943 2733 983 2795 de
1037 2753 1102 2817 quo
1126 2754 1227 2817 usque
1251 2735 1289 2797 ad
1314 2734 1399 2797 diem
1422 2732 1538 2814 judicii
1564 2750 1675 2795 omncs
1699 2730 1785 2793 Beati

229 2832 319 2895 dono
337 2850 465 2913 qnoque
484 2831 619 2911 timoris,
635 2850 699 2895 non
718 2840 768 2895 est
786 2832 865 2894 adeo
888 2829 983 2893 facilc
1038 2832 1195 2914 proficere
1221 2840 1362 2914 possunt.
1389 2831 1476 2894 Unde
1501 2828 1670 2910 Dionysius
1699 2836 1786 2891 sexto

229 2930 447 2993 determinare
474 2949 516 2991 ιιι
539 2936 571 2991 et
595 2930 754 3011 quomodo
779 2936 984 3011 perseverent
1037 2930 1268 2993 Ecclesiasticae
1283 2929 1470 2993 hierarchiae
1485 2926 1625 3009 capitulo
1645 2925 1738 3008 ponit
1752 2925 1786 2988 in

229 3027 269 3089 in
290 3026 403 3108 patria.
1002 3022 1160 3110 Cangciis
1175 3028 1353 3109 simplicem
1369 3026 1614 3103 nescientiam,a
1628 3044 1690 3107 qua
1705 3023 1787 3087 infe-

274 3124 364 3188 Nunc
379 3132 485 3187 autem
504 3125 543 3187 de
564 3126 648 3187 dono
670 3123 796 3187 consilii
818 3122 984 3205 inquisitio
1038 3127 1137 3189 riores
1159 3146 1177 3189 a
1198 3126 1415 3208 superioribus
1442 3132 1627 3207 purgantur,
1645 3122 1784 3203 supremi

232 3232 285 3287 est
308 3222 442 3303 agenda.
470 3222 601 3285 Videtur
624 3242 739 3305 nempe
763 3223 848 3303 quod
878 3222 983 3303 ipsum
1037 3232 1143 3287 autern
1164 3244 1182 3287 a
1200 3225 1274 3288 Deo.
1299 3222 1481 3288 Namatio
1506 3223 1588 3285 libro
1611 3222 1650 3283 de
1677 3218 1786 3283 Causis

230 3339 300 3384 non
315 3329 425 3383 manet
445 3320 479 3382 in
501 3320 602 3403 patria
622 3320 797 3402 :quoniam
813 3320 983 3383 consilium
1038 3324 1191 3405 scriptum
1208 3332 1265 3402 est,
1283 3323 1367 3405 quod
1384 3320 1601 3403 intelligentie
1618 3316 1785 3381 inferiores

231 3418 478 3500 inquisitionem
504 3418 660 3493 includit3
688 3418 853 3500 inquisitio
877 3428 983 3481 autem
1037 3421 1213 3503 projiciunt
1242 3422 1349 3483 vultus
1384 3439 1458 3483 suos
1492 3417 1722 3481 intellectuales
1752 3416 1784 3477 in

229 3518 450 3600 ignorantiam
475 3517 703 3600 praesupponit
730 3536 800 3599 quaa
824 3518 857 3579 in
882 3518 984 3600 patria
1038 3520 1160 3583 lumina
1175 3518 1456 3599 intelligentiarum
1472 3515 1670 3597 superiorum
1685 3523 1720 3578 ut
1735 3515 1786 3577 do

229 3636 307 3680 esse
321 3635 385 3681 non
401 3616 495 3679 valet.
512 3616 643 3692 Rursus,
657 3615 827 3679 consilium
842 3635 881 3678 ex
894 3616 985 3679 dubi·
1038 3626 1170 3681 ceantur
1183 3618 1223 3680 ab
1242 3617 1299 3681 eis.
1316 3618 1434 3698 ltaque,
1452 3622 1605 3695 qnantum
1628 3615 1667 3677 ad
1689 3612 1784 3675 talem

230 3715 355 3779 tatione
369 3714 524 3797 procedit,
540 3734 610 3797 qum
624 3714 727 3777 Beatis
741 3733 806 3778 non
821 3714 981 3777 convenit.
1038 3716 1247 3780 nescientiam
1273 3724 1367 3795 atque
1391 3713 1624 3797 purgationem,
1641 3730 1785 3792 perseve-

274 3815 316 3877 Et
343 3814 610 3897 respondendum,
636 3815 721 3895 quod
749 3815 843 3894 sicut,
872 3834 985 3877 secun·
1039 3824 1086 3879 rat
1101 3816 1135 3877 in
1150 3814 1252 3877 beatis
1270 3814 1388 3876 donum
1411 3811 1548 3891 consilii,
1565 3809 1659 3871 etiam
1681 3809 1783 3890 quoad

230 3914 314 3977 dum
329 3913 553 3995 augustinum,
569 3913 703 3976 virtutes
722 3914 899 3976 cardinales
920 3934 984 3976 ma·
1038 3932 1138 3977 novas
1153 3911 1344 3975 directiones
1359 3919 1390 3974 et
1406 3907 1629 3973 instructiones
1645 3907 1677 3968 in
1690 3924 1785 3988 agen-

231 4018 317 4074 ncnt
343 4010 377 4073 in
406 4011 519 4094 patria,
547 4028 613 4075 non
647 4013 775 4095 penitus
810 4012 984 4074 secundum
1039 4014 1081 4076 do
1102 4020 1133 4074 et
1154 4011 1386 4093 cognoscendo.

231 4109 368 4173 eosdem
381 4117 481 4187 actus,
489 4128 549 4172 nec
561 4112 736 4173 secundum
749 4110 879 4173 modum
894 4128 985 4190 agen-

231 4208 269 4271 di
280 4211 360 4287 (non
374 4207 460 4269 enim
475 4207 684 4289 temperantia
698 4207 732 4269 in
746 4207 850 4271 Beatis
864 4208 986 4290 indiget
1001 4205 1026 4267 D

231 4315 344 4369 motus
359 4324 511 4369 venereos
525 4305 697 4384 refrenare,
714 4308 769 4370 sed
784 4315 870 4370 tenet
888 4326 985 4390 appe·
1256 4275 1501 4340 ARTICULUS
1525 4274 1567 4337 X·

230 4406 332 4468 titum
346 4404 628 4487 concupiscibilem
644 4404 850 4468 immobiliter
866 4407 926 4469 sub
940 4426 984 4469 ra-
1101 4426 1179 4493 Qcoe
1197 4424 1361 4483 beatitedo
1374 4423 1622 4497 correspondeat
1640 4422 1724 4479 dono

230 4503 360 4583 tione),
375 4502 422 4565 sic
436 4504 556 4567 donum
576 4503 704 4567 consilii
725 4510 833 4566 manet
853 4504 983 4585 quidem
1339 4512 1480 4571 consilii.

229 4603 270 4665 in
286 4602 400 4683 patria,
416 4601 470 4664 sed
485 4619 550 4663 non
565 4601 740 4663 secundum
755 4603 903 4665 eumdem
918 4622 985 4667 mo-

229 4700 315 4763 dum
335 4698 450 4781 agendi
474 4700 558 4761 sicut
581 4698 716 4762 babetur
738 4700 772 4761 in
797 4700 858 4763 via.
875 4702 983 4765 llodus
1109 4698 1314 4764 UGUSTlNUS
1329 4706 1433 4760 autem
1448 4696 1532 4760 douo
1547 4696 1672 4760 consilii
1692 4697 1786 4778 quin·

228 4799 357 4881 quippe
383 4797 499 4878 agendi
524 4796 712 4879 parificatur
735 4798 829 4861 modo
856 4800 981 4863 essendi
1124 4809 1187 4862 tam
1207 4796 1434 4861 beatitudinem
1458 4803 1582 4877 coaptat
1603 4816 1639 4858 ac
1662 4795 1782 4875 tribuit,

230 4895 402 4961 rationalis
415 4902 578 4971 creatura,
596 4894 687 4957 aliter
705 4896 780 4958 dum
795 4906 843 4959 est
864 4896 896 4960 in
919 4898 982 4976 via,
1040 4906 1148 4980 utpote
1167 4920 1172 4959 :
1190 4896 1275 4959 Beati
1298 4894 1529 4965 misericordes
1550 4894 1700 4975 quoniam
1724 4896 1784 4977 ipsi
1806 4915 1891 4961 ιιιιιι.
1908 4928 1930 4967 v,

231 5004 270 5059 et
291 4993 383 5057 aliter
401 4994 477 5057 dum
496 5001 546 5056 est
564 4992 599 5056 in
617 4992 729 5075 patria.
746 4994 826 5056 Dum
844 4996 931 5058 enim
952 4996 984 5059 in
1041 4994 1291 5059 misericordiam
1303 4993 1707 5075 consequentur3quoniam
1720 4993 1787 5056 uni·
1800 4981 1820 5022 ⁷·

231 5093 291 5155 via
305 5100 364 5170 est,
379 5100 428 5155 est
440 5090 532 5173 quasi
554 5090 587 5152 in
610 5100 833 5173 motu3quum
854 5113 930 5157 vcro
952 5094 985 5156 ιιι
1042 5114 1114 5157 cum
1140 5093 1314 5156 remedium
1340 5110 1404 5173 quo
1428 5092 1601 5173 eripiamur
1623 5092 1662 5155 dc
1691 5093 1786 5154 tantis

232 5189 342 5275 patria
362 5190 470 5268 fuerit,
486 5197 536 5253 cst
556 5188 646 5271 quasi
663 5188 695 5251 in
711 5190 848 5254 termino
868 5201 984 5257 motus.
1042 5192 1136 5254 malis
1160 5200 1253 5273 atque
1279 5190 1441 5271 periculis,
1458 5198 1505 5252 cst
1525 5190 1664 5252 faciliter
1685 5190 1788 5252 indul-

232 5289 311 5354 Alia
335 5296 385 5352 est
415 5296 522 5353 autem
553 5287 723 5371 dispositio
755 5288 876 5353 entium
910 5290 987 5355 dum
1043 5310 1116 5375 gere
1141 5308 1178 5353 ac
1197 5290 1267 5353 aliis
1286 5288 1533 5353 communicare.
1555 5289 1677 5351 Donum
1701 5287 1787 5353 enim
