4309 6259
433 458 492 525 250
729 476 769 523 nn
789 478 879 525 nouis
900 478 1034 525 srrnrros
1055 475 1174 538 slscrr,
1197 476 1371 525 reimarus
1393 478 1433 524 rr.
1454 496 1494 509 -
1512 478 1636 525 mnrrro
1655 477 1692 523 111

432 646 585 728 justitian
611 666 671 711 nee
699 655 803 729 potest
830 668 900 712 esse
931 657 1076 731 respectu
1105 648 1303 713 boniAsive
1322 648 1474 713 initialis:
1492 651 1548 713 scd
1572 655 1677 713 castus
1700 647 1817 731 accipit
1840 646 1983 731 regimen

435 746 520 809 siout
539 745 654 810 caritas
675 746 777 829 diligit
798 747 987 829 proximum,
1009 748 1083 829 qaia
1101 748 1181 810 nihil
1236 748 1277 810 ab
1292 748 1456 813 intellectu
1471 756 1502 812 θῖ
1517 747 1688 831 sapientia,
1700 746 1829 810 initialis
1843 755 1985 811 autema

434 844 607 928 perfectius
622 854 670 909 est
684 846 814 909 caritate
832 869 839 907 :
856 864 932 927 ergo
946 846 1005 909 erit
1018 846 1067 909 vis
1086 847 1182 909 bene
1237 845 1369 910 seientia
1388 856 1484 928 atque
1506 846 1649 911 consilio.

434 943 580 1007 volentim
607 944 646 1006 ad
674 944 844 1025 imaginem
872 943 937 1021 boi,
968 963 1025 1006 seu
1053 945 1093 1007 ad
1125 945 1182 1008 bo·
1275 944 1436 1008 Postremo
1466 944 1599 1026 inquirit
1626 944 1678 1007 hic
1707 945 1832 1022 Doctor,
1858 962 1919 1006 cnr
1946 944 1985 1005 de
2124 1024 2125 1031 ἶ

435 1042 553 1105 minem
573 1050 608 1105 ut
626 1042 657 1104 in
678 1060 717 1105 eo
736 1049 785 1105 est
802 1042 856 1104 bei
874 1041 999 1123 imago;
1015 1050 1048 1105 et
1066 1043 1111 1106 sic
1134 1050 1182 1105 est
1235 1043 1319 1106 dono
1335 1043 1456 1107 timoris
1472 1042 1652 1126 specialiter
1666 1042 1785 1105 dictum
1800 1050 1859 1119 θεῖ,
1871 1040 1985 1122 Reple-
1996 1061 2074 1113 raus.

434 1139 553 1201 donum
572 1141 716 1217 pietatis.
1235 1140 1282 1203 bit
1296 1160 1380 1221 eum,
1394 1142 1516 1205 seilicet
1530 1142 1701 1220 Christum,
1713 1140 1844 1222 spiritns
1860 1138 1983 1202 timoris

476 1237 581 1300 Tertia
608 1237 779 1316 distinctio,
805 1238 980 1301 secundnm
1004 1237 1178 1315 Albertum,
1234 1239 1370 1303 Domini.
1390 1240 1580 1320 Respondet,
1600 1238 1749 1321 quoniam
1764 1237 1907 1301 Christus
1923 1237 2097 1315 lor-rem.

437 1343 485 1398 est
500 1336 711 1399 communiter
730 1336 932 1417 antiquorum
950 1338 1132 1413 doctorum3
1149 1345 1182 1400 et
1237 1357 1320 1400 mam
1336 1338 1420 1401 servi
1435 1336 1769 1419 accipiens,reveritus
1784 1342 1833 1399 est
1847 1335 1981 1413 Patrem,
1996 1324 2013 1363 ⁷·
2124 1344 2125 1347 ’

436 1441 484 1496 θεῖ
499 1434 590 1497 νθῖεῖθ
605 1435 698 1512 bona,
715 1443 751 1497 ut
770 1434 824 1513 ait,
840 1435 914 1515 quie
929 1435 960 1497 in
976 1455 1013 1498 ea
1027 1434 1182 1518 accipitur
1236 1436 1329 1498 nobis
1353 1436 1385 1498 id
1407 1437 1446 1498 ad
1465 1443 1607 1499 nostram
1626 1433 1887 1497 informationem
1906 1434 1984 1496 dans
2006 1454 2094 1505 irre...
2124 1458 2125 1463 ¹

434 1552 585 1596 numerus
599 1535 755 1596 donorum
770 1534 946 1597 secundum
961 1534 1099 1615 duplicis
1110 1534 1181 1597 vitea
1236 1532 1427 1614 exemplum,
1443 1541 1480 1597 ut
1494 1552 1665 1615 sequamur
1684 1531 1817 1613 vestigia
1837 1530 1911 1611 ejus
1933 1549 1985 1612 po-
1996 1520 2025 1561 ²¹·

435 1631 676 1713 perfectionem.
694 1632 764 1695 Vita
784 1650 921 1713 namque
936 1634 1181 1716 contemplativa
1236 1633 1298 1695 tius
1313 1634 1346 1695 in
1360 1633 1474 1697 timore
1489 1633 1549 1697 boc
1566 1632 1659 1695 filiali
1681 1650 1778 1713 quam
1798 1630 1831 1692 in
1854 1630 1985 1693 seientia

434 1729 599 1810 perficitur
627 1730 697 1794 visu
731 1739 763 1793 et
795 1739 890 1812 gustu
921 1754 928 1793 :
958 1731 1046 1794 visus
1075 1739 1181 1794 autem
1236 1738 1291 1793 aut
1312 1732 1467 1813 sapientia
1486 1750 1543 1794 seu
1563 1729 1676 1794 ceteris
1701 1728 1792 1793 donis
1810 1751 1817 1790 :
1834 1728 1985 1813 quoniam

432 1829 570 1890 ostendit
587 1828 663 1910 quid
685 1828 725 1891 sit
748 1830 950 1910 gustandum.
967 1829 1087 1911 ltaque,
1103 1848 1181 1910 quo
1199 1828 1222 1891 B
1237 1829 1413 1893 reverentia
1428 1828 1504 1893 iacit
1525 1830 1608 1892 bona
1627 1827 1734 1892 omnia
1752 1826 1834 1907 fieri,
1852 1834 1884 1889 θῖ
1904 1825 1986 1889 mala

432 1927 472 1989 ad
495 1927 610 2005 visum,
636 1935 685 1989 est
707 1928 828 1990 donum
852 1930 1057 1998 intellectus;
1075 1930 1179 2010 quoad
1236 1946 1359 1991 cavere.
1390 1928 1476 1991 Unde
1510 1927 1555 1989 in·
1578 1925 1799 1990 Ecclesiastico
1831 1925 1985 2007 scriptum

432 2034 572 2105 gustum,
592 2033 641 2087 est
661 2026 781 2088 donum
801 2027 971 2102 sapientire
990 2027 1178 2107 soporantis.
1236 2034 1284 2089 θεῖ
1301 2049 1307 2087 :
1324 2026 1381 2101 Qui
1397 2026 1465 2089 sine
1479 2026 1592 2089 timore
1606 2034 1665 2103 θεῖ,
1682 2042 1747 2088 non
1769 2032 1875 2107 polest
1894 2022 2099 2106 justi-reatu.

432 2122 523 2202 Nam,
539 2132 574 2185 ut
588 2124 633 2186 ait
647 2123 869 2205 Philosophus,
881 2142 974 2206 sapor
988 2133 1037 2187 θεῖ
1051 2126 1181 2206 sequela
1238 2123 1337 2187 ficari.

434 2221 664 2303 complexionis
681 2245 688 2283 :
705 2221 777 2286 ideo
796 2241 929 2286 necesse
948 2232 996 2286 est
1015 2232 1181 2305 penetrare

433 2328 579 2381 naturam
605 2318 650 2381 rei
678 2338 736 2401 per
763 2327 901 2401 gustum.
928 2320 1081 2384 Perfeotio
1106 2341 1181 2386 vero
1473 2344 1656 2408 ADD1T10
1683 2344 1744 2407 ΠΙ,

434 2416 506 2479 ritae
530 2417 652 2496 activae,
678 2425 727 2479 θεῖ
750 2416 801 2480 vel
826 2418 1002 2480 secundum
1026 2419 1182 2484 rectifica-

433 2516 551 2578 tionem
582 2514 711 2578 rationis
729 2515 906 2597 dirigentis,
933 2525 987 2579 aut
1006 2520 1181 2582 secundum
1310 2517 1569 2581 UEllADMODUlf
1595 2516 1756 2581 tricesima
1782 2516 1896 2596 quinta
1924 2515 1987 2578 dis·

432 2613 585 2677 affectum
601 2613 856 2695 exsequentislit
871 2614 1008 2697 primum
1018 2616 1071 2678 vel
1086 2625 1134 2679 θεῖ
1148 2617 1183 2679 in
1323 2616 1476 2678 tinctione
1500 2616 1544 2678 ait
1564 2615 1721 2693 Albertus,
1745 2616 1911 2691 sapientia
1934 2615 1987 2677 do

433 2712 483 2775 bis
497 2713 536 2775 ad
551 2731 622 2794 quse
636 2731 701 2774 non
715 2731 827 2775 omnes
843 2721 1001 2791 tenentur,
1020 2723 1051 2777 θῖ
1070 2716 1115 2777 sic
1135 2725 1183 2779 cst
1238 2734 1314 2777 num
1330 2733 1394 2777 non
1409 2722 1457 2777 est
1472 2714 1556 2777 idem
1571 2715 1655 2796 quod
1670 2712 1764 2790 fides,
1781 2713 1930 2794 quamvis
1949 2712 1987 2773 sit

432 2811 732 2879 consitium,·autin
748 2811 797 2873 his
811 2812 851 2873 ad
865 2830 935 2892 quae
950 2831 1061 2875 omnes
1076 2810 1186 2878 tenen?
1237 2812 1277 2874 de
1302 2813 1443 2876 eodem:
1467 2820 1516 2875 est
1540 2812 1624 2875 enim
1648 2811 1734 2874 aliud
1759 2812 1881 2874 lumen.
1909 2809 1986 2872 Nam

433 2917 495 2987 tur,
519 2916 551 2971 θῖ
576 2909 622 2971 sic
646 2918 695 2971 θεῖ
719 2912 868 2971 scientia.
890 2910 922 2972 Si
945 2919 1052 2973 autem
1076 2920 1124 2973 θεῖ
1149 2913 1181 2974 ῖιι
1238 2910 1320 2973 sicut
1338 2909 1419 2973 fides
1440 2918 1489 2972 θεῖ
1512 2910 1672 2991 quoddam
1693 2910 1801 2972 lumen
1823 2908 1986 2991 spirituale

434 3007 556 3069 affectu
571 3008 783 3087 exsequentis,
791 3007 842 3070 vel
858 3027 932 3089 ergo
947 3027 1005 3089 per
1020 3028 1180 3073 recessum
1197 3010 1218 3073 G
1237 3009 1378 3071 infusum
1402 3006 1435 3070 in
1454 3025 1518 3089 quo
1537 3008 1684 3071 videntur
1701 3007 1826 3070 articuli
1847 3007 1939 3084 fidei,
1955 3007 1986 3069 id

433 3104 562 3181 amalo,
580 3113 612 3166 θῖ
627 3105 672 3166 εῖθ
687 3112 736 3166 θεῖ
750 3108 930 3174 timor,·ant
945 3125 1002 3187 per
1016 3127 1179 3171 accessum
1237 3116 1296 3187 θεῖ,
1312 3106 1379 3169 veri
1405 3126 1474 3169 θεεθ
1494 3114 1678 3182 noscuntur,
1695 3106 1737 3168 ita
1756 3106 1840 3187 quod
1862 3105 1987 3167 intelle-

434 3203 473 3265 ad
488 3203 607 3265 bonum
625 3225 632 3263 z
650 3202 756 3266 etheo
771 3202 821 3264 vel
836 3203 875 3265 θεῖ
890 3205 973 3284 quod
990 3224 1054 3267 non
1070 3226 1181 3270 omnes
1236 3214 1306 3269 etus
1328 3224 1385 3286 per
1404 3206 1512 3267 lumen
1531 3204 1614 3266 istud
1630 3203 1814 3267 veritatibus
1837 3203 1986 3266 articulo

434 3308 593 3380 tenentur,
614 3300 722 3381 sicque
741 3308 789 3363 est
808 3301 927 3363 donum
944 3304 1158 3379 fortitudinis
1168 3327 1182 3375 ,·
1236 3324 1307 3366 rum
1333 3302 1511 3379 consentit3
1535 3301 1577 3364 ita
1602 3302 1756 3383 sapientia
1781 3303 1915 3379 donum,
1939 3309 1987 3364 θεῖ

434 3398 486 3461 vel
511 3398 551 3459 ad
575 3399 660 3479 quod
686 3417 797 3461 omncs
822 3407 980 3479 tenentur,
1007 3409 1038 3463 et
1062 3401 1108 3464 sic
1134 3411 1181 3465 est
1237 3403 1395 3483 quoddam
1420 3399 1562 3463 infusum
1587 3401 1694 3463 lumen
1718 3400 1899 3463 divinorum
1927 3399 1986 3462 sub

434 3498 552 3559 donum
573 3498 719 3573 pietatis.
735 3533 776 3543 -
794 3497 865 3561 llaec
890 3506 996 3560 autem
1021 3499 1180 3563 distinctio
1236 3518 1299 3581 quo
1314 3500 1462 3561 videntur
1476 3506 1507 3559 et
1522 3506 1688 3579 gustantur
1702 3497 1808 3561 divina
1823 3516 1881 3579 per
1895 3516 1986 3580 expe

433 3594 565 3674 hiberti,
586 3603 740 3676 quantum
758 3596 798 3657 ad
819 3596 925 3676 alique
950 3616 968 3658 a
991 3597 1180 3678 quibusdam
1237 3598 1418 3659 rimentum.
1444 3595 1560 3676 Estque
1586 3596 1740 3677 sapientia
1767 3595 1827 3657 ista
1856 3595 1985 3677 proprie

434 3693 619 3756 doctoribus
647 3693 812 3756 dissonare
840 3694 966 3757 videtur
996 3717 1003 3756 ε
1031 3696 1182 3776 quemod—
1236 3704 1345 3777 gustus
1370 3695 1425 3757 Dei
1452 3694 1485 3756 in
1509 3694 1600 3757 donis
1624 3694 1688 3756 suis
1716 3718 1723 3755 :
1750 3694 1832 3757 sicut
1860 3694 1986 3756 videtur

433 3793 563 3855 modum
578 3800 685 3872 patere
698 3800 802 3873 potest
816 3792 1027 3855 consideranti
1042 3794 1126 3873 quod
1141 3794 1181 3857 de
1236 3793 1341 3855 dicere
1366 3791 1531 3874 Dionysius
1555 3792 1595 3854 de
1620 3791 1906 3873 Hierotheo„qnod
1932 3810 1986 3873 pa·
2010 3815 2035 3857 n
2052 3811 2101 3854 aaa

433 3889 536 3965 donis,
562 3889 737 3952 secundum
766 3889 846 3952 alios
870 3891 1023 3971 quosdam
1048 3910 1181 3973 magnos
1237 3890 1342 3953 tiendo
1357 3898 1388 3952 et
1403 3889 1592 3970 experiendo
1606 3896 1700 3974 atque
1715 3890 1871 3971 gustando
1886 3890 1986 3951 Deum
1999 3890 2048 3920 ¹⁰⁸¹·
2065 3886 2100 3915 ‘l

434 3988 591 4067 doctores,
616 3986 648 4048 in
674 3988 863 4069 precedenti
887 3988 1111 4069 compilatione
1135 3988 1182 4051 in·
1236 4008 1273 4051 ac
1308 3987 1424 4065 divina,
1460 3987 1614 4051 addidicit
1647 4007 1694 4050 θθ.
1729 3988 1850 4050 Lumen
1889 3987 1988 4069 igitur

434 4085 566 4147 ductum
588 4092 645 4147 est.
1238 4087 1347 4149 lucens
1363 4094 1394 4149 θῖ
1408 4085 1599 4149 calefaciens
1620 4086 1659 4148 ad
1678 4085 1862 4167 hujusmodi
1885 4085 1988 4147 scien-

475 4182 607 4263 lnsnper
641 4182 755 4262 quaerit
788 4183 946 4263 hibertus,
978 4204 1035 4247 eur
1062 4187 1181 4249 donum
1199 4184 1313 4249 lltiam
1339 4184 1517 4248 divinorum
1543 4203 1601 4265 per
1619 4192 1746 4265 gustum
1767 4184 1821 4246 Dei
1842 4182 1876 4244 in
1894 4183 1988 4246 donis

434 4280 557 4343 timoris
571 4280 746 4343 nonhabet
760 4280 888 4362 aliquod
902 4284 1021 4345 donum
1043 4284 1182 4365 dirigens
1239 4284 1303 4347 suis
1319 4284 1387 4347 sine
1403 4283 1517 4365 quibus
1533 4284 1600 4363 ipse
1617 4302 1680 4345 non
1702 4289 1760 4361 θεῖ,
1777 4281 1893 4344 dicitur
1915 4299 1987 4343 meo

434 4377 550 4460 ipsum,
571 4386 603 4441 θῖ
622 4378 673 4441 cui
696 4378 905 4458 combinetur,
922 4379 1006 4442 sieut
1029 4380 1182 4445 fortitudo
1237 4382 1356 4463 judicio
1381 4380 1533 4463 sapientia
1558 4382 1687 4444 donum.
1716 4379 1793 4442 Nam
1818 4387 1849 4441 et
1873 4378 1990 4460 Grego-

435 4485 467 4539 et
489 4476 590 4558 pietas
613 4477 742 4540 habent.
761 4477 950 4559 Respondet,
971 4478 1122 4559 quoniam
1147 4480 1183 4542 ti·
1239 4481 1303 4544 rius
1318 4480 1361 4542 ait
1378 4503 1384 4541 :
1403 4479 1561 4561 Sapientia
1577 4486 1624 4542 θεῖ
1639 4479 1758 4540 donum
1774 4496 1829 4560 spe
1845 4486 1878 4539 et
1896 4476 1989 4540 certi-

435 4593 505 4637 mor
533 4574 610 4637 dicit
635 4574 842 4638 resilitionem
867 4576 916 4637 vel
943 4575 1061 4657 fugam,
1089 4579 1182 4640 etad
1238 4578 1347 4641 tudine
1372 4585 1561 4640 aeternorum
1591 4584 1731 4639 mentem
1761 4574 1924 4638 reficiens.
1952 4574 1989 4637 Et

435 4673 518 4735 benc
540 4692 605 4735 non
624 4672 745 4755 indiget
762 4674 859 4736 homo
885 4673 1017 4755 regitiro
1040 4676 1180 4756 proprio,
1238 4677 1299 4739 hoc
1314 4694 1377 4739 non
1394 4683 1443 4739 est
1456 4675 1537 4738 fides
1554 4698 1561 4735 ε
1578 4674 1651 4755 quia
1665 4674 1698 4735 in
1714 4674 1778 4737 fide
1797 4692 1862 4736 non
1882 4682 1989 4755 gusta-

435 4771 490 4833 sed
511 4771 673 4832 communi
691 4794 697 4831 :
715 4772 982 4851 quemadmodum
1001 4772 1096 4834 etiam
1117 4792 1183 4837 me
1239 4783 1289 4836 tur
1313 4773 1396 4835 Deus
1419 4772 1452 4834 in
1477 4771 1569 4836 donis
1593 4772 1661 4834 sine
1685 4772 1803 4851 quibus
1827 4770 1896 4852 ipse
1923 4788 1987 4833 non

435 4876 486 4931 tus
501 4866 584 4949 fugas
599 4887 664 4930 non
684 4876 732 4932 θεῖ
752 4877 787 4930 ut
807 4868 839 4930 in
859 4868 935 4950 fuga
953 4871 1109 4951 persistat,
1127 4872 1181 4934 sed
1238 4880 1295 4935 est.
1319 4906 1359 4917 -
1380 4870 1532 4951 lienique,
1553 4869 1699 4950 quamvis
1719 4868 1884 4951 sapientia,
1905 4868 1988 4931 sicut

434 4967 540 5051 potius
558 4976 594 5031 ut
611 4967 644 5028 in
663 4967 782 5030 bonum
803 4967 932 5048 aliquod
958 4976 1180 5048 convectatum
1238 4978 1269 5033 et
1302 4969 1393 5046 fides,
1426 4968 1466 5030 sit
1495 4967 1631 5049 cognitio
1658 4966 1713 5029 Dei
1741 4985 1799 5049 per
1831 4966 1984 5043 medium,

433 5066 550 5130 etideo
565 5084 677 5147 regens
692 5071 813 5128 motum
828 5065 860 5125 in
877 5065 1006 5143 bonum,
1023 5066 1085 5129 erit
1104 5068 1183 5149 regi·
1238 5077 1343 5131 temen
1372 5066 1512 5129 medium
1540 5066 1622 5127 istud
1653 5063 1769 5127 clarius
1796 5072 1846 5127 est
1880 5064 1986 5127 medio

433 5164 534 5228 tivum
550 5163 583 5226 in
598 5164 684 5245 fuga.
700 5163 779 5225 Hinc
794 5163 889 5225 timor
901 5163 1018 5244 accipit
1039 5164 1180 5245 regimen
1237 5165 1325 5242 fidei,
1342 5183 1413 5245 que
1437 5172 1485 5227 est
1509 5182 1565 5245 per
1590 5163 1754 5245 speculum
1778 5169 1810 5225 et
1834 5162 1983 5245 aenigma.
2000 5172 2061 5214 ffer-
2073 5181 2097 5209 ¹¹

433 5263 616 5344 aregitivis
638 5261 784 5342 aliorum,
801 5261 868 5324 sive
889 5261 929 5324 sit
950 5260 1044 5325 timor
1062 5270 1179 5345 castus,
1235 5263 1371 5328 lledium
1404 5262 1489 5324 enim
1523 5260 1599 5324 fidei
1628 5260 1762 5323 sumitur
1789 5260 1893 5323 solum
1925 5260 1985 5323 sub
1999 5238 2028 5279 ¹²·
