4309 6259
449 478 510 543 582
975 498 1052 548 noca
1072 504 1100 548 a.
1122 500 1294 549 4444444444
1310 502 1471 552 44444444

451 668 484 737 V,
510 672 536 726 9.
552 670 631 728 84444
653 670 776 744 pacifici,
798 670 938 745 quondm
962 671 1015 728 0144
1037 670 1088 730 lici
1109 688 1197 729 voca·
1286 671 1316 729 in
1332 672 1451 731 nomina
1465 672 1559 732 Patris
1571 678 1601 734 44
1619 674 1683 732 84144
1699 679 1729 733 44
1745 674 1871 748 Spiritus
1887 675 1979 741 Sancti,

485 759 605 826 buntur,
622 760 720 818 40314.
1289 763 1341 819 428
1350 762 1392 820 Α’.

450 878 483 891 -
500 849 543 905 40.
559 849 638 907 84444
653 848 703 923 qni
718 849 949 923 persecutionem
969 849 1121 923 patiuntur
1134 866 1199 923 pro·

485 942 549 1011 pter
559 938 717 1011 justiliam,
727 938 866 1011 quoniam
877 938 1008 1012 ipsorum
1018 942 1063 997 eat
1071 955 1197 1012 regnum
1566 961 1684 1017 gpfflcp,

487 1028 637 1094 coelorum,
652 1028 755 1085 uea'.

448 1148 484 1160 -
499 1120 542 1174 46.
558 1118 605 1175 Sic
616 1119 712 1176 luceat
725 1118 776 1175 144
790 1120 887 1175 restra
902 1135 1001 1175 coram
1015 1118 1197 1187 bominibus,
1252 1120 1286 1186 ll,
1312 1122 1357 1177 28.
1387 1121 1530 1179 Dominus
1554 1125 1600 1180 est
1625 1122 1716 1181 041444
1741 1122 1880 1188 bominis,
1907 1121 1980 1179 etiam

484 1213 518 1265 44
530 1206 648 1264 videant
663 1223 751 1281 opera
764 1210 859 1264 vestra
879 1208 964 1271 bona,
987 1211 1016 1264 et
1035 1207 1199 1281 gloriilcent
1287 1210 1409 1273 sabbati,
1425 1211 1507 1266 idd’.

484 1299 600 1355 Patrem
626 1300 758 1355 restrum
785 1297 836 1369 qui
859 1295 890 1353 in
913 1296 993 1354 cusiis
1015 1300 1068 1363 est,
1093 1298 1144 1353 204
1153 1298 1196 1365 Α’,
1251 1298 1321 1365 1414,
1332 1300 1375 1355 36.
1388 1299 1451 1355 Non
1462 1300 1601 1373 quodego
1610 1300 1747 1367 volo,sed
1762 1302 1842 1374 quod
1858 1301 1978 1365 tum.

449 1477 542 1533 -48,
558 1477 654 1533 Estote
672 1491 805 1549 crgovos
825 1474 954 1547 perlecti,
969 1474 1045 1532 sicut
1067 1478 1097 1533 et
1115 1478 1199 1535 Pater
1572 1495 1679 1553 LUGAE,

484 1568 578 1621 vester
591 1564 714 1622 coelestis
727 1563 871 1636 perlectus
885 1566 936 1627 est,
954 1564 1052 1629 48044,
1068 1565 1158 1621 5440.

450 1654 494 1718 Vl,
510 1652 775 1710 244114444144444
792 1652 947 1709 thesaurus
960 1655 1037 1717 4444,
1053 1652 1094 1708 ibi
1113 1656 1198 1711 44444
1252 1655 1272 1722 1,
1287 1656 1332 1711 28.
1348 1656 1414 1722 444,
1430 1654 1524 1728 gratia
1549 1655 1643 1728 plena,
1659 1654 1803 1713 Dominus
1828 1658 1982 1723 444444144-

484 1747 643 1806 cortuum,
659 1742 759 1798 295ll’.
1287 1743 1402 1800 4404444
1410 1746 1443 1801 44
1453 1744 1484 1800 in
1495 1743 1677 1807 mulieribus,
1686 1746 1778 1811 4854,
1788 1747 1888 1809 52914,
1897 1748 1979 1802 5408.

448 1833 493 1897 441,
520 1833 562 1888 44.
586 1831 650 1887 1444
674 1830 801 1888 44444444
826 1830 901 1887 44444
925 1834 1008 1887 44444
1036 1832 1196 1889 mulierum
1252 1866 1284 1877 —
1299 1837 1343 1891 29.
1359 1836 1393 1891 04
1413 1835 1559 1908 cogitabat
1577 1836 1673 1909 qualia
1687 1840 1764 1893 44444
1781 1836 1838 1894 ista
1852 1837 1979 1901 salutatio,

485 1921 580 1993 maj0r
602 1918 712 1975 loanne
737 1918 883 1991 Baptista;
903 1918 953 1990 qni
976 1923 1073 1975 autem
1100 1919 1198 1976 minor
1287 1924 1393 1979 5420.

482 2008 570 2067 44444
585 2024 676 2080 regno
689 2007 840 2071 coelorum,
854 2007 950 2079 major
962 2011 1006 2064 est
1020 2008 1080 2071 4114,
1096 2009 1194 2067 5600,
1250 2044 1286 2054 -
1300 2014 1344 2069 31.
1361 2014 1431 2070 0444
1446 2013 1623 2086 concipies...
1639 2017 1668 2070 44
1682 2014 1779 2087 paries
1793 2014 1895 2079 1414444,
1905 2017 1981 2079 4550,

447 2130 484 2141 -
500 2099 543 2154 42.
559 2099 692 2170 Regnum
710 2096 850 2152 coelorum
872 2096 932 2151 rim
958 2096 1075 2168 patitur,
1092 2096 1197 2153 44444·
1288 2102 1387 2157 48214.

484 2187 555 2244 lenti
569 2184 689 2258 rapiunt
703 2185 785 2250 illud,
801 2186 856 2241 446
865 2185 905 2241 B'.
1091 2186 1093 2193 '
1250 2221 1286 2231 —
1295 2191 1339 2245 34.
1352 2192 1504 2256 Quomodo
1514 2189 1564 2247 liet
1578 2189 1666 2256 istud,
1675 2192 1817 2264 qnoniam
1832 2192 1923 2250 virum
1933 2210 1982 2249 444

450 2308 483 2319 -
493 2278 536 2332 45.
546 2276 600 2341 Oui
615 2275 703 2331 habet
716 2291 801 2331 aurea
815 2274 963 2340 audiendi,
974 2274 1083 2340 audiat,
1098 2275 1195 2339 46444,
1287 2278 1454 2351 cognoscol
1467 2280 1557 2343 5208,
1571 2280 1668 2343 8340,
1683 2282 1774 2336 5530.

485 2366 573 2421 8240.
1253 2400 1284 2411 -
1306 2368 1349 2423 35.
1366 2366 1491 2439 Spiritus
1513 2369 1637 2425 Sanctus
1659 2370 1844 2440 superveniet
1866 2370 1894 2427 in
1917 2374 1948 2436 44,
1959 2374 1984 2428 et
2104 2344 2105 2421 4

450 2487 483 2497 -
506 2456 551 2510 28.
566 2452 667 2510 1444444
685 2452 723 2509 40
745 2470 801 2517 444,
825 2452 992 2525 omnesqui
1013 2452 1152 2509 laboratis
1169 2456 1199 2510 44
1286 2456 1378 2514 444444
1392 2456 1533 2513 4144444441
1549 2457 1737 2513 obumbrabit
1747 2458 1815 2525 tibi;
1832 2459 1948 2532 ideoque
1960 2464 1985 2517 el

485 2542 597 2600 onerati
610 2542 688 2608 eatis,
703 2545 733 2599 44
745 2558 799 2614 ego
813 2541 942 2598 reticium
958 2558 1017 2607 444,
1032 2543 1133 2598 44614.
1286 2547 1365 2617 quod
1384 2548 1520 2603 nascetur
1535 2563 1571 2603 ex
1585 2547 1612 2603 44
1632 2550 1777 2613 sanctum,
1793 2549 1987 2606 4444144444ἲί-

449 2634 580 2698 44111,52.
597 2632 700 2689 Omnis
718 2631 813 2687 acribo
831 2631 934 2688 doctus
951 2630 981 2687 in
1001 2648 1092 2705 regnu
1113 2632 1197 2690 44414-
1288 2634 1343 2690 lius
1359 2633 1419 2700 041,
1435 2633 1535 2701 4820,
1550 2636 1642 2690 5200.

484 2738 562 2787 rum,
587 2721 693 2777 similia
715 2724 758 2777 est
781 2720 894 2776 homini
918 2719 1124 2793 patrifamilias
1147 2722 1197 2794 qui
1250 2723 1343 2777 -38,
1359 2723 1430 2779 0444
1453 2721 1562 2778 ancilla
1584 2722 1711 2789 Domini,
1728 2723 1779 2779 1444
1801 2724 1873 2781 444144
1894 2743 1985 2783 44444-

485 2810 595 2884 profert
604 2811 639 2867 04
654 2811 793 2867 thesauro
802 2826 855 2866 444
865 2814 977 2867 444444
990 2814 1095 2874 vetera,
1105 2812 1194 2867 3620.
1287 2812 1357 2867 dum
1374 2812 1494 2867 verbum
1510 2814 1605 2875 44444,
1616 2812 1706 2873 49814,
1718 2812 1760 2875 Α’,
1775 2813 1878 2881 53414,
1892 2816 1984 2871 5534.

448 2901 505 2965 4414,
532 2901 574 2955 46.
597 2899 700 2956 Adhuc
722 2901 750 2956 et
772 2915 822 2954 444
848 2898 911 2955 4444
934 2897 1081 2956 intellectu
1105 2898 1197 2956 444444
1252 2932 1285 2942 -
1300 2901 1344 2955 42.
1360 2898 1534 2956 Benedictus
1549 2899 1660 2957 tructus
1673 2902 1783 2958 4444444
1796 2902 1848 2967 tui,
1861 2904 1954 2959 40014.

488 2989 575 3046 4980.
1252 3020 1285 3033 -
1308 2989 1351 3044 45.
1368 2990 1455 3045 Beata
1479 3003 1545 3061 quae
1567 2988 1726 3053 credidisti,
1750 2990 1888 3063 quoniam
1909 2992 1986 3064 peri·
2105 2978 2106 2987 ¹

448 3078 518 3143 14141,
535 3079 578 3134 48.
592 3078 634 3133 ’14
655 3094 686 3135 44
709 3078 819 3142 Petrus,
835 3082 864 3133 et
884 3094 971 3150 anper
989 3077 1065 3133 banc
1084 3080 1195 3150 petram
1287 3077 1400 3134 cientur
1423 3093 1457 3133 ca
1477 3093 1542 3149 quae
1564 3078 1642 3135 dicta
1664 3081 1733 3135 sunt
1751 3079 1840 3136 tibia
1862 3080 1985 3145 Domino,

485 3166 634 3223 aedificabo
649 3166 807 3222 Ecclesiam
822 3182 929 3228 meam,
947 3166 1046 3222 44014.
1286 3166 1378 3230 53414,
1394 3165 1435 3221 B’.

449 3257 519 3316 14144,
543 3257 588 3311 24.
611 3255 640 3311 84
664 3254 707 3309 414
732 3257 875 3327 perfectus
902 3271 973 3320 esse,
997 3256 1079 3320 vade,
1106 3258 1197 3313 44404
1250 3288 1286 3299 -
1305 3257 1349 3321 46,
1370 3257 1414 3312 44.
1429 3254 1594 3329 blegnidcat
1613 3254 1714 3314 anima
1732 3274 1799 3315 mea
1817 3258 1984 3325 Dominum

485 3345 696 3417 4441444444...
711 3346 770 3400 44...
785 3361 904 3416 sequere
919 3360 975 3406 me,
989 3344 1076 3399 2400.
1288 3348 1317 3401 44
1334 3344 1489 3401 exsultavit
1506 3343 1627 3417 spiritus
1646 3361 1730 3402 meus
1749 3345 1780 3401 in
1799 3347 1856 3405 lieo
1874 3348 1986 3405 salutari

449 3436 520 3499 44441,
537 3435 563 3490 0.
579 3433 753 3490 Benedictus
775 3433 826 3505 qui
848 3432 928 3489 44444
951 3433 981 3489 44
1003 3433 1123 3489 nomine
1148 3435 1199 3489 llo·
1288 3450 1363 3499 meo,
1378 3434 1474 3499 2200,
1488 3434 1588 3499 5200,
1604 3435 1654 3491 524
1665 3434 1704 3498 0,
1719 3437 1814 3492 52241.

488 3522 571 3587 mini,
584 3524 676 3578 3508.
1251 3554 1287 3566 -
1301 3524 1346 3578 48.
1362 3522 1435 3589 0444
1445 3522 1572 3595 respexit
1587 3523 1785 3581 bumilitatem
1799 3526 1988 3593 4444114444,

450 3612 533 3678 144411,
553 3612 597 3677 34,
617 3612 662 3666 38.
687 3610 795 3683 Diliges
818 3610 975 3666 Dominum
998 3611 1090 3667 Deum
1112 3614 1197 3667 tunm
1245 3612 1248 3617 '
1287 3612 1378 3669 5550.

486 3718 521 3758 ex
545 3703 605 3756 toto
629 3700 715 3756 corde
733 3701 826 3765 444...;
841 3699 897 3754 1444
917 3702 961 3754 est
981 3699 1146 3756 maximum
1171 3702 1201 3757 et
1252 3730 1288 3742 —
1302 3701 1469 3757 -Beatam
1485 3716 1532 3757 me
1550 3700 1649 3758 dicent
1667 3717 1771 3759 omnes
1790 3703 1989 3776 generationes,

487 3788 617 3862 primum
634 3789 817 3852 mandatum,
831 3787 931 3844 44414.
1289 3789 1391 3853 44914,
1406 3789 1500 3845 8304.

451 3879 545 3935 -40,
568 3879 600 3934 44
619 3878 665 3934 1444
688 3878 802 3934 duobus
824 3876 971 3933 mandatis
991 3876 1127 3934 universa
1152 3878 1198 3936 lex
1252 3908 1288 3920 -
1311 3877 1355 3932 40.
1371 3876 1449 3933 Fecit
1472 3876 1546 3933 mibi
1571 3893 1679 3951 magna
1704 3879 1754 3951 qui
1780 3883 1882 3953 potens
1901 3885 1953 3945 444,
1966 3884 1990 3937 44

488 3970 595 4040 pendet
608 3972 637 4024 et
651 3967 808 4038 Prophetae,
822 3966 912 4021 8430.
1289 3968 1423 4023 sanctum
1439 3982 1547 4023 nomen
1561 3967 1634 4041 eJus,
1649 3967 1750 4035 502A',
1764 3969 1851 4035 5420,
1862 3971 1959 4027 5444.

451 4059 531 4122 44444,
557 4059 598 4113 45.
622 4056 728 4112 04444
753 4054 834 4111 dedit
854 4054 983 4126 quinque
1005 4054 1124 4121 talenta,
1149 4057 1198 4113 alii
1252 4087 1288 4097 -
1309 4056 1354 4119 54,
1379 4057 1422 4111 52.
1447 4054 1587 4128 Dispersit
1613 4056 1754 4128 superbos
1779 4062 1876 4115 mente
1902 4058 1990 4115 cordis

487 4150 585 4203 antem
597 4144 1038 4217 duo,...unicuiquasacundum
1049 4146 1197 4218 propriam
1289 4144 1352 4211 sui;
1369 4143 1504 4217 deposuit
1521 4146 1652 4216 potantes
1674 4146 1709 4202 04
1730 4147 1807 4211 sede,
1821 4148 1990 4205 4444414440

486 4234 634 4297 virtutem,
649 4233 750 4298 20814,
765 4231 861 4288 2690.
1288 4232 1424 4299 humiles,
1439 4234 1493 4289 822
1501 4235 1529 4290 C.

451 4354 487 4365 -
504 4325 550 4379 20.
567 4322 654 4379 Omni
673 4322 753 4379 enim
776 4320 894 4378 babenti
917 4321 1043 4386 dabitur,
1059 4326 1088 4379 et
1109 4324 1200 4379 41444-
1251 4354 1288 4365 -
1307 4324 1351 4385 54,
1364 4324 1408 4379 55.
1424 4321 1557 4395 Suscepit
1579 4322 1666 4380 lsrael
1694 4340 1819 4396 puerum
1843 4342 1989 4389 4444444-

489 4412 578 4478 dubii·
596 4412 694 4468 1750·
1288 4413 1424 4469 cordatus
1439 4410 1649 4468 misericordiae
1662 4428 1732 4478 aum,
1744 4412 1820 4471 sicut
1833 4414 1989 4472 locutuscal
2106 4438 2107 4489 3

452 4502 604 4566 axillas.
620 4500 738 4573 Accepit
753 4501 835 4557 44444
858 4516 974 4572 panem,
989 4503 1018 4557 et
1038 4500 1196 4567 benedixit,
1287 4503 1324 4557 ad
1335 4505 1431 4573 patres
1445 4503 1567 4561 nostros,
1583 4500 1670 4557 5300.

487 4591 589 4657 26214,
605 4591 694 4655 3640,
711 4591 743 4655 D,
759 4590 812 4645 364
821 4587 859 4653 0,
874 4588 971 4653 4280,
986 4589 1040 4644 450
1048 4589 1089 4645 Α’.
1252 4589 1285 4653 11,
1308 4588 1484 4645 10114444...
1500 4590 1689 4647 conservabat
1707 4589 1808 4647 omnia
1826 4592 1987 4657 4441440444,

450 4714 487 4726 -
501 4682 546 4737 58.
562 4681 683 4736 Possum
698 4695 801 4751 rogare
816 4679 930 4735 Patrem
951 4694 1061 4743 mcum,
1076 4678 1200 4735 4444144-
1287 4677 1438 4735 conterens
1457 4677 1486 4732 in
1506 4678 1592 4734 corde
1607 4694 1669 4745 suo,
1683 4679 1733 4735 544
1743 4682 1776 4745 A,
1791 4682 1845 4737 526
1853 4681 1893 4745 B’,
1908 4680 1987 4745 5280,

487 4769 566 4827 bebit
588 4767 692 4823 mihi...
709 4767 865 4840 plusquam
889 4764 1044 4823 duodecim
1068 4766 1197 4839 legiones
1287 4767 1389 4823 529d'.

485 4856 668 4931 angelornm,
686 4855 775 4912 4000.
1250 4888 1286 4899 -
1306 4857 1351 4912 35.
1373 4857 1408 4911 04
1430 4857 1512 4913 tuam
1536 4854 1628 4927 ipsius
1650 4856 1783 4914 animam
1810 4858 1988 4931 pertransibit

449 4948 555 5010 44144411,
574 4946 618 5001 46.
639 4946 716 5001 0444
738 4959 831 5004 meua.
853 4944 927 5000 0444
951 4959 1043 5006 meus,
1068 4948 1102 5001 ut
1124 4944 1195 5017 quid
1286 4944 1410 5018 gladius,
1424 4944 1526 5002 53044.

486 5032 666 5105 dereliquisti
680 5031 750 5089 mel
765 5032 818 5087 278
826 5029 867 5087 A'.
1250 5064 1283 5075 -
1298 5034 1343 5089 50.
1359 5034 1392 5087 04
1405 5032 1460 5105 ipsi
1481 5049 1539 5090 non
1558 5032 1764 5091 intellexerunt
1781 5036 1901 5093 verbum
1916 5036 1987 5108 quod

449 5124 568 5188 llllVlll,
586 5124 628 5179 48.
649 5123 722 5178 [lata
741 5124 785 5177 est
808 5120 881 5177 mihi
903 5120 1000 5177 omnis
1019 5123 1146 5193 potestas
1164 5122 1194 5178 in
1285 5121 1692 5188 144444444440444,5280.

486 5213 557 5271 44414
571 5215 601 5269 44
613 5211 643 5268 44
658 5215 745 5277 terra,
759 5211 835 5267 380.
1249 5242 1285 5253 -
1298 5213 1340 5269 54.
1356 5213 1423 5267 0444
1446 5211 1579 5270 44001444
1603 5212 1670 5278 41144,
1685 5214 1776 5280 4840,
1791 5216 1844 5272 504
1852 5216 1882 5281 0,
1897 5214 1985 5279 5400,

449 5333 485 5346 -
508 5304 551 5359 40.
567 5302 671 5359 Docete
693 5316 796 5359 omnes
817 5302 927 5374 gentes,
943 5299 1122 5374 baptizantes
1147 5318 1196 5359 eos
1285 5301 1377 5370 8380,
1392 5300 1495 5357 55414.
