4309 6259
455 474 516 538 396
596 495 637 542 nr
657 495 857 544 armannum
878 499 1007 545 aaranrs
1029 500 1066 544 nr
1086 500 1183 546 nassa
1205 500 1430 547 caueennrrorua
1452 500 1608 548 cinaedus.
1631 520 1672 529 -
1693 501 1764 546 aar.
1786 503 1818 559 x,
1839 502 1869 547 xr

1216 668 1500 751 Asatisfaetioues,
1535 670 1703 749 orationes,
1738 671 1868 752 jejunia,
1900 670 1992 734 absti-

670 726 915 791 ARTICULUS
938 728 981 789 X·
1257 768 1379 831 nentias
1415 771 1454 832 ad
1487 770 1787 834 communicandum
1820 788 1852 832 se
1878 790 1992 852 praepa-

582 875 770 934 Prosecutio
795 875 895 951 hujus
919 877 1074 935 maferl'oe.
1257 875 1329 929 rani
1345 891 1351 927 :
1370 867 1413 929 ita
1427 868 1511 949 qUOd
1527 868 1607 930 sicui
1622 868 1733 930 eadem
1748 886 1855 930 mensa
1868 869 1992 950 deputa-

1258 973 1350 1046 taque
1366 966 1443 1028 hora
1458 965 1630 1048 corporalis
1646 965 1827 1028 refectionis
1841 966 1990 1049 precipue

497 1058 641 1122 Vestras.
657 1060 806 1122 -Vides
821 1062 905 1142 quod
926 1061 1076 1144 princeps
1096 1062 1201 1145 reipu-
1257 1082 1353 1125 causa
1377 1072 1426 1126 est
1449 1065 1532 1145 quod
1557 1064 1701 1145 ejusdem
1730 1065 1841 1127 domus
1864 1063 1988 1141 familia,

455 1155 547 1219 blieaa
561 1158 720 1220 saecularis
742 1159 887 1240 publicos
907 1159 1014 1222 statuit
1031 1160 1200 1224 advocatos
1257 1162 1464 1243 ejusdemque
1479 1162 1715 1244 patrisfamilias
1730 1162 1793 1225 lilii
1808 1182 1843 1225 ao
1862 1162 1990 1225 ministn'

454 1255 494 1316 ad
509 1255 723 1337 supplendum
738 1257 956 1338 imperitorum
971 1258 1143 1337 delectum,
1160 1278 1200 1322 ne
1256 1260 1463 1341 corporaliter
1477 1269 1719 1342 congregantur,
1736 1261 1783 1323 sic
1798 1260 1891 1341 hujus
1909 1260 1991 1342 spiri-

453 1372 491 1415 ex
520 1373 576 1415 sua
609 1353 767 1435 imperitia
800 1355 946 1417 amittant
978 1356 1031 1436 jus
1067 1377 1159 1418 suum
1190 1381 1196 1418 ε
1256 1358 1350 1420 tualis
1364 1358 1462 1421 edulii
1477 1359 1647 1421 celebratio
1663 1378 1699 1421 ac
1714 1358 1854 1439 sumptio
1864 1358 1989 1422 maximo

454 1459 572 1531 quanto
586 1453 688 1535 magis
702 1454 845 1515 omnium
860 1454 958 1517 Judex
976 1463 1007 1515 et
1026 1456 1100 1533 Rex,
1118 1456 1199 1519 Deus
1257 1474 1352 1517 causa
1373 1463 1420 1518 est
1439 1456 1523 1537 quod
1543 1454 1657 1518 fideles
1682 1464 1789 1518 mente
1814 1465 1846 1519 et
1868 1474 1989 1537 corpore

454 1550 688 1629 universorum,
706 1551 896 1633 insipientiae
910 1560 942 1614 et
960 1552 1199 1617 insufficientiae
1257 1553 1289 1615 in
1311 1553 1447 1616 ecelesia
1466 1554 1670 1635 colliguntur,
1687 1572 1724 1616 ac
1748 1554 1882 1634 quadarn
1907 1553 1990 1636 spiri-

455 1648 625 1710 consulens
640 1649 919 1731 bominum,atque
933 1660 1057 1713 aeternae
1071 1652 1201 1714 damna·
1255 1651 1331 1714 tuali
1353 1652 1494 1714 amicitia
1516 1652 1715 1733 copulantur.

455 1745 550 1808 tionis
579 1746 729 1826 periculis
754 1766 864 1810 corum
889 1766 1070 1826 occurrens,
1097 1750 1201 1830 publi·
1295 1751 1463 1814 Sacranos.
1480 1787 1520 1796 —
1533 1751 1603 1813 Haee
1618 1752 1750 1816 omnino
1764 1751 1808 1814 ita
1822 1770 1854 1813 se
1868 1750 1987 1813 habent.

456 1862 528 1905 curn
556 1864 593 1907 ac
618 1844 925 1908 sufficientissimum
951 1846 1115 1908 constituit
1143 1847 1198 1909 toti
1217 1842 1320 1929 BEgo
1345 1858 1450 1911 autem
1474 1849 1601 1911 omissis
1629 1850 1700 1913 altis
1729 1848 1879 1926 materiis,
1904 1848 1989 1931 cupio

454 1940 593 2003 humano
614 1943 724 2023 generi
745 1944 943 2021 advocatum,
960 1944 1013 2025 qui
1039 1944 1072 2005 in
1097 1944 1201 2008 consi·
1256 1946 1420 2010 informari
1455 1947 1591 2028 qualiter
1625 1949 1663 2010 ad
1695 1947 1919 2010 celebrandum
1945 1966 1989 2007 me

455 2039 552 2102 sterio
566 2040 619 2101 Dei
634 2040 732 2101 Patris
748 2041 881 2118 miseriS,
899 2051 1052 2121 quantum
1071 2043 1201 2124 permit·
1255 2046 1387 2107 debeam
1402 2064 1589 2127 praeparare,
1607 2046 1765 2127 quomodo
1781 2045 1872 2109 etiam
1893 2046 1926 2107 in
1946 2065 1991 2107 ce

371 2176 375 2181 ι
455 2138 493 2199 tit
513 2138 646 2218 justitia,
663 2138 880 2202 indesinenter
903 2143 1088 2201 succurratl
1108 2141 1200 2203 Deni-
1256 2143 1429 2206 lcbratione
1452 2144 1583 2206 debeam
1608 2164 1659 2206 me
1683 2144 1814 2221 babere,
1836 2153 1866 2206 et
1890 2164 1989 2205 rursus

454 2253 527 2316 que,
553 2255 651 2317 quum
680 2244 743 2297 tres
772 2235 964 2299 intentiones
989 2246 1020 2299 et
1047 2238 1199 2319 precipui
1254 2241 1390 2322 qualiter
1405 2250 1513 2324 postea
1528 2262 1578 2304 me
1595 2242 1755 2305 custodire
1769 2242 1912 2320 debeam,
1928 2262 1991 2323 gra-

453 2342 543 2395 aetus
559 2334 623 2396 sint
638 2332 742 2396 cultus
756 2334 855 2396 divini
871 2354 907 2396 ac
923 2354 1004 2397 verae
1025 2335 1198 2417 religionis,
1255 2340 1376 2421 tiasque
1391 2339 1521 2419 referre,
1537 2360 1574 2402 ac
1589 2349 1697 2421 gratus
1713 2360 1853 2403 manare.

454 2432 602 2493 videlicet
635 2430 882 2494 honorificentia
917 2432 983 2509 Dei,
1019 2432 1199 2514 impetratio
1295 2438 1438 2501 l'nnrrns.
1454 2437 1632 2519 -Optime
1647 2438 1750 2520 cupis,
1767 2447 1798 2500 et
1813 2448 1873 2500 tarn
1890 2447 1990 2501 sancto

453 2529 619 2592 veniarum
647 2536 679 2592 et
702 2529 828 2611 adeptio
852 2531 1035 2611 gratiarum,
1062 2532 1198 2593 multum
1254 2536 1410 2599 desiderio
1426 2536 1610 2599 satisfacere
1629 2555 1701 2600 mox
1720 2538 1849 2615 curabo,
1866 2556 1992 2619 perpau-

452 2629 578 2690 deesset
591 2627 689 2690 cultui
704 2627 772 2704 Dei,
789 2628 813 2689 si
837 2628 970 2689 durante
992 2636 1079 2691 tanta
1098 2636 1200 2691 trans·
1254 2634 1300 2697 eis
1337 2634 1508 2715 praemissis
1543 2635 1582 2698 de
1617 2634 1772 2716 dignitate
1810 2636 1990 2698 sacramenti

452 2724 616 2807 gressione
641 2744 678 2787 ac
703 2726 808 2805 culpa,
825 2726 949 2788 deesset
971 2727 1144 2789 advocatus
1168 2735 1199 2790 et
1254 2732 1344 2794 istius
1369 2732 1452 2795 ultra
1476 2752 1513 2795 ea
1542 2751 1613 2814 quaa
1637 2732 1831 2813 dictasunt,
1856 2733 1930 2795 itam
1956 2734 1990 2795 de

452 2824 599 2886 sacerdos
615 2824 654 2885 ad
670 2823 905 2904 impetrandum
926 2824 1049 2887 eunctis
1070 2824 1198 2888 veniam
1253 2830 1408 2911 dignitate
1438 2830 1641 2893 sacerdotalis
1665 2830 1832 2912 potestatis
1860 2840 1890 2893 et
1916 2831 1992 2893 ordi-

451 2942 488 2984 ac
508 2922 641 3003 gratiam
664 2921 792 3001 efficax,
809 2930 917 3002 utpote
941 2922 1094 2985 Christus.
1112 2924 1198 2985 Unde
1253 2927 1326 2989 nis:
1344 2936 1500 3009 quatenus
1525 2946 1563 2989 ex
1583 2927 1635 2989 his
1660 2928 1775 2990 clarius
1801 2928 1879 2991 scias
1904 2947 1991 3009 quam

451 3028 483 3081 et
504 3038 604 3100 usque
624 3020 663 3081 ad
683 3018 754 3098 ejus
773 3019 945 3081 adrentum
966 3020 1198 3084 valdeiucom-
1216 3025 1424 3090 Cvirtuosam
1440 3046 1509 3090 csse
1526 3026 1622 3088 vitam
1634 3036 1777 3107 oporteat
1789 3028 1990 3103 sacerdotum,

452 3118 556 3198 pletus
575 3116 692 3178 exstitit
714 3116 770 3178 Dei
796 3116 900 3178 cultus
918 3140 924 3177 :
942 3126 1047 3180 mmen
1075 3119 1109 3180 in
1133 3118 1198 3182 fide
1252 3132 1284 3186 et
1309 3143 1405 3205 quam
1430 3124 1563 3187 sollicite
1586 3124 1722 3187 debeant
1748 3145 1782 3187 se
1810 3144 1989 3207 preparare,

452 3214 623 3277 Salvatoris
648 3213 772 3275 venturi
802 3213 1051 3279 exaudiebantur
1074 3216 1197 3298 antiqui
1253 3223 1424 3303 custodire,
1442 3222 1592 3303 dirigere.

451 3311 576 3374 fideles

491 3409 632 3491 Denique
646 3409 786 3473 Christus
801 3429 840 3472 ex
849 3410 1032 3473 omnimoda
1046 3431 1103 3475 sua
1119 3412 1199 3475 cari-

452 3516 526 3588 tate,
547 3507 664 3590 pietate
689 3516 721 3571 at
745 3507 931 3572 liberalitate
954 3508 1001 3572 sic
1024 3510 1196 3590 ordinavit,
1459 3478 1704 3604 ARTKCULUS
1727 3479 1788 3541 XI·

452 3614 487 3671 ut
501 3606 643 3687 quotidie
658 3605 692 3667 in
707 3605 993 3669 innumerabilibus
1009 3607 1086 3670 locis
1107 3616 1138 3670 et
1158 3608 1198 3670 ab
1324 3629 1369 3686 De
1389 3625 1553 3701 diffluat&
1571 3626 1781 3685 Sacramenta
1800 3628 1928 3686 altaris,

452 3706 629 3768 innumeris
645 3704 860 3768 sacerdotibus
873 3704 1039 3785 offeratur,
1051 3707 1198 3787 quamvis

453 3804 493 3866 sit
507 3803 704 3866 sacrificium
720 3811 1016 3884 sacramentumque
1036 3824 1147 3885 uuum,
1164 3813 1199 3866 ut
1294 3810 1437 3872 Ventris.
1455 3845 1496 3855 —
1510 3809 1555 3871 Ad
1571 3809 1795 3872 declarandam
1811 3810 1992 3873 sacramenti

452 3903 534 3966 Deus
559 3903 648 3965 Pater
671 3902 885 3964 abundantius
914 3902 1097 3981 honoretur,
1122 3904 1197 3965 dum
1252 3907 1457 3970 Eucharistiae
1483 3906 1668 3988 dignitatem
1694 3908 1800 3971 omnia
1821 3928 1903 3990 pene
1924 3908 1994 3969 hue-

453 4001 487 4063 iu
511 4000 598 4063 omni
618 4000 688 4064 loco
706 3999 842 4063 offertur
860 3999 888 4061 ei
910 4000 1120 4061 mundissima
1138 4000 1198 4063 ista
1253 4026 1350 4089 usque
1367 4006 1545 4068 introducta
1559 4006 1708 4087 conspice
1722 4004 1992 4088 pertinere.0ua1u·

334 4106 340 4118 '
453 4099 583 4176 oblatio,
605 4098 639 4160 in
662 4098 756 4179 cujus
780 4097 892 4160 officio
918 4098 1054 4175 bonitaS,
1076 4098 1199 4161 miseri·
1255 4104 1303 4166 vis
1331 4104 1416 4167 enim
1447 4104 1537 4186 panis
1568 4104 1602 4165 in
1625 4123 1740 4186 corpus
1772 4113 1803 4168 et
1826 4106 1936 4168 uinum
1964 4105 1992 4165 in

453 4196 571 4274 cordia,
588 4196 775 4259 excellentia
794 4204 825 4257 ct
844 4196 947 4257 omnis
967 4196 1133 4277 perfectio,
1152 4217 1199 4259 sa·
1214 4204 1239 4265 l)
1254 4202 1441 4283 sanguinem
1473 4211 1697 4265 convertantur
1722 4202 1854 4281 directe,
1882 4212 1992 4275 tamon,

451 4295 572 4379 pientia
585 4314 623 4357 ac
638 4293 838 4376 providentia
853 4293 953 4375 ipsius
965 4294 1135 4375 magnifice
1151 4314 1199 4357 ex·
1254 4308 1289 4362 ut
1316 4300 1380 4362 dixi
1405 4300 1475 4377 tibi,
1502 4320 1539 4361 ex
1568 4300 1827 4381 concomitantia,
1854 4310 1917 4364 tam
1941 4300 1993 4363 sub

452 4395 615 4470 tolluntur,
645 4401 677 4455 ct
703 4410 800 4472 opera
828 4392 898 4471 ejus
932 4391 1198 4454 excellentissima
1255 4398 1422 4480 speciebus
1451 4398 1542 4479 panis
1571 4416 1666 4478 quarn
1695 4398 1759 4460 vini
1794 4409 1865 4481 post
1893 4418 1995 4462 conse-

450 4495 669 4570 deeantantur,
686 4492 817 4573 ipseque
839 4490 984 4571 pluribus
1008 4491 1133 4553 actibus
1155 4491 1199 4553 la·
1254 4496 1428 4558 orationem
1445 4503 1528 4557 totus
1543 4495 1683 4558 Christus
1703 4496 1843 4577 perfecte
1866 4516 1902 4559 ae
1924 4497 1995 4558 intc-

450 4593 519 4655 triaa
552 4593 735 4654 bonoratur.
765 4590 831 4652 lmo
866 4588 1060 4669 experientia
1093 4590 1195 4667 docet,
1254 4612 1308 4675 gre
1324 4592 1506 4655 continetur
1525 4612 1561 4655 ac
1580 4593 1661 4655 Patri
1679 4592 1824 4657 offertur.
1841 4596 1992 4670 Attamen,

450 4691 534 4772 quod
554 4688 701 4770 quamvis
721 4695 955 4749 sacramentum
976 4687 1060 4748 istud
1086 4688 1128 4749 sit
1151 4688 1199 4750 in·
1255 4690 1339 4753 sicut
1352 4690 1474 4753 Christo
1491 4692 1665 4753 secundum
1681 4700 1877 4773 assumptam
1893 4693 1995 4755 huma·

451 4785 999 4869 comprehensibilissimum,tamen
1015 4784 1060 4845 nil
1076 4793 1198 4847 tanturn
1255 4788 1396 4867 nitatem,
1426 4806 1491 4851 non
1526 4790 1700 4851 secundum
1736 4809 1825 4851 suam
1859 4790 1994 4853 divinam

452 4893 619 4950 conservat
641 4884 819 4946 christianae
839 4882 915 4944 fidei
935 4883 1056 4944 cultum
1077 4883 1109 4944 in
1130 4904 1199 4947 esse
1255 4895 1411 4966 naturam,
1429 4887 1628 4968 competebat
1651 4888 1836 4969 promereri,
1860 4890 1936 4970 pati,
1952 4908 1994 4950 sa-

451 4994 487 5048 ut
506 4983 687 5062 celebratio,
705 4981 880 5043 immolatio
901 4990 995 5061 atque
1018 4983 1199 5045 communio
1255 4984 1412 5061 tislaeere,
1434 4983 1479 5045 ita
1505 4993 1536 5045 et
1560 4982 1691 5061 offerri3
1718 4985 1902 5048 efficaciam
1927 5004 1995 5049 vero

453 5080 642 5146 sacramenti
668 5079 771 5158 istius,
789 5080 881 5159 cujus
906 5099 1002 5141 causa
1026 5078 1140 5141 fideles
1166 5080 1198 5142 in
1255 5090 1287 5144 et
1315 5082 1520 5144 idoneitatem
1550 5083 1750 5164 promerendi
1780 5092 1844 5145 tam
1876 5085 1995 5146 infinite

453 5181 622 5246 ecclesiam
651 5177 737 5241 omni
767 5177 818 5240 die
847 5178 1051 5255 conveniunt,
1079 5198 1199 5260 suoque
1256 5188 1286 5242 et
1308 5178 1523 5242 satisfaciendi
1543 5199 1600 5261 pro
1619 5180 1779 5243 universis
1803 5189 1869 5243 tarn
1895 5182 1993 5264 plena,

452 5289 594 5363 tempore
614 5277 819 5354 confitentur,
835 5285 868 5339 et
891 5295 948 5359 per
968 5276 1197 5358 confessiones,
1255 5277 1366 5341 babuit
1395 5296 1432 5340 ex
1461 5278 1644 5341 immediata
1667 5287 1699 5341 et
1720 5278 1919 5361 hypostatica
1945 5298 1996 5343 seu
