4309 6259
572 521 729 569 aurosum
749 522 849 569 nrum
872 520 879 567 ε
902 520 1040 578 morsm,
1063 519 1242 569 nmmrron
1262 520 1381 570 omina
1708 501 1749 567 99

242 684 324 749 Ecce
340 686 427 750 hunc
438 688 591 769 hymnum
604 708 676 751 cum
689 688 847 771 precipua
862 708 950 753 men·
965 689 989 751 h
1005 699 1213 771 purpuratum
1241 710 1279 753 ac
1309 689 1430 772 regium
1460 688 1749 753 strenuissimorum

199 783 241 845 tis
256 784 433 849 elevatione
455 787 493 849 ad
513 794 609 849 totam
630 787 878 869 triumphantem
894 786 951 849 Ec·
1004 796 1176 869 martyrum
1201 798 1318 851 coetum
1346 789 1561 868 victoriosum,
1587 786 1752 850 devotissi-

201 880 331 944 clesiam
347 884 565 964 decantemus,
577 886 810 966 perlustrando,
823 886 951 947 visitan-
1004 904 1128 947 morum
1148 904 1274 967 quoque
1294 906 1331 949 ac
1351 886 1677 966 splendidissimorum
1697 904 1752 947 cu-

200 980 254 1059 do,
277 981 526 1061 perambulando
546 982 822 1067 contemplationis
844 984 950 1045 volatu
1004 1002 1101 1045 neum
1137 984 1368 1061 confessorum,
1400 984 1642 1046 mundissimum
1674 983 1751 1045 item

202 1077 482 1143 universamillam
495 1080 667 1143 Ecclesiam
685 1081 947 1162 triumphantem:
1005 1082 1177 1143 exereitum
1206 1082 1363 1164 virgiuum
1395 1081 1652 1160 clarissimarum,
1681 1099 1752 1161 quat

202 1174 235 1236 in
252 1176 361 1256 primis
381 1178 497 1259 llogem
518 1178 601 1261 ejus,
618 1178 735 1260 Regem
756 1178 864 1259 utique
884 1197 950 1241 om·
1004 1179 1230 1259 omnipotentis
1262 1180 1375 1261 Sponsi
1409 1199 1446 1241 ac
1481 1179 1573 1260 Regis
1607 1177 1752 1241 altissimi

201 1272 290 1336 nium
306 1275 788 1356 saeculomm,Clrristum,l)eum
803 1284 835 1338 et
850 1276 950 1340 homi-
1005 1284 1078 1337 sunt
1094 1296 1217 1358 spousae
1239 1297 1275 1340 ac
1292 1278 1366 1341 titia
1387 1286 1419 1339 et
1438 1277 1610 1339 familiares
1629 1276 1749 1357 amicae,

202 1390 290 1449 nem,
302 1371 334 1432 in
350 1372 474 1435 deitatis
491 1382 601 1436 natura
617 1374 697 1436 Patri
712 1382 806 1455 atque
821 1374 949 1456 Spiritui
1006 1374 1200 1455 reliquorum
1216 1376 1310 1437 etiam
1332 1375 1611 1437 innumerabilium
1626 1375 1751 1437 turbam

202 1469 318 1533 Sancto
334 1471 460 1551 penitus
479 1472 683 1553 coequalem,
701 1472 950 1535 consubstantia-
1005 1472 1203 1535 Sanctorum.
1230 1472 1377 1535 Omnium
1402 1473 1516 1537 horum
1540 1474 1753 1536 accendamur

201 1568 266 1631 lem
283 1577 314 1631 et
330 1578 532 1650 coaeteruum,
545 1570 599 1651 qui
614 1570 646 1632 in
662 1580 774 1633 natura
789 1580 950 1653 assumpta
1004 1590 1124 1649 amore,
1150 1574 1189 1635 ad
1219 1590 1328 1634 eorum
1358 1572 1530 1654 gloriosum
1557 1570 1752 1653 suspiremus

199 1668 269 1748 jam
294 1686 423 1749 pmrsus
447 1668 723 1750 glorificatissima,
744 1669 951 1732 ineffabiliter
1005 1671 1210 1734 consortium.
1232 1670 1438 1733 Attendamus
1462 1670 1536 1751 quia
1559 1669 1673 1752 stipsi
1698 1669 1753 1732 ali-

201 1767 298 1829 totius
314 1766 449 1847 paradisi
465 1767 603 1829 coelestis
618 1766 859 1849 jucunditatem,
869 1768 951 1831 acci·
1005 1770 1132 1851 quando
1157 1767 1189 1830 in
1218 1769 1278 1833 hoc
1302 1768 1418 1831 saeculo
1444 1767 1563 1830 similes
1588 1766 1679 1830 nobis
1705 1766 1754 1828 fn·

200 1864 329 1927 dentale
350 1866 527 1947 praemium,
542 1874 656 1948 auget3
672 1867 787 1930 deinde
807 1866 877 1948 ejus
899 1886 950 1931 ex·
966 1868 989 1931 B
1005 1876 1109 1947 crunt,
1126 1868 1286 1947 mortales,
1303 1866 1439 1949 propriis
1453 1866 1572 1929 viribus
1587 1865 1632 1927 nil
1646 1864 1755 1927 valen·

201 1962 461 2026 cellentissimam
478 1963 680 2043 Genitn'cem,
696 1965 752 2027 toti
774 1964 819 2026 illi
842 1984 951 2047 super-
1006 1976 1063 2029 tes.
1089 1966 1260 2028 Pensemus
1283 1984 1380 2045 quam
1405 1973 1534 2027 strenue
1559 1963 1755 2044 viriliterque

200 2062 371 2125 mundanae
411 2062 505 2125 curiae
544 2063 751 2125 vehementer
788 2064 947 2141 dilectam,
1007 2072 1152 2145 egerunt,
1167 2082 1262 2143 quam
1279 2070 1461 2126 constantes
1476 2071 1507 2124 et
1528 2061 1642 2125 fervidi
1662 2062 1756 2124 exsti·

200 2160 401 2241 honoratam,
428 2180 569 2239 suavem,
597 2162 647 2224 cui
673 2162 805 2225 thronus
830 2162 950 2244 positus
1006 2169 1123 2241 terunt,
1145 2168 1177 2223 et
1196 2168 1336 2224 nostram
1357 2161 1560 2242 deploremus
1583 2160 1753 2241 ignaviam,

201 2266 251 2321 est
265 2259 354 2340 juxta
374 2260 522 2322 thronum
544 2260 628 2323 unici
648 2259 718 2321 filii
732 2260 780 2321 sui
798 2284 805 2321 :
823 2260 876 2342 qui
892 2260 950 2323 sibi
1006 2259 1234 2342 negligentiam
1268 2267 1300 2321 et
1332 2266 1503 2340 torporem.
1530 2260 1754 2322 Verumtamen

201 2357 340 2421 invicem
355 2358 482 2439 gloriosi
499 2360 708 2441 congaudent.
1007 2377 1071 2421 non
1086 2359 1304 2439 desperemus,
1321 2358 1376 2420 sed
1392 2376 1501 2421 eorum
1517 2356 1756 2421 inflammemur

244 2456 396 2519 Praeterea
426 2476 597 2537 pensemus
631 2456 767 2537 qualiter
800 2457 950 2539 palatium
1007 2456 1181 2538 exemplis;
1204 2465 1236 2518 et
1257 2456 1495 2519 considerantes
1519 2476 1614 2537 quam
1640 2456 1755 2519 inaesti-

202 2554 282 2617 illud
298 2554 370 2617 coeli
389 2554 530 2637 empyrei
550 2554 763 2636 pulcherrime
784 2556 952 2619 decoratur
1008 2554 1157 2617 mahilem
1176 2562 1208 2616 et
1230 2563 1380 2617 eternam
1401 2554 1534 2635 gloriam
1556 2563 1587 2617 et
1606 2553 1753 2633 salutem,

201 2652 390 2734 angelornm
421 2661 602 2715 sanctorum
629 2653 819 2735 agminibus,
846 2654 952 2735 splen·
1007 2654 1172 2730 honorem,
1190 2654 1392 2715 securitatem
1412 2652 1445 2715 in
1465 2652 1561 2733 hujus
1580 2652 1652 2715 vitae
1666 2651 1755 2715 brevi

200 2750 375 2812 didissimis
404 2769 613 2832 supernorum
643 2751 809 2831 spirituum
834 2752 949 2833 choris,
1007 2752 1165 2815 curriculo
1181 2751 1340 2833 hujusque
1352 2751 1443 2814 stadii
1455 2769 1556 2832 pauco
1571 2752 1680 2814 labore
1692 2751 1756 2813 sint

200 2856 235 2911 et
246 2848 525 2911 innmnerabilium
537 2847 672 2911 millium
684 2848 950 2913 nobilissimarum
1007 2850 1125 2932 adepti,
1148 2850 1370 2931 resipiscamus
1392 2850 1434 2912 ab
1455 2848 1632 2913 incustodia
1655 2858 1688 2911 et
1708 2849 1756 2911 in-

200 2946 330 3011 illarum
346 2945 549 3009 deiformium
565 2947 719 3011 mentium
733 2948 892 3012 deliciosis
906 2968 953 3011 or·
1007 2948 1153 3029 sipientia
1174 2956 1291 3027 nostra,
1312 2948 1517 3030 accingamur
1537 2949 1577 3009 ad
1600 2947 1753 3025 meliora3

199 3044 342 3108 dinibus.
968 3051 1039 3114 Cet
1061 3048 1137 3128 quid
1159 3047 1332 3109 debeamus
1353 3046 1524 3125 ditissimo,
1547 3046 1622 3127 quid
1647 3054 1755 3110 nostra

243 3144 364 3207 Deinde
397 3143 577 3207 intueamur
612 3152 792 3207 sanctorum
822 3144 953 3208 Patriar-
1007 3147 1146 3227 requirat
1161 3145 1284 3209 vocatio
1303 3146 1549 3227 perpendentes,
1565 3145 1755 3227 incipiamus

198 3242 335 3305 charum
355 3261 393 3304 ac
413 3242 639 3323 Pmphetarum
666 3243 882 3305 venerandum
903 3242 953 3325 ju-
1005 3243 1138 3307 Domiam
1153 3243 1217 3307 Deo
1236 3243 1375 3324 quotidie
1393 3243 1484 3324 qnasi
1504 3262 1577 3306 cum
1593 3262 1676 3307 novo
1690 3262 1756 3306 ser-

197 3340 496 3421 cundissimumque
507 3342 687 3419 exercitum,
695 3341 953 3423 gloriosissimam
1006 3342 1072 3405 vire
1088 3341 1215 3404 fervore
1236 3349 1269 3403 et
1289 3360 1396 3405 eoram
1418 3342 1489 3423 ejus
1509 3340 1676 3423 praesentia
1694 3342 1755 3405 sol-

196 3437 469 3502 electissimomm
497 3440 720 3519 Apostolorum
750 3440 951 3523 phalangam,
1006 3438 1092 3503 licite
1106 3438 1280 3502 ambulare.

660 3752 737 3845 hl)
787 3750 1013 3845 munus
1058 3749 1300 3846 HYMNUS

314 4026 344 4085 t.
360 4024 454 4102 lesu,
470 4022 615 4087 salvator
633 4025 758 4105 saculi,
1116 4026 1147 4087 4.
1164 4024 1456 4090 Chorussaeratus
1469 4026 1668 4107 martyrum,

291 4122 487 4203 Redemptis
507 4139 568 4204 ope
588 4122 750 4205 subveni;
1093 4122 1266 4187 Confessio
1284 4123 1492 4188 sacerdotum

292 4220 345 4299 Et,
365 4221 421 4301 pia
439 4220 502 4283 Dei
521 4220 684 4301 Genitrix,
1094 4220 1137 4283 Et
1151 4220 1325 4301 virginalis
1344 4221 1478 4285 castitas

292 4318 440 4383 Salutem
459 4336 559 4400 posce
575 4318 718 4385 miseris.
1092 4318 1163 4383 Nos
1177 4334 1197 4381 a
1211 4318 1355 4399 peccatis
1373 4317 1520 4384 abluant.

314 4512 347 4577 2.
364 4514 476 4579 Goetus
495 4532 611 4579 omnes
629 4517 781 4598 angelici,
1115 4516 1146 4579 5.
1162 4514 1402 4579 Monachorum
1420 4514 1577 4597 suffragia

292 4612 558 4677 Patriaroharum
578 4616 673 4679 cunei
1094 4614 1283 4694 Omnesque
1302 4613 1392 4677 cives
1410 4614 1515 4677 coelici

291 4711 334 4773 ldt
352 4710 593 4791 Prophetarum
613 4712 730 4776 merita
1092 4713 1251 4775 Annuaut
1265 4712 1352 4776 votis
1366 4712 1557 4794 supplicum

290 4808 396 4873 Nobis
413 4811 588 4890 precentur
607 4811 750 4876 veniam.
1093 4811 1136 4874 Et
1154 4810 1232 4874 vitae
1250 4811 1389 4891 poscant
1406 4811 1595 4892 premium.

315 5005 346 5070 3.
363 5005 513 5087 Baptista
531 5006 654 5071 Christi
669 5010 824 5091 previus,
1118 5008 1149 5071 6.
1170 5008 1271 5088 Laus,
1291 5008 1408 5089 honor,
1426 5009 1545 5090 virtus,
1560 5008 1667 5092 gloria

292 5105 335 5168 nt
353 5104 497 5186 claviger
512 5106 686 5187 ethereus,
1094 5106 1166 5171 Deo
1184 5106 1276 5169 Patri
1295 5108 1328 5170 et
1345 5106 1445 5187 Filio,

292 5202 376 5267 Cum
397 5204 514 5267 ceteris
531 5204 715 5286 Apostolis,
1095 5205 1216 5269 Sancto
1235 5204 1337 5269 simul
1354 5204 1536 5284 Paracleto,

292 5300 363 5367 Nos
380 5301 511 5365 solvant
528 5318 617 5367 nexu
636 5304 795 5369 oriminis.
1095 5304 1134 5367 In
1152 5303 1351 5369 saeculorum
1370 5300 1502 5369 saecula.
1519 5303 1638 5371 Amen.
