4309 6259
605 500 764 549 sxrosrrro
784 499 883 547 aravi
906 504 914 546 :
936 498 1094 556 mauro,
1115 500 1240 549 saturis
1260 500 1379 550 accron
1724 480 1762 547 llf

216 688 288 733 esse
312 672 345 734 iu
370 690 440 735 esse
464 671 648 753 producitur
671 679 703 735 et
726 690 796 735 esse
820 670 1003 735 substan-A
1020 672 1270 754 superabundas,
1285 680 1317 735 et
1337 680 1492 753 quantum
1517 670 1550 733 in
1570 679 1601 733 te
1620 677 1679 749 est,
1695 690 1766 753 pro-

217 769 291 832 tiale
315 770 453 834 sortitur.
484 770 629 833 &cunda
658 770 804 833 nativitas
833 778 964 833 vocatur
1018 770 1152 834 nissima
1165 790 1292 853 semper
1304 791 1338 835 es
1350 768 1766 849 misereri,misericordiam

216 887 255 930 ex
269 875 371 947 utero,
385 888 448 950 qua
463 868 568 932 infans
584 868 687 951 prodit
702 869 740 931 ad
756 868 859 932 lucem
873 892 880 929 :
893 887 963 949 quae
1019 866 1186 949 impertiri,
1210 870 1386 951 indulgere,
1408 868 1567 947 exaudire,
1588 876 1620 930 et
1638 886 1766 932 omnem

216 966 379 1047 generatio
393 974 440 1029 est
456 966 669 1031 manifestatio
684 966 897 1049 generationis
917 966 963 1029 fa·
1018 966 1144 1048 pietatis
1159 967 1312 1031 ellectum
1327 968 1468 1049 undique
1482 984 1640 1047 exercere,
1657 965 1766 1047 sicque

216 1072 275 1127 ctas
303 1065 335 1126 in
371 1072 469 1127 utero.
501 1066 596 1129 Porro
625 1065 765 1128 Christus
792 1065 963 1148 assumpsit
1018 1065 1057 1126 de
1087 1066 1285 1147 plenitudine
1314 1065 1371 1129 tibi
1406 1084 1558 1129 concessa
1586 1064 1767 1146 copiosissi-

216 1182 344 1225 camem
360 1172 391 1225 et
406 1164 545 1227 animam
561 1163 593 1225 in
613 1171 703 1228 utero
718 1163 853 1245 Virginis
871 1187 878 1225 :
895 1183 963 1226 car·
1018 1182 1069 1225 me
1091 1164 1343 1242 communicare3
1363 1183 1422 1227 nec
1442 1163 1581 1245 aliquem
1599 1162 1764 1239 miserum,

215 1280 290 1323 nem
319 1280 357 1323 ex
386 1261 562 1341 purissimis
592 1261 797 1324 sanctissimis
826 1261 962 1343 Virginis
1017 1263 1251 1343 quantumlibet
1268 1262 1413 1346 impium,
1431 1262 1581 1327 vitiosum
1596 1281 1634 1325 ac
1653 1261 1762 1340 vilem,

214 1360 433 1440 sanguinibus,
460 1360 597 1423 animam
622 1367 727 1423 autem
752 1380 770 1423 a
794 1360 963 1442 superbea-
1017 1359 1156 1443 despicis
1171 1370 1225 1424 aut
1241 1361 1406 1443 relinquis,
1422 1360 1449 1423 si
1465 1370 1496 1423 te
1513 1380 1551 1423 ex
1566 1362 1661 1425 corde
1677 1360 1765 1424 invo

214 1458 335 1519 tissima
351 1458 513 1521 Trinitate.
526 1458 643 1521 Eodem
659 1460 785 1521 demum
803 1466 962 1521 momento
1018 1458 1147 1522 caverit,
1156 1460 1208 1523 Sic
1224 1479 1299 1541 ergo
1313 1469 1414 1523 mater
1424 1460 1531 1540 gratia
1543 1468 1575 1521 et
1589 1458 1766 1523 misericor-

212 1574 279 1635 quo
299 1574 426 1618 carnem
447 1557 627 1639 assumpsit,
644 1556 704 1618 fuit
728 1556 795 1639 ipsa
818 1576 892 1619 caro
916 1556 962 1618 in·
1017 1556 1077 1620 diaa
1098 1558 1283 1636 nominaris,
1296 1558 1378 1621 sicut
1398 1558 1430 1620 in
1453 1566 1507 1621 tua
1528 1576 1662 1640 persona
1685 1557 1764 1620 illud

212 1652 307 1716 fmita
334 1654 387 1716 llei
413 1653 528 1716 virtute
558 1654 697 1736 perfecte
724 1653 902 1735 organizata
932 1662 963 1716 et
1017 1653 1231 1719 Ecclesiastici
1257 1656 1375 1719 dicitnr
1391 1680 1398 1718 ε
1416 1656 1481 1738 Ego
1502 1664 1604 1718 mater
1624 1656 1764 1738 pulcbrae
1779 1680 1912 1733 naerens,

213 1750 467 1832 complexionata
482 1760 576 1833 atque
596 1753 636 1814 ab
655 1752 760 1814 anima
780 1751 960 1815 informata.
1016 1752 1198 1815 dilectionis
1221 1761 1254 1816 ct
1283 1754 1405 1816 timoris
1430 1761 1462 1816 et
1490 1753 1672 1835 agnitionis,
1701 1762 1761 1817 eto.
1779 1746 1813 1787 ²⁴·

212 1850 264 1912 Sic
296 1851 456 1913 nascendo
489 1870 527 1913 ex
561 1850 700 1933 Virgine,
732 1870 794 1914 non
828 1850 962 1932 sumpsit
979 1851 1003 1913 B
1018 1850 1253 1932 specialissime
1268 1859 1372 1913 tamen
1388 1851 1611 1932 matergratiae
1626 1851 1765 1914 etmise·

211 1948 355 2011 Christus
370 1949 511 2031 corporis
527 1950 660 2013 formam
681 1970 739 2012 nec
759 1950 897 2013 animam
915 1969 962 2012 ra-
1017 1946 1160 2011 ricordim
1181 1948 1358 2029 perhiberis
1372 1949 1413 2012 ob
1429 1968 1540 2013 causas
1562 1949 1761 2031 praehabitas.

212 2046 364 2109 tionalem
390 2046 464 2127 (nisi
494 2055 646 2129 quantum
672 2048 709 2109 ad
736 2047 962 2111 manifestatio-
1059 2050 1107 2107 Tu
1123 2066 1180 2106 nos
1193 2048 1234 2106 ab
1249 2048 1336 2106 beate
1347 2057 1492 2124 protege,
1502 2048 1533 2109 id
1548 2054 1607 2126 est,
1620 2047 1660 2110 ab
1675 2047 1763 2110 omni

212 2146 314 2224 nem),
327 2146 381 2207 sod
397 2146 429 2207 in
445 2145 582 2227 Virgine.
600 2146 731 2223 idcirco,
747 2147 832 2228 quod
847 2146 962 2209 dicitur
1016 2142 1172 2206 diabolica
1196 2144 1370 2207 tentatione
1393 2144 1529 2207 defende
1554 2153 1584 2207 et
1609 2145 1650 2208 ab
1674 2144 1763 2209 omni

211 2264 232 2303 a
257 2262 295 2305 ex
313 2242 442 2325 Virgine
459 2266 488 2321 a,
505 2251 608 2325 potest
630 2245 754 2325 exponi,
771 2244 804 2306 in
822 2244 959 2325 Virgine,
1018 2240 1173 2304 invisibili
1188 2242 1279 2306 hoste
1301 2266 1308 2303 ε
1330 2261 1393 2306 non
1413 2251 1448 2305 ut
1467 2244 1592 2326 penitus
1611 2262 1676 2309 non
1697 2252 1764 2305 ten-

210 2341 265 2402 vel
287 2341 326 2402 de
347 2340 449 2404 forma
469 2341 611 2423 corporis
633 2350 786 2422 quantum
812 2343 850 2405 ad
876 2360 961 2405 com·
1017 2346 1132 2417 lemur,
1164 2340 1314 2421 quoniam
1340 2358 1451 2403 omnes
1479 2340 1535 2423 qui
1564 2342 1628 2405 ileo
1656 2341 1911 2424 planu-J,aaa,...‚

211 2438 386 2520 pletionem
401 2438 560 2519 augmenti
575 2438 771 2503 formationis
785 2440 962 2503 illiusPrta
1017 2446 1121 2515 emnt,
1138 2456 1195 2519 per
1214 2438 1329 2501 multas
1348 2438 1539 2503 tentationes
1558 2447 1590 2502 et
1608 2439 1764 2503 tribulati·
1778 2436 1812 2477 ²³·

210 2544 310 2613 terea,
326 2536 351 2597 si
367 2536 426 2599 boc
443 2536 575 2599 verbum
591 2560 607 2596 u
624 2538 796 2619 sumpseris
813 2560 829 2597 a
847 2538 962 2601 relcra-
1016 2553 1094 2598 ones
1124 2535 1317 2598 transierunt
1341 2535 1466 2615 fideles,
1490 2544 1523 2599 et
1545 2536 1601 2618 qui
1625 2556 1689 2601 non
1714 2545 1764 2600 est
1790 2556 1863 2601 aaa.

210 2642 265 2695 tur
278 2634 315 2696 ad
331 2634 410 2697 illud
425 2636 625 2717 complexum
641 2660 658 2696 ι(
671 2656 708 2699 ex
719 2636 847 2717 Virgine
860 2656 960 2714 >gnon
1017 2640 1166 2712 tentatus,
1182 2633 1259 2714 quid
1275 2634 1352 2695 scitl
1367 2652 1426 2697 nec
1446 2642 1615 2697 coronetur
1629 2634 1691 2696 nisi
1706 2634 1762 2717 qui
1777 2622 1911 2733 fsffi,

209 2740 316 2814 potest
336 2734 462 2815 proprie
487 2734 601 2814 exponi
625 2735 665 2796 de
690 2734 793 2798 forma
817 2735 962 2798 substan·
1017 2728 1157 2811 legitime
1172 2730 1361 2808 certaverit;
1378 2732 1433 2793 sed
1448 2732 1677 2796 retentatione
1696 2734 1763 2797 ulla

209 2828 279 2892 tiali
301 2830 442 2911 corporis
466 2831 578 2893 Christi
599 2852 655 2895 seu
675 2833 783 2895 anima
804 2832 959 2912 rationali,
1017 2828 1207 2908 vincamur:
1224 2830 1308 2909 quod
1330 2838 1461 2893 estnon
1481 2830 1589 2893 induci
1609 2830 1643 2893 in
1663 2840 1763 2895 lenit·
1783 2862 1911 2912 narina..

209 2946 284 3009 quaa
303 2946 368 2990 non
388 2928 447 2991 fuit
466 2948 503 2991 ex
523 2930 651 3011 Virgine
676 2940 822 3011 sumpta3
840 2932 865 2993 si
886 2950 961 2995 vero
1016 2928 1148 2991 tionem.
1165 2952 1182 2988 u
1200 2928 1329 3011 Protege
1349 2953 1367 2989 »
1386 2949 1512 3013 quoque
1531 2954 1549 2991 a
1570 2950 1629 2996 nos
1647 2934 1688 2997 ab
1707 2934 1763 2998 bo
1778 2928 1811 2968 ¹³·

210 3026 371 3090 referatur
395 3027 435 3089 ad
459 3027 519 3091 boc
545 3029 677 3092 verbum
704 3052 720 3089 u
748 3031 907 3093 nascendo
932 3055 960 3112 a,
980 3028 1064 3093 Gste
1086 3050 1115 3106 a,
1139 3028 1170 3089 id
1195 3036 1243 3090 est
1266 3028 1307 3090 ab
1331 3028 1417 3092 omni
1442 3031 1622 3094 adversario
1647 3040 1763 3097 nostra

209 3133 317 3208 potest
346 3126 460 3207 exponi
494 3126 534 3189 de
569 3127 686 3205 anima,
715 3127 803 3208 juxta
832 3130 960 3192 modum
1017 3126 1139 3206 salutis,
1155 3135 1308 3208 quantum
1324 3129 1362 3191 ad
1382 3129 1442 3192 hoc
1461 3131 1547 3211 quod
1565 3132 1761 3212 adversatur,

209 3243 299 3285 nunc
322 3232 451 3286 tactum.
1017 3231 1051 3285 ut
1071 3223 1149 3286 nihil
1171 3224 1317 3306 pmliciat
1336 3226 1484 3290 inimicus
1504 3228 1576 3291 talis
1597 3228 1630 3291 in
1657 3229 1915 3310 nobis,1›,m¹„„,

253 3324 379 3391 Maria,
400 3332 506 3383 mater
526 3326 658 3399 prata'oe.
682 3324 784 3398 Ouum
812 3325 961 3387 effectiva
1017 3321 1047 3383 id
1078 3331 1126 3384 est
1153 3341 1238 3400 caro,
1269 3327 1418 3403 mundus,
1445 3326 1592 3389 voluntas
1621 3329 1759 3409 pmpria,
1778 3324 1812 3365 ²³·

208 3420 733 3502 causagratiaegratumfacientis
756 3423 878 3485 nonsit
901 3423 960 3485 nisi
1017 3418 1120 3482 lomes
1149 3428 1202 3483 aut
1226 3421 1311 3483 acies
1340 3423 1501 3487 vitiorum.
1528 3423 1658 3506 Pmtege
1687 3445 1763 3506 ergo

207 3518 306 3598 Dans,
329 3518 380 3581 cui
407 3518 568 3599 proprium
594 3528 641 3581 est
667 3538 785 3597 creare,
807 3530 839 3583 ct
862 3522 962 3601 gratia
1017 3536 1075 3580 nos
1090 3519 1213 3581 meritis
1234 3521 1296 3581 tuis
1315 3540 1352 3583 ac
1373 3521 1532 3603 precibus,
1552 3523 1764 3605 virtutemque

207 3616 282 3697 ipsa
297 3624 422 3679 creetur
436 3624 466 3679 et
481 3616 677 3697 infundatur,
693 3620 960 3700 quemadmodum
1016 3624 1047 3679 et
1062 3617 1195 3697 gratiam
1211 3618 1376 3682 resistendi
1391 3639 1428 3681 ac
1444 3620 1634 3701 praevalendi
1649 3621 1681 3683 in
1697 3641 1765 3685 om-

207 3714 347 3791 caritas,
365 3714 435 3777 ideo
454 3714 548 3777 llaria
572 3734 635 3779 non
661 3724 708 3779 est
732 3725 832 3779 mater
855 3718 961 3800 gratim
1017 3715 1049 3776 ni
1083 3715 1257 3779 tentatione
1285 3717 1489 3797 adipiscendo
1516 3738 1553 3783 ac
1582 3719 1761 3801 tribuendo,

207 3831 271 3895 per
285 3811 492 3894 principalem
509 3814 724 3877 causalitatem
745 3824 776 3877 et
796 3817 962 3879 auctorita·
1016 3822 1172 3893 quatenus
1187 3814 1270 3875 Deus
1285 3814 1331 3877 sic
1346 3814 1442 3878 faciat
1459 3817 1551 3880 nobis
1573 3829 1762 3900 proventum
1778 3836 1908 3889 aceram.

205 3919 288 3987 tem,
306 3911 361 3972 sed
377 3928 434 3991 per
448 3910 678 3993 privilegiatam
698 3921 885 3994 potestatem
905 3915 962 3977 im·
1016 3930 1052 3973 ac
1089 3911 1283 3993 triumphum
1313 3913 1346 3974 in
1375 3915 1598 3978 tentationibus
1627 3918 1760 3996 cunetis,

207 4008 359 4090 patrandi
377 4016 408 4071 et
423 4010 613 4091 procurandi
629 4030 666 4073 ac
682 4012 775 4074 dandi
791 4012 874 4075 bano
892 4032 961 4093 gra·
1016 4016 1047 4071 et
1072 4019 1214 4073 conterat
1239 4012 1386 4075 Samnam
1411 4013 1470 4076 sub
1490 4014 1623 4095 pedibus
1646 4018 1762 4079 nostris
1789 4036 1852 4079 aaa.
1865 4050 1909 4088 m.

205 4106 300 4183 tiam,
329 4125 387 4188 per
409 4108 539 4170 modum
569 4109 758 4173 mediatricis
786 4130 823 4174 ac
853 4112 961 4175 effica-
1016 4107 1179 4171 velociter.
1777 4102 1811 4142 ²⁰·

206 4204 347 4268 cissimae
373 4206 544 4285 advocatae,
571 4207 690 4271 ratione
719 4228 782 4271 suae
811 4208 1002 4273 maternaeD
1054 4210 1099 4269 Et
1118 4209 1200 4267 tora
1220 4212 1335 4269 mortis
1353 4213 1490 4287 scampe,
1507 4211 1538 4273 id
1557 4222 1615 4290 est,
1633 4213 1665 4275 in
1686 4215 1763 4277 bora

207 4296 428 4377 sublimitatis,
451 4316 514 4379 qua
539 4302 781 4381 comparentalis
807 4312 855 4365 est
878 4304 960 4367 Patri
1016 4305 1069 4368 illa
1085 4305 1216 4367 subolis
1239 4313 1299 4369 tuas
1319 4317 1468 4371 maternae
1488 4318 1519 4372 et
1538 4310 1764 4375 misericordis-

204 4404 330 4459 aeterno
345 4403 376 4457 et
391 4395 487 4459 blater
502 4415 576 4458 vera
598 4398 749 4479 unigeniti
772 4400 841 4463 Filii
863 4402 932 4483 ejus
951 4426 957 4463 ε
1016 4403 1104 4466 simae
1119 4403 1244 4484 pietatis
1259 4414 1291 4467 et
1306 4405 1443 4467 caritatis
1458 4426 1517 4470 nos
1537 4416 1624 4472 tanto
1644 4410 1764 4491 specia-

203 4496 295 4575 quod
312 4502 361 4557 est
374 4494 512 4577 dignitas
526 4498 759 4577 quodammodo
774 4500 908 4579 infinita,
927 4511 961 4565 ut
1017 4500 1076 4563 lius
1102 4510 1133 4564 et
1156 4502 1376 4565 incessabilius
1398 4505 1519 4586 accipe,
1536 4515 1619 4584 tene,
1637 4526 1765 4571 conser-

81 4650 89 4659 .
118 4616 134 4657 ε
166 4612 185 4657 ·.
204 4594 331 4658 dictum
356 4602 415 4657 est.
432 4594 487 4657 Est
511 4595 605 4657 etiam
627 4605 727 4659 mater
745 4599 865 4679 gratias,
886 4601 960 4682 quia
1016 4619 1066 4677 va,
1084 4608 1202 4681 quanto
1227 4610 1301 4662 tunc
1321 4601 1426 4682 majus
1450 4612 1550 4666 exstat
1573 4605 1762 4687 periculum,

203 4711 276 4775 praa
292 4691 407 4754 ceteris
422 4692 545 4755 Sanctis
558 4693 658 4757 multo
671 4694 867 4775 frequentius
883 4700 960 4761 mul·
1015 4699 1118 4779 major
1162 4698 1343 4776 necessitas,
1387 4700 1582 4782 impugnatio
1626 4706 1761 4785 gravior,

201 4799 307 4869 toque
322 4789 466 4871 pluribus
486 4810 522 4853 ac
543 4791 703 4874 copiosius
723 4812 791 4855 eam
813 4794 960 4877 impetrat
1014 4804 1127 4857 natura
1156 4796 1300 4859 debilior.
1327 4797 1455 4861 Animas
1484 4818 1611 4881 quoqne
1640 4812 1763 4867 nostras

202 4896 241 4951 et
264 4887 470 4965 transfundit,
487 4897 519 4951 et
538 4890 690 4970 quoniam
713 4910 844 4972 regnum
865 4894 960 4957 mise-
1013 4894 1052 4956 de
1068 4895 1253 4975 corporibus
1274 4895 1339 4957 suis
1357 4898 1567 4978 egredientes,
1585 4901 1764 4964 clementis-

202 4985 355 5049 rioordiaa
371 4984 401 5047 ei
421 4987 625 5050 commissum
646 4996 703 5050 est.
720 4989 807 5052 Unde
827 4992 959 5072 subjun·
1013 4992 1093 5054 sime
1118 4993 1255 5075 suscipe,
1272 4995 1386 5072 deduc,
1407 4996 1570 5078 iudicique
1595 5009 1760 5082 praesenta,

199 5084 293 5166 gitur
309 5104 316 5142 z
334 5092 442 5143 mater
461 5086 709 5156 misericordiae,
724 5105 762 5149 eo
782 5088 876 5151 modo
894 5108 957 5170 quo
1012 5099 1043 5152 et
1059 5109 1166 5153 coram
1182 5101 1395 5172 co,quantum
1411 5092 1481 5155 fieri
1496 5096 1623 5176 poterit,
1634 5118 1758 5177 excusa,

199 5190 310 5248 mater
323 5201 357 5245 es
372 5181 492 5263 gratias,
509 5183 658 5264 quoniam
675 5184 708 5246 in
724 5192 754 5247 te
770 5186 838 5267 ipsa
858 5188 958 5251 visce—
1012 5189 1131 5266 releva,
1152 5190 1327 5271 consolare,
1349 5210 1409 5253 nec
1434 5194 1615 5275 purgatorio
1638 5197 1760 5279 adjudi-

198 5282 295 5346 m'bus
320 5279 448 5364 pietatis
477 5288 508 5343 et
532 5280 757 5348 misericordiae
785 5283 896 5350 affluis
925 5296 956 5350 et
1012 5288 1091 5351 eatis
1112 5287 1257 5351 absistas.
