4309 6259
471 450 530 516 tos
760 470 800 518 ns
820 470 1022 520 summense
1041 472 1251 521 accuaursuu
1272 473 1429 522 amoves
1451 475 1517 523 sax.
1540 493 1581 506 -
1601 476 1701 526 snauo
1721 478 1731 525 ι

470 637 662 723 theologiam
678 650 849 724 utcumque
863 653 1021 726 expertos,
1037 645 1129 709 decet
1144 663 1217 707 cau·
1231 644 1257 708 Α
1272 663 1362 709 reum
1384 665 1496 729 capere
1518 648 1637 730 nequit,
1654 667 1750 730 quem
1771 648 1842 713 coeli
1863 650 1998 713 coelorun

470 744 503 801 te
520 746 552 801 et
565 742 765 823 appropriate
779 742 866 824 loqui
880 743 919 806 dc
941 743 1002 824 his,
1018 750 1050 806 et
1064 744 1216 807 obscuros
1271 744 1533 810 circumscribere
1556 747 1590 809 iu
1614 746 1738 810 deitatis
1754 756 1865 811 natura
1883 748 1998 812 nullate

471 855 633 901 sermones
653 839 823 918 elucidare,
840 860 881 904 ne
902 840 1154 905 scandalizentur
1173 841 1217 905 le-
1271 864 1332 906 nus
1346 844 1464 923 valent,
1480 844 1514 907 in
1528 854 1691 927 assumpta
1705 854 1829 925 natura,
1842 846 1900 909 sub
1913 864 1998 910 sacra-

469 943 581 1016 gentes
602 956 658 1000 seu
677 937 852 1002 audientes.
869 938 947 1002 Nam
967 947 999 1003 et
1016 940 1051 1001 in
1070 958 1216 1005 sermone
1271 942 1402 1005 mentali
1421 943 1603 1025 permodica
1622 943 1736 1023 forma,
1753 952 1862 1008 nostra
1879 945 1997 1026 ingredi-

469 1034 636 1114 oujusdam
666 1035 728 1118 legi
755 1038 823 1100 haec
852 1038 948 1101 verbo
980 1062 986 1100 :
1018 1038 1216 1119 Impossibile
1271 1050 1323 1103 tur
1336 1059 1401 1120 ora,
1419 1050 1453 1104 ut
1467 1049 1499 1104 et
1514 1041 1559 1103 sic
1575 1042 1743 1123 gratiosius
1762 1051 1870 1106 nostra
1883 1043 1997 1107 introcat

468 1141 553 1195 esset
566 1133 728 1198 hominem
743 1144 828 1198 recte
849 1136 911 1199 boc
931 1137 1026 1199 modo
1045 1137 1079 1199 in
1100 1156 1133 1200 se
1147 1137 1216 1219 ipso
1272 1140 1377 1217 corda,
1408 1139 1516 1220 sicque
1544 1140 1721 1203 animarum
1751 1148 1927 1205 nostramm
1947 1162 1997 1205 me

469 1230 687 1313 liquefactum,
706 1234 907 1297 submersum
922 1256 978 1298 seu
992 1235 1215 1316 annihilatum,
1270 1240 1382 1301 deatur
1406 1238 1624 1319 languoribus,
1648 1238 1846 1303 intellectum
1873 1248 1996 1303 nostum

469 1349 488 1393 a
510 1330 574 1394 Deo
593 1329 733 1396 finaliter
753 1334 940 1415 derelinqui.
957 1335 1132 1417 Propositio
1156 1335 1217 1398 ista
1271 1336 1432 1418 sapientie
1447 1355 1510 1399 suae
1525 1336 1696 1418 perlustret
1710 1337 1901 1419 impleatque
1915 1338 1997 1419 splen-

469 1427 594 1491 videtur
607 1430 732 1494 incaute
748 1432 869 1513 prolata
883 1456 890 1495 ε
903 1452 1019 1515 nempe
1032 1433 1216 1515 hujusmodi
1270 1433 1410 1511 dotibus,
1428 1434 1624 1498 voluntatem
1639 1435 1737 1498 divini
1752 1436 1869 1499 amoris
1887 1455 1997 1499 succen-

469 1526 565 1590 bomo
579 1528 618 1589 ad
635 1547 668 1590 se
685 1529 838 1611 relapsus,
850 1529 1028 1595 elevatione
1041 1532 1096 1594 illa
1111 1539 1217 1595 actua·
1270 1533 1324 1595 dat
1338 1533 1514 1611 ardoribus,
1530 1533 1716 1598 memoriam
1733 1533 1903 1597 confirmet
1920 1544 1995 1615 atque

469 1624 491 1686 li
515 1634 671 1707 cessante,
687 1627 791 1691 adhuc
816 1648 881 1694 non
900 1638 984 1693 esset
1008 1629 1215 1693 confirmatus
1271 1632 1409 1694 stabiliat
1431 1631 1465 1693 in
1489 1650 1535 1711 se,
1561 1632 1626 1695 imo
1650 1651 1708 1695 uos
1736 1640 1818 1696 totos
1842 1641 1994 1710 convertat,

467 1722 500 1785 in
523 1724 635 1805 gratia,
651 1725 714 1789 imo
739 1735 848 1807 posset
871 1746 1004 1809 peccare
1028 1728 1213 1808 mortaliter,
1271 1728 1485 1808 transformet,
1508 1728 1608 1811 rapiat
1631 1729 1663 1791 in
1688 1748 1733 1809 se,
1754 1729 1912 1811 possideat
1931 1749 1994 1791 sen-

467 1822 551 1884 sicut
565 1831 596 1884 ct
617 1824 731 1906 saepius
753 1826 895 1908 contigit,
911 1827 1087 1908 Augustino
1108 1826 1215 1889 dicen·
1233 1826 1257 1888 B
1272 1845 1339 1909 per,
1355 1828 1439 1890 etad
1456 1827 1505 1889 sui
1521 1827 1620 1909 ipsius
1635 1825 1818 1890 beatificam
1835 1827 1994 1892 insitionem

467 1926 498 1983 te
515 1943 522 1982 :
540 1920 610 1983 Vidi
630 1922 741 1985 cedros
764 1923 873 1987 Libani
893 1924 1061 2004 corruisse,
1077 1925 1116 1987 de
1138 1943 1215 2005 quo·
1271 1927 1432 2009 perducat.
1450 1926 1528 2007 Heu,
1546 1926 1740 2005 cordurum,
1755 1943 1810 1990 cor
1824 1926 1896 2005 vile,
1911 1926 1996 2009 ingra-

467 2037 538 2080 rum
568 2038 643 2082 casu
677 2039 742 2083 non
778 2022 879 2104 magis
907 2023 1093 2104 suspicabar
1119 2042 1215 2104 quam
1270 2034 1348 2101 tum,
1364 2025 1448 2105 quod
1470 2032 1557 2087 tanta
1580 2024 1696 2087 caritas
1716 2043 1781 2088 non
1801 2026 1947 2105 accendit,
1960 2032 1995 2088 tot

467 2115 648 2199 Hieronymi
675 2127 770 2199 atque
803 2122 971 2185 Ambrosii.
998 2121 1087 2184 Certe
1118 2121 1216 2185 David
1271 2133 1302 2187 et
1325 2131 1412 2186 tanta
1435 2123 1592 2186 beneficia
1610 2142 1676 2187 non
1695 2122 1862 2187 emolliunt
1880 2133 1910 2186 et
1927 2143 1994 2187 com·

468 2234 533 2292 rex,
550 2215 605 2296 qui
627 2235 646 2277 a
668 2217 804 2297 pueritia
824 2237 892 2297 sua,
915 2238 1015 2300 quum
1037 2220 1140 2283 adhuc
1162 2240 1217 2303 pa·
1270 2230 1426 2305 pungunt,
1443 2230 1529 2284 tanta
1542 2221 1694 2302 dignatio,
1711 2222 1776 2286 imo
1795 2229 1827 2285 et
1840 2221 1994 2285 humiliatio

468 2323 571 2377 sceret
593 2334 715 2396 greges,
741 2316 773 2378 in
799 2317 926 2398 pascuis
948 2318 1048 2399 gratia
1067 2319 1215 2383 theorice
1270 2319 1383 2384 Christi
1398 2319 1542 2383 altissimi
1555 2338 1620 2383 nou
1636 2319 1841 2383 vehementer
1858 2320 1993 2396 humiliat,

467 2412 743 2494 contemplationis
762 2434 799 2477 ac
819 2415 957 2478 motibus
972 2418 1154 2498 anagogicae
1172 2418 1216 2480 in·
1270 2426 1356 2481 tanta
1371 2418 1545 2481 liberalitas
1564 2418 1603 2480 ad
1619 2416 1873 2482 munificentiam
1891 2436 1946 2481 non
1958 2417 1994 2479 in·

468 2509 696 2574 flammationis
715 2511 776 2574 iuit
790 2521 982 2596 preventus,
998 2522 1070 2595 post
1085 2523 1130 2579 tot
1145 2534 1215 2596 pro
1269 2518 1373 2579 ducitl

467 2608 609 2689 pheticas
628 2609 886 2691 illuminationes,
903 2621 975 2694 post
996 2620 1041 2675 tot
1060 2633 1214 2696 supernas
1309 2614 1387 2690 Quid
1407 2612 1617 2677 retribuemus
1638 2614 1771 2677 Domino
1792 2633 1849 2695 pro
1867 2614 2080 2679 omnibusama

469 2709 750 2789 contemplationes
779 2711 962 2790 altissimae,
986 2721 1058 2794 post
1092 2721 1137 2776 tot
1169 2714 1215 2775 di·
1270 2733 1339 2795 quae
1359 2713 1502 2775 retribuit
1521 2712 1635 2775 nobisl
1656 2712 1778 2775 Gratias
1798 2712 1993 2794 praecordiales

467 2806 612 2869 vinarum
642 2808 848 2871 dulcedinum
876 2810 1122 2891 degustationes
1144 2821 1215 2893 post
1270 2812 1298 2874 ei
1312 2812 1508 2873 incessanter
1521 2830 1651 2893 agamus
1669 2834 1676 2872 :
1693 2810 1759 2875 imo
1779 2811 1839 2874 hoc
1857 2810 1993 2873 indefesse

466 2911 512 2967 tot
536 2904 675 2985 mysticae
696 2905 861 2987 theologiae
886 2908 1035 2985 visiones,
1052 2928 1213 2972 amorosos
1271 2918 1303 2973 et
1329 2909 1421 2971 auxie
1447 2910 1656 2989 deprecemur
1685 2917 1719 2970 ut
1743 2909 1804 2971 sibi
1829 2927 1886 2971 nos
1907 2917 1993 2989 gratos

466 3022 614 3067 excessus
637 3023 674 3065 ac
699 3003 1003 3086 transformationes,
1024 3008 1163 3087 ardores,
1180 3008 1250 3071 inC
1271 3005 1404 3084 efficiat,
1422 3006 1466 3069 ita
1484 3014 1519 3069 ut
1540 3006 1573 3068 in
1593 3006 1681 3069 omni
1696 3015 1825 3085 eventu,
1840 3007 1873 3069 in
1886 3026 1993 3089 prospe

467 3099 653 3181 gravissima
666 3103 815 3183 delapsus
831 3112 880 3166 est
894 3105 1025 3183 scelera,
1037 3124 1135 3186 quum
1147 3106 1212 3187 jam
1271 3105 1313 3167 ris
1329 3112 1359 3167 et
1374 3104 1526 3182 adversis,
1545 3112 1575 3166 et
1590 3104 1752 3185 potissime
1767 3104 1801 3166 in
1816 3104 1993 3183 adversis,iu

467 3217 563 3260 senex
579 3206 611 3261 et
625 3218 706 3280 pene
725 3202 946 3282 sexagenarius
966 3212 1059 3283 esset,
1076 3222 1136 3266 nec
1156 3204 1214 3266 im·
1270 3202 1542 3285 persecutionibus
1565 3210 1597 3265 et
1620 3202 1771 3284 flagelliS,
1787 3203 1820 3264 in
1845 3202 1992 3284 correptio

465 3296 616 3378 possibile
631 3305 715 3360 esset
729 3299 832 3361 taliter
846 3299 969 3381 lapsum
985 3309 1017 3363 et
1031 3310 1095 3363 tam
1112 3302 1215 3383 ingre·
1270 3301 1363 3363 nibus
1390 3299 1537 3363 fraternis
1566 3300 1883 3383 castigationibusque
1910 3310 1992 3383 patar-

463 3402 532 3455 tum
560 3414 596 3458 ac
627 3395 723 3458 vilem
759 3395 911 3459 effectum
940 3397 1077 3480 relinqui
1105 3419 1124 3461 a
1151 3400 1214 3462 Deo
1270 3399 1330 3477 nis,
1343 3417 1416 3461 cum
1431 3397 1517 3461 omni
1537 3397 1773 3479 tranquillitate,
1786 3400 1937 3480 patientia,
1948 3398 1992 3459 bu-

467 3490 617 3555 finaliter.
1270 3497 1404 3559 militate
1423 3503 1526 3578 grates
1546 3514 1610 3559 suae
1629 3495 1836 3576 providentie
1854 3497 1931 3560 circa
1947 3514 1992 3557 nos

506 3590 560 3652 His
580 3590 721 3654 breviter
742 3592 846 3670 tactis,
863 3594 1060 3656 redeundum
1085 3596 1123 3657 ad
1143 3594 1215 3657 dili·
1269 3594 1464 3671 referamus3
1481 3613 1540 3656 uec
1566 3594 1667 3657 solum
1692 3595 1733 3673 ei,
1756 3596 1811 3657 sed
1836 3604 1867 3657 et
1888 3593 1992 3658 viceris

466 3696 592 3768 gentem
612 3698 643 3751 et
663 3688 848 3752 affectivam
868 3691 1151 3756 considerationem
1168 3693 1214 3754 in·
1269 3695 1340 3776 ejus
1355 3701 1386 3755 et
1401 3692 1550 3773 proximis
1565 3693 1693 3770 nostris,
1710 3711 1768 3773 per
1781 3712 1858 3775 quos
1873 3694 1933 3775 ipse
1946 3710 1991 3754 nos

465 3785 603 3849 dicibilis
617 3787 926 3869 caritatis,piissimae
940 3790 1215 3871 dignationis,mu—
1269 3791 1302 3853 iu
1318 3791 1464 3872 presenti
1480 3790 1825 3873 corripere,c0rrigere,
1836 3792 1988 3861 humiliare,

464 3883 712 3948 nificentissimae
728 3885 1023 3949 communicationis
1037 3896 1069 3951 et
1084 3907 1213 3952 summae
1269 3908 1416 3971 purgare,
1433 3908 1556 3969 sanare,
1573 3889 1638 3952 imo
1657 3897 1688 3951 et
1707 3890 1830 3953 salvare
1852 3890 1988 3971 diguatus.

464 3981 661 4045 liberalitatis
675 3984 799 4046 Domini
818 3985 872 4047 Dei
893 3985 992 4048 nostri
1011 3994 1142 4067 propter
1155 4006 1213 4050 uos
1268 3990 1302 4051 ln
1318 3988 1369 4050 his
1384 3988 1467 4051 sicut
1481 3988 1513 4049 in
1533 3987 1681 4051 omnibus
1695 3988 1814 4051 divitiis
1827 3987 1988 4069 gloriemur,

464 4080 629 4157 incarnati,
647 4081 701 4161 qui
725 4089 825 4144 totum
850 4084 933 4164 quod
960 4103 997 4145 ex
1017 4091 1126 4148 nostro
1145 4092 1176 4147 et
1195 4106 1213 4148 a
1268 4087 1341 4169 quia
1357 4106 1467 4149 revera
1482 4104 1632 4168 prospera
1647 4086 1861 4168 potiusquam
1880 4087 1990 4149 adversa

464 4177 557 4240 nobis
585 4180 767 4260 assumpsit,
798 4181 890 4245 nobis
918 4182 1083 4264 impendit,
1114 4191 1146 4245 et
1174 4184 1213 4246 ad
1229 4183 1253 4245 D
1269 4193 1342 4248 suut
1362 4184 1464 4247 nobis.
1486 4183 1598 4248 Nonne
1621 4181 1830 4248 ineffabiliter
1849 4181 1990 4247 saluberri-

464 4284 609 4339 nostrum
623 4278 781 4339 convertit
796 4278 985 4359 proiectum.
998 4280 1099 4359 Certe,
1115 4299 1212 4361 quum
1268 4302 1327 4345 mae
1352 4282 1530 4347 consistunt
1552 4283 1601 4345 hm
1625 4282 1802 4363 medicine,
1820 4302 1874 4365 per
1895 4298 1990 4363 quasa

465 4374 591 4452 caritas,
609 4383 644 4437 ut
666 4374 793 4437 divinus
818 4376 983 4459 Dionysius
1009 4386 1210 4459 protestatur,
1268 4381 1352 4443 vitiis
1382 4389 1412 4443 et
1440 4380 1578 4461 peccatis
1604 4380 1892 4462 incomparabiliter
1916 4377 1988 4441 uobis

465 4472 565 4535 virtus
580 4473 622 4534 sit
636 4473 766 4551 unitiva,
785 4483 909 4537 constat
922 4475 1035 4537 lilium
1056 4476 1112 4537 Dei
1126 4484 1212 4540 tanto
1268 4479 1390 4543 nocivis
1419 4478 1561 4541 eruimur
1589 4486 1625 4541 et
1653 4498 1813 4559 curamur,
1842 4479 1988 4560 gratiarum

465 4569 656 4633 viscerosius
679 4590 738 4633 nos
761 4591 896 4649 amasse,
919 4580 1006 4635 tanto
1030 4574 1212 4636 aestuantius
1268 4576 1510 4639 charismatibus
1540 4576 1763 4658 adimplemur,
1784 4578 1825 4640 ab
1847 4572 1988 4639 horrendis

464 4686 523 4730 nos
538 4667 694 4748 dilexisse,
711 4686 774 4749 quo
789 4690 823 4732 se
838 4669 930 4733 uobis
946 4670 1081 4732 vicinius
1095 4671 1210 4752 junxit,
1267 4684 1299 4738 et
1323 4673 1585 4737 inaestimabiliter
1605 4674 1681 4736 diris
1703 4682 1735 4737 et
1755 4674 1912 4738 aiflictivis
1930 4688 1988 4752 pur

464 4783 528 4845 quo
550 4765 652 4846 magis
675 4766 844 4847 dignanter
863 4788 896 4830 se
916 4768 1008 4830 nobis
1027 4769 1210 4849 applicavit,
1267 4772 1380 4855 gatorii
1403 4772 1517 4854 poenis,
1544 4772 1608 4835 imo
1631 4771 1671 4833 ab
1701 4771 1820 4835 iuierni
1850 4766 1988 4853 suppliciis

464 4880 528 4944 quo
543 4882 577 4925 se
596 4862 748 4945 ipsamet
766 4884 823 4927 sua
842 4866 1000 4947 copiosius
1020 4867 1112 4929 nobis
1128 4886 1213 4931 com·
1267 4888 1508 4952 praeservamur,
1529 4877 1560 4933 et
1585 4870 1896 4951 compendiosissimo
1916 4884 1989 4929 secu-

463 4960 641 5024 municavit
661 4981 698 5024 ac
721 4962 817 5025 dedit.
835 4964 912 5038 Quid
932 4972 1038 5027 autem
1059 4973 1122 5027 um
1142 4984 1213 5047 pro
1267 4968 1457 5048 rissimoque
1491 4967 1605 5031 itinere
1639 4968 1678 5031 ad
1714 4976 1839 5031 aeternae
1866 4964 1988 5029 bravium

464 5059 606 5141 pinquat,
639 5066 702 5121 tam
732 5060 842 5123 intime
874 5062 1018 5143 jungitur
1046 5062 1147 5143 alteri,
1178 5072 1213 5126 ut
1267 5065 1428 5129 felicitatis
1444 5065 1685 5129 transierimurf

463 5157 554 5220 cibus
574 5158 690 5235 edenti,
708 5166 743 5220 ut
760 5166 854 5239 potus
877 5160 1007 5239 bibenti,
1024 5170 1059 5223 ut
1082 5162 1212 5225 medici·
1307 5162 1405 5227 Nemo
1426 5172 1571 5227 nostrum
1592 5172 1657 5226 tam
1677 5164 1810 5228 obtusus
1831 5173 1862 5227 at
1884 5156 1989 5241 imperi·

463 5275 505 5324 na
526 5256 685 5319 sumentil
702 5255 739 5319 Et
758 5276 833 5320 ecce
854 5278 950 5340 quem
969 5260 1086 5323 coelum
1104 5280 1212 5344 empy-
1268 5270 1330 5341 tus,
1347 5269 1411 5325 mm
1432 5269 1605 5327 excecatus
1627 5270 1659 5326 et
1678 5263 1850 5327 obduratus
1871 5258 1987 5331 exsistat,
