4309 6259
435 475 493 539 136
581 494 620 539 nu
641 492 789 539 cauureus
811 492 1015 541 sauovvssrun
1036 493 1073 538 nr
1094 493 1260 540 murvinum
1280 496 1462 553 ramirans,
1485 495 1543 541 vna
1562 496 1669 543 uonuu
1682 496 1830 543 uoaaamr

300 674 417 731 Amat·
532 664 635 746 Alpba
648 671 680 726 et
693 663 810 746 Ornega
823 672 854 727 te
868 663 1015 741 dicimus,
1191 664 1217 724 Α
1272 667 1351 726 Ant.
1375 666 1474 727 Deum
1494 684 1589 729 nemo
1610 667 1691 729 vidit
1710 685 1852 748 unquam
1876 690 1884 729 :
1908 666 1980 730 uni-
2001 694 2100 747 sm,

303 774 344 818 ro.
354 787 387 827 a.
398 777 418 818 e.
533 762 631 837 Quam
647 762 754 825 laudat
767 763 870 825 omnis
885 762 1024 845 spiritns.
1231 761 1357 842 genitus
1375 762 1485 841 Filius,
1501 763 1556 844 qui
1576 772 1625 826 est
1639 764 1672 826 iu
1695 762 1767 827 sinu
1780 764 1893 844 Patris,
1910 764 1978 847 ipse
1993 760 2023 800 ¹⁸·
2130 767 2131 774 ’

552 861 632 923 Laus
648 860 705 923 tibi
719 860 800 923 Patri
816 860 968 942 ingenito,
1231 861 1400 924 enarravit.

531 960 612 1021 Laus
627 966 680 1022 tuo
695 958 872 1041 Unigenitc‚
1271 962 1350 1022 Ant.
1368 959 1565 1041 Requiescat.

530 1058 612 1119 Laus
627 1056 667 1119 sit
681 1057 795 1121 Sancto
810 1056 953 1139 Spiritui,
1489 1063 1643 1121 Paclmus
1657 1064 1714 1122 56.
2131 1133 2132 1144 χ

531 1155 594 1219 Deo
608 1156 692 1219 trino
707 1164 738 1218 et
753 1155 901 1238 simplici.
919 1156 1028 1219 Amen.
1270 1155 1416 1218 Miserere
1431 1157 1506 1238 mei,
1522 1158 1615 1237 Deus,
1631 1158 1859 1221 misereremei
1877 1181 1885 1219 ε
1901 1177 1980 1241 quo
1997 1181 2036 1225 a.
2047 1184 2108 1227 mz-
2131 1151 2132 1232 s

470 1255 670 1331 Antiphone.
687 1254 777 1317 Pater
790 1254 905 1335 diligit.
1231 1252 1317 1315 niam
1331 1254 1365 1315 in
1380 1262 1411 1316 te
1426 1254 1560 1318 conlidit
1574 1255 1680 1318 anima
1694 1276 1774 1319 mea.
1991 1246 2013 1285 ⁵·

690 1356 845 1414 Psalmus
859 1356 917 1414 24.
1270 1351 1309 1413 Et
1333 1351 1365 1412 in
1391 1351 1504 1415 umbra
1527 1354 1649 1415 alarum
1675 1362 1800 1417 tuarum
1829 1354 1977 1437 sperabo,

287 1456 339 1561 ¹17²*-
360 1469 417 1508 1¹¹¹·
472 1450 519 1512 Ad
539 1457 581 1528 te,
598 1450 741 1528 Domine,
765 1450 868 1513 levavi
890 1449 1028 1512 animam
1050 1469 1175 1527 meam3
1231 1449 1332 1511 donec
1348 1457 1487 1512 transeat
1501 1450 1663 1533 iniquitas

299 1540 327 1559 ’“
432 1549 513 1612 Deus
528 1568 628 1628 meus,
646 1548 679 1610 in
695 1556 725 1611 te
740 1548 880 1627 conlido,
897 1566 962 1611 non
977 1546 1173 1610 erubescam.
1271 1546 1418 1610 Glamabo
1443 1548 1481 1609 ad
1506 1548 1605 1611 Deum
1629 1548 1818 1612 altissimum
1843 1574 1850 1613 :
1877 1551 1978 1613 Deum

470 1647 577 1729 Neque
592 1647 743 1710 irrideant
757 1665 807 1709 me
824 1646 946 1709 inimici
962 1645 1025 1708 mei
1039 1646 1175 1707 :etenim
1230 1644 1285 1725 qui
1301 1645 1461 1708 benefecit
1476 1646 1566 1707 mihi.

429 1746 569 1808 universi
597 1746 651 1826 qui
680 1746 839 1808 sustinent
870 1754 911 1825 te,
941 1763 1005 1808 non
1041 1744 1175 1808 conluu-
1269 1742 1352 1804 llisit
1365 1744 1404 1805 de
1420 1744 1512 1824 coelo,
1529 1753 1561 1807 et
1582 1744 1728 1807 liberavit
1749 1765 1801 1809 me
1818 1770 1824 1808 ι
1842 1747 1930 1810 dedit
1944 1747 1978 1809 in

429 1847 553 1909 dentur.
1192 1834 1215 1897 D
1230 1840 1437 1922 opprobrium
1453 1842 1678 1905 conculcantes
1693 1862 1755 1905 me.

468 1942 708 2007 Gonlundantnr
722 1960 832 2005 omnes
855 1941 963 2022 iniqua
977 1949 1107 2022 agentes
1124 1960 1176 2003 su·
1269 1939 1352 2001 Misit
1372 1940 1454 2001 Deus
1479 1940 1730 2004 misericordiam
1754 1961 1844 2004 suam
1869 1952 1902 2006 et
1926 1964 1981 2007 ve-

428 2060 596 2123 pervacue.
1230 2037 1354 2099 ritatem
1370 2056 1470 2114 suam,
1487 2046 1519 2099 et
1533 2038 1650 2121 eripuit
1664 2038 1804 2102 animam
1819 2060 1923 2103 meam
1938 2043 1978 2104 de

467 2137 541 2201 Vias
562 2146 643 2215 tuae,
660 2137 803 2215 Domine,
824 2138 1005 2200 demonstra
1026 2136 1105 2198 mibi
1120 2159 1128 2214 ;
1144 2144 1176 2199 et
1229 2134 1336 2197 medio
1357 2136 1534 2198 catulorum
1556 2138 1685 2199 leonum
1709 2161 1716 2199 ε
1740 2138 1877 2201 dormivi
1902 2159 1979 2204 con-

429 2236 558 2299 semitas
573 2244 642 2298 tuas
657 2235 754 2297 edoce
769 2254 830 2296 me.
1230 2232 1386 2295 turbatus.

468 2333 573 2415 Dirige
595 2351 646 2394 me
667 2331 701 2394 in
723 2331 855 2393 veritate
870 2340 935 2410 tua,
951 2340 983 2394 et
1003 2332 1082 2394 doce
1098 2351 1148 2394 me
1165 2356 1172 2393 :
1271 2329 1377 2393 Gloria
1391 2330 1484 2394 Patri.

427 2431 502 2512 quia
523 2439 556 2493 tu
578 2449 612 2492 es
634 2430 716 2491 Deus
732 2429 868 2493 salvator
883 2448 983 2509 meus,
1001 2436 1032 2492 et
1054 2437 1084 2492 te
1107 2450 1176 2492 sus·
1269 2433 1350 2490 Ant.
1363 2428 1552 2510 Requiescat
1566 2450 1661 2513 super
1675 2451 1725 2494 me
1741 2432 1877 2515 Spiritus
1892 2442 1978 2514 tuus,
1995 2462 2062 2507 ran,
2074 2460 2113 2506 aa.
2133 2465 2134 2510 ,

427 2528 508 2591 tiuui
524 2535 588 2591 tota
601 2527 664 2590 die.
1229 2525 1373 2605 Domine,
1397 2527 1526 2608 spiritus
1548 2528 1711 2610 sapientiae
1732 2538 1764 2592 et
1784 2531 1979 2610 intellectus,

465 2626 681 2689 Reminiscere
700 2624 939 2687 miserationum
964 2633 1100 2705 tuarum,
1116 2624 1175 2687 Do-
1230 2624 1360 2705 spiritus
1396 2625 1521 2687 consilii
1551 2634 1582 2688 et
1609 2625 1818 2707 tortitudinis,
1848 2630 1980 2711 spiritus

426 2725 524 2804 mine,
545 2732 578 2787 et
597 2723 886 2786 misericordiarum
907 2730 1043 2802 tuarum,
1065 2742 1135 2806 quae
1157 2743 1176 2785 a
1229 2722 1370 2785 scientiae
1385 2730 1417 2784 et
1431 2722 1579 2803 pietatis,
1596 2732 1626 2787 et
1642 2725 1762 2806 repleat
1775 2746 1827 2789 me
1848 2728 1983 2809 spiritus

427 2823 543 2886 saeculo
559 2830 643 2884 sunt.
1229 2820 1352 2883 timoris
1366 2820 1477 2883 lilialis
1492 2830 1524 2883 et
1537 2823 1627 2885 casti.

466 2920 585 2983 Delicta
608 2919 784 3000 juventutis
813 2938 890 2981 meaa
919 2927 950 2981 et
978 2918 1174 3000 ignorantias
1269 2930 1301 2980 v.
1319 2918 1364 2980 Ne
1378 2919 1530 3000 projicias
1545 2940 1607 3000 me,
1621 2921 1763 3002 Domine,
1780 2922 1896 2987 alacie
1912 2933 1980 2989 tua.
1997 2948 2099 2995 reme.

425 3038 512 3081 meas
527 3038 567 3081 ne
582 3017 776 3079 memineris.
1193 3014 1215 3077 G
1269 3036 1301 3091 a.
1318 3017 1357 3077 Et
1371 3016 1522 3097 Spiritum
1546 3017 1697 3081 Sanctum
1717 3028 1807 3083 tuum
1829 3041 1869 3085 ne
1890 3024 1983 3086 aule-

466 3117 647 3179 Secundum
663 3115 914 3178 misericordiam
929 3123 1015 3177 tuam
1030 3134 1173 3178 memcn-
1230 3132 1280 3176 ras
1295 3133 1314 3176 a
1327 3134 1390 3176 me.

424 3222 458 3277 to
481 3214 545 3276 mei
570 3222 614 3291 tu,
642 3222 771 3295 propter
795 3212 968 3275 bonitatem
996 3221 1093 3291 tuam,
1116 3214 1175 3277 Do
1270 3212 1360 3275 Pater
1373 3221 1492 3276 noster.

425 3312 524 3374 mine.
1269 3321 1302 3371 v.
1319 3310 1357 3371 Et
1370 3330 1411 3371 ne
1426 3328 1484 3373 nos
1500 3310 1633 3374 inducas
1647 3312 1680 3373 in
1695 3314 1915 3380 tentationem.

464 3408 571 3473 Gloria
584 3408 679 3489 Patri,
697 3416 729 3471 et
742 3408 833 3485 Filio,
852 3415 883 3470 et
898 3407 1029 3489 Spiritui
1045 3409 1171 3473 Sancto.
1269 3428 1302 3480 a.
1319 3408 1380 3471 Sed
1395 3408 1496 3471 libera
1511 3428 1569 3472 nos
1584 3412 1711 3474 amalo.

467 3507 555 3571 Sicut
570 3507 684 3569 eratin
700 3505 869 3588 principio,
888 3514 920 3568 et
933 3524 1030 3584 nunc,
1047 3515 1079 3570 et
1093 3527 1175 3570 sem·
1269 3517 1301 3567 v.
1318 3505 1423 3568 Redde
1440 3507 1517 3568 mibi
1533 3507 1673 3569 laetitiam
1689 3510 1836 3573 salutaris
1851 3513 1908 3575 tui.
1998 3536 2097 3579 ruera

426 3625 493 3689 per,
510 3614 542 3669 et
556 3605 589 3667 in
605 3604 721 3668 saecula
736 3604 934 3667 saeculorum.
952 3605 1062 3667 Amen.
1270 3623 1302 3676 u.
1320 3603 1359 3664 Et
1373 3603 1485 3685 spiritu
1500 3606 1671 3687 principali
1687 3608 1845 3672 conlirma
1859 3629 1922 3673 me.

289 3714 410 3768 locun-¹1¹.
464 3708 544 3767 Ant.
558 3705 647 3767 Pater
660 3703 767 3785 diligit
781 3703 906 3781 Filium,
920 3712 952 3765 et
965 3704 1072 3766 omnia
1087 3704 1174 3765 dedit
1268 3703 1468 3761 Benedictio.
1485 3702 1592 3783 Ignem
1614 3703 1905 3787 inexstinguibilem
1927 3711 1981 3772 sui

279 3780 356 3829 Μ’
425 3804 458 3866 in
474 3822 570 3865 manu
585 3802 667 3883 ejus.
684 3801 742 3875 Oui
764 3800 865 3863 credit
886 3802 918 3863 in
934 3801 1061 3882 Filium,
1078 3800 1174 3863 babet
1229 3798 1346 3861 amoris
1367 3799 1521 3861 accendat
1535 3799 1670 3863 Trinitas
1691 3812 1800 3867 sancta
1822 3804 1855 3866 in
1875 3807 1984 3870 cordi-

426 3901 523 3964 vitam
539 3908 698 3961 aternam.
1228 3896 1288 3958 bus
1302 3896 1429 3959 nostris.
1447 3897 1558 3961 Amen.

466 4002 545 4060 Ant.
563 3997 662 4059 Deum
678 4014 771 4059 nemo
787 3996 877 4059 vidit.
1478 4000 1587 4057 Lectio
1598 4001 1723 4074 prima.

686 4097 841 4157 Psalmus
856 4098 911 4156 71.
1268 4092 1474 4173 Respondens
1498 4094 1588 4157 Jesus
1615 4096 1793 4179 discipulis,
1816 4099 1862 4162 ait
1882 4125 1889 4163 z
1910 4102 1982 4183 Ego
2003 4125 2120 4168 amm.

278 4209 415 4261 rumara.
468 4193 562 4270 Deus,
587 4190 744 4271 judicium
772 4199 862 4253 tuum
886 4190 962 4273 Regi
991 4192 1042 4271 da,
1068 4199 1102 4254 et
1124 4192 1213 4274 ju-D
1230 4209 1300 4251 sum
1321 4190 1384 4268 via,
1408 4189 1534 4271 veritas,
1557 4199 1589 4254 et
1609 4193 1684 4256 vita.
1708 4194 1806 4259 Nemo
1827 4198 1917 4261 venit
1937 4202 1980 4263 ad
1997 4192 2020 4230 ⁶·

281 4356 284 4363 ,
427 4291 545 4353 stitiam
561 4298 646 4352 tuam
663 4288 731 4351 lilio
745 4289 849 4370 Regis.
1230 4288 1351 4350 Patrem
1366 4288 1427 4349 nisi
1449 4308 1506 4369 per
1527 4308 1588 4352 me.
1606 4290 1638 4351 Si
1659 4291 1791 4373 diligitis
1810 4314 1872 4374 me,
1888 4316 1982 4359 man-
1997 4315 2118 4359 reare-c.

278 4405 413 4450 [emir-ra
468 4389 514 4452 Sit
528 4406 643 4451 nomen
665 4388 737 4468 ejus
757 4387 961 4451 benedictum
983 4388 1016 4450 in
1032 4391 1170 4453 saccula:
1229 4386 1301 4447 data
1318 4406 1389 4449 mea
1411 4395 1552 4464 servate;
1569 4395 1600 4450 et
1621 4407 1680 4470 ego
1702 4392 1819 4473 rogabo
1841 4393 1980 4477 Patrem,

426 4495 499 4550 ante
514 4486 613 4550 solem
628 4493 793 4568 permanet
807 4504 922 4549 nomen
938 4487 1019 4568 ejus.
1229 4493 1260 4546 et
1280 4483 1377 4546 alium
1398 4484 1594 4548 Paracletum
1616 4487 1704 4550 dabit
1727 4490 1829 4570 vobis,
1853 4501 1888 4554 ut
1912 4512 1984 4557 ma-

464 4587 502 4649 Et
525 4585 754 4648 benedicentur
778 4584 812 4647 in
837 4584 906 4666 ipso
931 4603 1042 4649 omnes
1070 4586 1172 4649 tribus
1228 4590 1302 4644 neat
1316 4582 1482 4646 vobiscum
1503 4584 1536 4644 in
1557 4592 1710 4647 aeternum
1728 4610 1735 4647 ε
1753 4587 1904 4670 Spiritum
1925 4612 1983 4654 ve-

424 4695 514 4749 ternae
532 4708 538 4746 :
555 4703 665 4748 omnes
687 4692 797 4765 gentes
812 4683 1066 4764 magnificabunt
1084 4705 1169 4747 eum.
1229 4681 1341 4761 vitatis,
1358 4700 1453 4761 quem
1468 4683 1607 4745 mundus
1621 4701 1684 4755 non
1699 4694 1804 4767 potest
1817 4690 1979 4771 accipere.

463 4782 653 4846 Benedictus
668 4782 820 4844 Dominus
836 4782 918 4845 Deus
933 4782 1039 4862 lsrael,
1055 4784 1110 4864 qui
1126 4782 1173 4845 la·
1227 4779 1261 4839 ln
1288 4778 1343 4841 illa
1367 4779 1419 4841 die
1443 4798 1499 4841 vos
1525 4783 1724 4861 cognoscetis
1750 4785 1824 4865 quia
1853 4805 1913 4869 ego
1943 4789 1980 4852 in
1996 4803 2118 4850 ramata..

425 4881 469 4943 cit
484 4879 642 4942 mirabilia
657 4880 754 4942 solus.
1228 4878 1315 4940 Patre
1330 4896 1413 4957 meo,
1430 4886 1461 4939 et
1475 4896 1531 4941 vos
1551 4878 1584 4939 in
1606 4898 1668 4960 me,
1683 4889 1716 4943 et
1735 4900 1796 4964 ego
1815 4884 1849 4945 in
1870 4886 1978 4951 vobis.

464 4979 503 5041 Et
517 4976 719 5040 benedictum
731 4995 848 5039 nomen
863 4977 1037 5059 majestatis
1052 4978 1122 5059 ejus
1138 4978 1170 5039 in
1227 4976 1285 5051 Qui
1306 4975 1409 5057 diligit
1428 4994 1491 5055 me,
1515 4975 1665 5057 diligetur
1686 4997 1705 5040 a
1726 4978 1815 5044 Patre
1837 5002 1921 5064 meo,
1945 4996 1982 5049 et

424 5084 600 5153 aeternnm3
630 5083 662 5137 et
694 5074 869 5156 replebitur
902 5075 1065 5157 majestate
1100 5075 1172 5156 ejus
1228 5093 1287 5155 ege
1302 5074 1430 5155 diligam
1445 5092 1540 5152 eum;
1557 5082 1588 5136 ct
1602 5075 1640 5135 ad
1662 5094 1735 5138 eum
1751 5080 1929 5159 veniemus,
1946 5094 1982 5149 et
1996 5103 2101 5146 [aaran.

425 5174 530 5241 omnis
544 5182 627 5236 terra
644 5196 650 5234 :
668 5172 736 5253 liat,
755 5172 823 5235 liat.
1229 5172 1426 5235 mansionem
1441 5172 1525 5253 apud
1537 5192 1610 5234 eum
1622 5173 1980 5247 iaciemusParacletus
1996 5201 2058 5244 leta.
2072 5203 2102 5241 ee.

464 5270 570 5335 Gloria
584 5269 677 5332 Patri.
1230 5277 1335 5333 autem
1350 5269 1485 5352 Spiritus
1500 5270 1645 5350 Sanctus,
1655 5290 1749 5354 quem
1765 5275 1871 5340 mittat
1884 5281 1980 5345 Pater
