4309 6259
464 464 524 527 too
742 482 782 528 or
803 481 1004 530 sacaausrsro
1025 480 1234 528 mournrsrrn
1255 480 1412 529 srauouns
1434 479 1498 528 sax.
1521 500 1562 511 -
1582 482 1681 529 annuo
1702 484 1734 529 ιν

462 650 765 735 perdilectissimum
789 651 900 730 licum
927 659 963 714 ut
986 651 1056 714 sine
1084 650 1252 714 iollam-A
1268 650 1417 729 ctionem,
1445 650 1673 734 impatientiam
1701 650 1840 717 retroire.
1865 651 1918 715 Va
1942 652 2098 733 dis-rane

462 750 613 828 mationa,
629 750 815 814 alteratione
829 770 866 813 ac
881 751 1017 831 quadam
1032 748 1211 813 defectione
1266 749 1376 812 solutis
1390 750 1485 813 corde
1500 770 1537 813 ac
1552 750 1679 832 tepidis,
1686 750 1739 831 qui
1756 750 1788 813 in
1803 750 1996 815 observantiis
2097 742 2098 795 f

463 848 517 911 vix
541 848 691 930 cogitare,
715 848 814 929 loqui,
835 848 945 910 audire
968 848 1073 911 valeat
1096 848 1135 910 dc
1160 866 1213 909 co-
1267 848 1363 909 sacris
1385 848 1519 926 remissi,
1540 856 1573 911 ct
1596 848 1875 913 consolatiunculis
1896 849 1996 913 vilibus

463 946 557 1025 dem;
573 954 605 1009 et
618 946 662 1009 ita
676 946 820 1009 elevatur
832 946 1018 1027 frequenter
1031 946 1069 1007 ad
1087 952 1211 1026 raptum
1268 944 1422 1024 inclinati,
1439 945 1525 1007 arida
1543 945 1771 1009 consuetudine
1792 953 1949 1009 transeunt
1964 950 1995 1010 ad

463 1052 495 1107 et
509 1044 670 1123 ecstasim,
687 1044 784 1107 etiam
806 1064 889 1127 saepe
908 1043 1073 1126 inopinate
1091 1052 1123 1106 et
1141 1043 1212 1106 abs-
1267 1042 1384 1121 diviua,
1411 1044 1458 1106 sic
1487 1042 1690 1124 confitentur,
1717 1043 1763 1109 sic
1788 1044 1952 1125 celebrant,
1971 1054 1995 1108 et

462 1160 526 1222 que
540 1142 588 1204 sui
604 1143 644 1205 ad
663 1143 724 1207 boc
744 1142 980 1225 cooperatione,
996 1142 1087 1223 quasi
1108 1142 1211 1223 sopita
1267 1141 1362 1221 paulo
1376 1149 1447 1223 post
1461 1141 1504 1203 ita
1518 1161 1552 1205 se
1568 1141 1683 1205 habent
1696 1142 1785 1221 quasi
1801 1162 1860 1205 nec
1875 1144 1994 1206 confessi

462 1240 594 1322 spiritus
617 1240 773 1319 libertate,
791 1241 835 1302 ita
856 1249 892 1302 ut
912 1241 1059 1303 resistere
1075 1247 1210 1320 nequeat
1268 1248 1451 1317 essent,nec
1466 1239 1690 1302 celebrassent.
1701 1240 1806 1303 Miseri
1819 1240 1870 1302 isti
1884 1260 1919 1303 ao
1933 1241 1994 1303 stul·

462 1358 566 1420 neque
580 1340 714 1402 evadere
731 1363 738 1401 :
755 1340 839 1421 qued
853 1339 893 1401 fit
906 1340 941 1401 in
960 1338 1209 1421 pmiundissima
1268 1338 1290 1399 ti
1320 1337 1547 1401 contumeliam
1575 1338 1715 1420 irrogant
1742 1340 1941 1401 sacramentis
1965 1359 1992 1402 ac
2098 1336 2099 1417 ξ

461 1437 681 1501 misericordia
695 1438 764 1517 oei,
779 1437 993 1519 preveniente
1008 1445 1039 1499 et
1053 1438 1210 1519 praestrin-
1268 1434 1434 1498 beneficiis
1456 1434 1581 1515 Christi,
1597 1436 1651 1517 qui
1664 1444 1783 1518 quanto
1804 1436 1991 1519 frequentius,

461 1544 555 1617 gente
580 1536 681 1618 gratia
703 1536 818 1618 Sponsi
843 1543 983 1598 mentem
1010 1536 1208 1616 hujusmodi,
1268 1540 1354 1596 tanto
1368 1532 1579 1615 negligentius
1599 1534 1791 1615 participant
1806 1535 1901 1597 sacn's
1916 1559 1923 1596 :
1937 1535 1993 1597 ideo

460 1634 516 1715 qui
537 1633 885 1716 supergratiesissimus
907 1642 940 1696 et
961 1632 1210 1715 supersuavissi-
1267 1649 1331 1694 nen
1345 1630 1494 1711 ditantur,
1511 1650 1571 1694 nco
1591 1630 1797 1713 spiritualiter
1817 1632 1993 1715 impinguan-

460 1750 532 1794 mus
556 1732 708 1813 Sponsus,
732 1750 830 1813 quum
853 1739 994 1794 mentem
1017 1730 1209 1795 luminosam
1266 1739 1337 1808 tur3
1360 1730 1424 1794 imo
1449 1729 1553 1812 potius
1579 1749 1692 1812 segnes
1717 1731 1902 1811 redduntur,
1921 1731 1992 1794 leves

459 1848 497 1892 ac
521 1847 699 1894 amorosam
723 1829 858 1912 coeperit
880 1829 1130 1912 apprehendere,
1155 1830 1209 1893 de·
1227 1828 1296 1891 Bet
1309 1828 1438 1909 garruli,
1455 1828 1487 1889 in
1503 1828 1574 1892 cibo
1588 1837 1620 1891 et
1634 1837 1711 1911 potu
1725 1829 1930 1893 immoderati.
1945 1830 1992 1892 Sed

458 1927 609 2005 osculari,
625 1927 774 2010 amplecti
790 1934 823 1989 ct
838 1926 921 1989 intra
936 1946 970 1989 se
985 1927 1123 2006 trahere,
1137 1945 1209 1990 mox
1264 1926 1368 1989 absint
1386 1927 1446 1989 ista
1464 1946 1483 1989 a
1502 1926 1593 1991 nobis
1614 1926 1852 2008 spiritualibus,
1869 1935 1898 1991 et
1914 1946 1991 2009 quan

458 2025 674 2089 immensitate
688 2025 919 2107 magnitudinis
934 2026 1130 2089 excellentie
1145 2045 1209 2089 suae
1264 2024 1434 2106 diligenter
1457 2024 1531 2087 boni
1557 2026 1723 2089 seculares
1748 2034 1863 2089 cavent
1882 2032 1992 2108 peccata

459 2123 595 2188 inomni
613 2122 822 2205 perfectione,
839 2122 873 2184 in
893 2123 980 2186 omni
1000 2122 1207 2204 amabilitate,
1264 2121 1419 2203 mortalia,
1429 2130 1492 2184 tam
1507 2122 1677 2203 diligenter
1691 2141 1862 2186 caveamus
1875 2122 1990 2185 venialia

460 2221 928 2304 pulchritudine,gratiositate,
941 2223 1097 2304 sapientia
1111 2231 1142 2285 et
1156 2224 1209 2285 de-
1264 2219 1368 2296 mala;
1390 2228 1421 2282 et
1444 2238 1507 2301 quo
1531 2220 1743 2302 frequentius,
1766 2240 1804 2285 eo
1829 2221 1898 2305 plus
1917 2221 1991 2283 timo

459 2319 630 2383 liciositate
653 2320 701 2383 sic
725 2320 827 2383 vincit
848 2327 880 2383 et
906 2320 1208 2384 convenientissime
1263 2326 1329 2381 rate
1351 2338 1387 2381 ac
1409 2318 1542 2398 fervide,
1560 2318 1661 2400 magis
1683 2328 1874 2402 compuncte
1894 2328 1923 2382 et
1938 2336 1991 2401 pte

460 2417 615 2500 opprimit
642 2426 793 2495 mentem,
825 2426 860 2480 ut
886 2425 952 2481 tota
979 2418 1101 2481 defluat
1128 2438 1145 2481 a
1175 2438 1208 2481 se
1263 2416 1402 2479 nitenter
1428 2416 1640 2480 conliteamur
1672 2436 1708 2480 ac
1744 2417 1944 2495 celebremus,
1967 2424 1991 2479 et

457 2525 491 2579 et
513 2516 654 2599 rapiatur
677 2518 711 2578 in
740 2517 856 2599 ipsum.
879 2517 930 2579 Sic
954 2518 1083 2580 demum
1107 2526 1210 2579 trans·
1264 2533 1320 2596 pro
1339 2514 1502 2578 communi
1520 2515 1604 2578 boue
1623 2514 1772 2579 Ecclesiae
1791 2536 1829 2579 ac
1852 2515 1990 2579 defunctis

456 2613 559 2678 fertur
577 2634 596 2677 a
615 2615 754 2677 tumultu
772 2614 1015 2678 distractionum
1035 2616 1074 2677 ad
1093 2616 1208 2696 jucun·
1262 2612 1492 2677 incessabiliter
1506 2630 1682 2677 exeremus.
1700 2614 1745 2675 Ad
1762 2614 1887 2677 laudem
1900 2622 1928 2676 et
1939 2612 1990 2694 glo

322 2729 442 2785 amm,
456 2714 589 2776 ditatam
612 2721 644 2775 ct
667 2714 807 2794 quietem
835 2712 965 2793 silentii,
990 2712 1092 2793 fitque
1117 2715 1208 2794 quasi
1263 2710 1342 2773 riam
1367 2711 1608 2793 OmnipotentiS,
1633 2711 1688 2793 qui
1713 2720 1763 2775 cst
1787 2710 1991 2793 superomnia

309 2794 330 2837 ¹·
455 2811 589 2874 dimidia
603 2812 682 2874 hora
697 2811 861 2873 silentium
876 2811 909 2873 in
929 2811 1022 2888 coelo,
1039 2810 1073 2872 in
1093 2811 1207 2876 throno
1262 2809 1344 2871 Deus
1363 2809 1507 2872 sublimis
1527 2818 1559 2871 et
1578 2808 1774 2872 benedictus.
1793 2810 1902 2873 Amen.

455 2908 679 2991 hujuscemodi
707 2908 837 2990 spiritus
862 2908 1036 2972 introducti
1061 2909 1095 2971 in
1124 2928 1208 2972 sero-

456 3007 624 3070 nissimum
644 3007 741 3084 diem,
764 3026 803 3069 ex
826 3006 1030 3071 irradiatione
1055 3006 1135 3070 Solis
1161 3007 1248 3073 in-(l

456 3105 639 3188 telligentiae
662 3112 826 3167 causatum
856 3104 890 3166 in
915 3105 1054 3168 thalamo
1079 3105 1205 3168 mentis.
1522 3072 1667 3138 SERMO
1692 3072 1749 3136 IV·

297 3204 545 3267 vacuatione
568 3203 806 3267 amantissimus
829 3203 955 3267 Domini
984 3204 1105 3268 habitat
1133 3224 1208 3267 con·
1302 3222 1349 3280 De
1359 3220 1493 3296 pranis,
1506 3221 1674 3297 fructibus
1692 3230 1790 3301 arque
1807 3222 1957 3301 effectam

295 3278 330 3323 ¹²⁶
454 3300 605 3381 fidenter,
628 3310 661 3365 et
685 3301 719 3363 in
741 3319 780 3364 eo
804 3302 895 3381 quasi
919 3302 952 3363 in
978 3302 1118 3365 thalamo
1142 3311 1208 3365 tcta
1525 3311 1744 3370 sacramenti.

306 3407 440 3483 frasueta
456 3399 508 3463 die
532 3408 756 3465 commoratur.
782 3400 835 3463 Sic
860 3399 978 3463 residet
1007 3400 1040 3461 in
1066 3401 1207 3483 pulchri-

307 3471 441 3579 ζ”ώμ
455 3498 566 3561 tudine
580 3499 668 3581 pacis
684 3498 869 3580 intemae,in
885 3498 1103 3580 degustatione
1118 3500 1206 3581 pacis
1264 3490 1387 3751 QUI
1407 3497 1583 3556 manducat
1607 3498 1695 3557 bunc
1712 3516 1848 3574 panem,
1864 3501 1939 3559 vivet
1959 3500 1987 3556 in
2101 3508 2102 3545 1

455 3604 592 3678 eterne,
618 3614 688 3677 quse
713 3615 841 3660 omnem
867 3614 997 3658 sensum
1024 3604 1203 3679 exsuperat,
1346 3601 1517 3653 oeternum·
1533 3592 1643 3656 Joann.
1660 3610 1702 3667 11,
1717 3593 1768 3657 59·

455 3702 550 3777 atque
577 3694 610 3755 in
641 3694 749 3775 requie
777 3694 940 3776 opulenta.
970 3694 1016 3756 lta
1043 3693 1084 3756 fit
1110 3694 1205 3758 homo
1326 3707 1509 3770 ransgrcsso
1530 3690 1634 3771 primo
1658 3700 1790 3773 parente
1815 3701 1988 3776 preceptum
1999 3704 2077 3751 caat

456 3812 513 3875 per
536 3800 717 3875 praetectam
739 3791 969 3872 perlectionem
991 3792 1082 3873 quasi
1103 3812 1206 3855 sacre
1260 3787 1315 3850 Dei
1331 3787 1364 3849 in
1380 3787 1536 3869 paradiso,
1553 3796 1585 3851 et
1603 3788 1643 3853 ob
1665 3790 1725 3853 hec
1748 3792 1894 3874 originali
1912 3790 1990 3873 justi-

455 3889 555 3952 tarius
576 3896 608 3952 ct
629 3888 832 3953 consiliarius
853 3890 921 3952 Dei.
1260 3888 1303 3949 tia
1326 3886 1497 3965 denudato,
1521 3885 1641 3949 infecta
1664 3906 1792 3969 quoque
1820 3910 1857 3953 ac
1884 3888 1988 3972 perdita

496 3988 542 4050 Ad
564 3988 646 4050 hauc
665 3986 897 4069 perlectionem
917 3989 1139 4069 appetendam,
1158 3989 1206 4051 in·
1260 3984 1444 4068 posteritate
1459 4003 1516 4046 sua
1535 3984 1567 4045 iu
1589 3985 1672 4066 ipse,
1688 3987 1832 4051 decrevit
1844 3988 1940 4069 justus
1957 4005 1986 4049 ac

456 4086 662 4167 sequendam,
680 4103 801 4167 suoque
815 4086 910 4149 modo
924 4086 1142 4165 obtinendam,
1156 4088 1206 4149 ad·
1260 4079 1387 4160 sapiens
1402 4081 1484 4143 Deus
1499 4099 1562 4145 uon
1578 4100 1767 4165 recuperare
1782 4104 1885 4167 neque
1904 4083 1988 4146 salru-

457 4183 582 4264 stringit
600 4190 631 4245 te
651 4190 705 4245 tua
723 4182 889 4265 professio,
906 4202 925 4247 ο
940 4182 1087 4264 religiose
1102 4204 1205 4247 sacer·
1219 4185 1245 4248 D
1261 4196 1294 4240 re
1308 4197 1409 4259 genus
1422 4179 1677 4260 humanum,nec
1693 4181 1772 4245 illud
1789 4184 1850 4247 sibi
1866 4180 1988 4246 reconci-

456 4281 513 4344 dos
529 4299 566 4342 ac
581 4279 688 4343 frater.
696 4279 766 4343 Noli
782 4300 852 4344 esse
868 4288 1035 4344 contentus
1050 4283 1203 4364 angustiis
1260 4275 1349 4353 liare,
1366 4276 1428 4338 nisi
1444 4296 1502 4358 per
1514 4278 1721 4343 mediatorem
1744 4281 1837 4361 cujus
1858 4281 1985 4343 meritum

455 4378 530 4441 tuis.
551 4377 620 4441 Nen
644 4378 731 4441 dicas
752 4401 759 4440 ς
782 4380 856 4441 Tam
883 4387 1002 4442 remote
1028 4380 1107 4443 salio
1131 4400 1203 4443 eum
1260 4382 1344 4437 esset
1358 4374 1419 4455 ipsi
1434 4375 1607 4458 acceptius,
1624 4395 1719 4458 quam
1735 4378 1921 4442 demeritum
1934 4377 1986 4459 pri·

455 4475 571 4538 bacillo
599 4475 682 4538 sicut
710 4494 783 4537 cum
812 4476 936 4539 baculo.
963 4475 1031 4538 Non
1061 4476 1201 4556 diffidas,
1261 4490 1385 4534 morum
1407 4480 1573 4555 parentum
1592 4482 1625 4537 et
1643 4476 1787 4538 omniurn
1808 4487 1986 4559 postemrum

455 4592 515 4635 nec
537 4592 653 4635 cesses.
674 4573 708 4634 In
734 4573 785 4635 via
810 4573 864 4636 Dei
887 4592 951 4637 non
977 4575 1136 4656 progredi,
1158 4597 1205 4639 re·
1261 4572 1402 4653 ipsorum
1417 4572 1591 4655 displicens
1607 4573 1667 4637 fuit
1681 4584 1712 4637 et
1731 4575 1932 4652 offensivum
1946 4571 1987 4635 rel

455 4671 618 4733 trocedere
632 4670 828 4753 perhibetur.
845 4671 1015 4753 Aptissima
1031 4674 1136 4735 media
1151 4674 1205 4735 ha·
1260 4670 1371 4733 saltem
1393 4677 1457 4732 tam
1478 4670 1629 4752 placitum
1652 4679 1684 4735 et
1704 4684 1883 4756 acceptum,
1897 4680 1988 4755 quate·

456 4769 514 4831 bes
543 4767 743 4851 pertingendi
771 4770 810 4831 ad
835 4768 916 4847 ista,
939 4777 1028 4832 utere
1051 4770 1097 4833 eis
1122 4771 1206 4834 sicut
1260 4788 1320 4829 nus
1343 4768 1389 4831 sic
1414 4768 1584 4833 satisfieret
1607 4770 1724 4835 divine
1747 4771 1886 4852 justitie.
1910 4772 1988 4833 Porro

306 4873 591 4950 Praeparaoportet.
617 4866 727 4929 Omnia
756 4875 844 4947 potes
872 4867 904 4928 in
932 4886 970 4931 eo
994 4869 1049 4949 qui
1074 4876 1106 4931 te
1130 4889 1206 4934 con·
1259 4866 1355 4928 talem
1370 4866 1575 4930 mediatorem
1590 4868 1740 4932 exhibere
1755 4870 1897 4952 nequivit
1909 4887 1943 4931 ex
1960 4884 1987 4928 se

306 4946 340 4987 ¹³·
456 4963 575 5028 fortene
599 4971 727 5045 paratus
751 4971 809 5041 est,
836 4964 889 5045 qui
918 4964 1013 5026 etiam
1037 4973 1068 5028 te
1092 4966 1206 5030 invitat
1259 4982 1360 5045 genus
1375 4964 1561 5044 humanum,
1573 4967 1658 5047 quod
1671 4966 1738 5048 jam
1753 4975 1854 5032 totum
1868 4966 1988 5051 perierat

456 5063 496 5125 ad
511 5062 580 5124 ista.
598 5060 667 5125 Noli
688 5061 788 5124 instar
806 5062 913 5125 canori
934 5082 1019 5126 nunc
1040 5063 1203 5145 proficisci
1260 5062 1293 5124 in
1317 5082 1373 5125 sua
1398 5062 1523 5141 radice;
1548 5083 1606 5127 nec
1630 5083 1709 5146 pura
1733 5066 1838 5148 aliqua
1861 5071 1987 5129 creatura

454 5160 488 5225 in
510 5159 680 5240 anteriora,
703 5168 735 5222 et
755 5160 850 5242 paulo
871 5168 944 5242 post
963 5180 1021 5242 per
1042 5162 1205 5244 negligen-
1259 5160 1360 5243 potuit
1374 5161 1454 5223 tanti
1469 5162 1574 5225 meriti
1589 5181 1671 5243 csse,
1688 5173 1783 5229 tantae
1802 5160 1988 5245 acceptabili-

454 5258 544 5337 tiam,
575 5257 796 5337 incustodiam,
827 5258 1060 5339 loquacitatem,
1091 5260 1203 5323 distra-
1259 5260 1331 5323 tatis
1345 5279 1382 5323 ac
1396 5260 1505 5342 gratie
1526 5279 1633 5326 coram
1653 5263 1728 5344 Deo,
1745 5271 1877 5327 tantave
1896 5257 1987 5343 digni-
