4309 6259
366 871 975 1027 EXPOSITIO
1063 849 1467 1027 MISSAE¹

903 1581 1092 1647 Aconsistit
1126 1582 1152 1645 si
1175 1581 1257 1646 rides
1278 1600 1351 1645 eam
1395 1581 1544 1645 receditt
1564 1582 1624 1647 Sed
1647 1602 1695 1647 re-

292 1642 538 1709 ARTICULUS
561 1641 739 1709 PRIMUS·
945 1630 1177 1764 spondendum,
1207 1680 1291 1762 quod
1321 1600 1457 1743 euictus
1485 1680 1612 1745 virtutis
1645 1691 1695 1747 est

361 1792 450 1861 Quid
469 1792 513 1851 eit
534 1792 670 1852 devotio,
945 1788 1130 1864 operantem
1158 1779 1325 1863 periinere,
1356 1788 1387 1843 et
1414 1798 1495 1863 opus
1530 1780 1600 1863 ejus
1628 1782 1693 1847 Deo

945 1888 1112 1962 acceptum
1127 1878 1268 1943 efficere.
1286 1879 1387 1955 Quum
1410 1897 1485 1961 ergo
1500 1878 1587 1943 nulla
1608 1880 1692 1944 actio

50 1992 142 2041 taut-n.
215 1977 401 2042 costocus
421 1978 466 2041 ait
486 1982 558 2041 :De
574 1988 679 2039 cetero
697 1998 790 2039 nemo
807 1978 888 2039 mila
945 1979 988 2042 sit
1001 1978 1163 2041 meritoria
1177 1976 1251 2040 vite
1266 1986 1389 2040 aeternae
1404 1996 1460 2040 seu
1471 1976 1535 2040 Deo
1549 1986 1691 2061 accepta,

46 2057 66 2097 ¹²·
227 2080 378 2137 molestus
398 2078 442 2137 sit
457 2078 641 2154 :egoenim
661 2078 815 2154 stigmata
829 2078 892 2138 Do-
945 2077 1008 2140 nisi
1023 2096 1042 2139 a
1060 2076 1190 2139 caritate
1209 2074 1317 2156 aliquo
1345 2075 1440 2139 modo
1462 2076 1623 2158 procedat,
1644 2083 1693 2139 ut-

152 2177 318 2236 mim'lesu
333 2176 369 2234 in
383 2194 517 2253 corpore
531 2194 598 2235 meo
607 2184 713 2251 porto.
728 2174 775 2236 Ad
795 2172 891 2236 telem
945 2184 1021 2259 puta
1043 2172 1183 2239 elicitive
1206 2172 1257 2236 vel
1284 2172 1482 2256 imperative,
1501 2174 1590 2256 juxto
1615 2173 1692 2238 illud

151 2272 241 2335 vitam
261 2272 482 2354 uuusquisque
506 2273 654 2336 sacerdos
678 2271 800 2334 ratione
824 2290 893 2334 sus-
945 2272 1097 2357 Apostoli,
1124 2273 1155 2335 Si
1186 2272 1304 2354 linguis
1327 2270 1494 2335 homiuum
1523 2271 1635 2353 loquar
1662 2282 1694 2337 et
1707 2291 1840 2345 scansus.

153 2370 228 2453 cepti
253 2370 376 2434 ordinis
401 2379 496 2452 atque
525 2370 661 2451 injuncti
686 2367 788 2432 oiiicii
812 2368 892 2433 obii·
946 2370 1143 2453 angelorum,
1160 2370 1324 2434 caritatem
1346 2376 1530 2433 autemnon
1545 2371 1691 2450 habeam,

150 2477 245 2550 gutur,
264 2477 302 2531 ut
324 2468 521 2551 praeiuducta
545 2466 643 2531 verba
663 2464 804 2549 Apostoli
829 2464 890 2546 ipsi
946 2469 1049 2533 iactus
1063 2488 1134 2533 sum
1150 2468 1233 2532 sicut
1246 2488 1289 2532 ss
1304 2484 1420 2532 sonans
1440 2477 1494 2532 aut
1513 2468 1694 2551 cymbalum

152 2565 337 2628 conveniant
350 2572 383 2629 et
396 2584 433 2628 ca
448 2564 482 2627 in
493 2565 622 2648 propria
636 2581 770 2646 persona
785 2562 891 2625 dicere
947 2567 1087 2631 tinniens
1101 2590 1109 2643 3
1125 2567 1197 2631 ideo
1221 2566 1335 2629 caritas
1354 2565 1457 2649 prima
1475 2566 1619 2631 omnium
1640 2586 1695 2650 ap-

72 2694 99 2723 e.
114 2696 138 2733 e,
150 2664 252 2744 possit.
268 2662 368 2727 Debet
387 2682 525 2745 namque
548 2661 652 2725 crucis
673 2659 892 2724 mortificatio-
946 2665 1084 2749 pellatur
1103 2665 1267 2727 virtutum.
1284 2664 1401 2727 Caritas
1423 2663 1509 2727 enim
1530 2665 1594 2730 Deo
1615 2664 1695 2731 asie-

57 2774 62 2783 ·
150 2780 217 2822 uem
236 2761 357 2843 jugiter
378 2761 411 2822 in
433 2779 491 2825 suo
513 2778 645 2842 corpore
670 2756 888 2839 circumferre,
905 2765 929 2827 B
948 2773 1034 2828 ctum
1049 2770 1137 2846 grate
1153 2762 1332 2845 conjungit,
1348 2770 1379 2827 et
1400 2762 1544 2827 omnium
1559 2763 1694 2829 aliamm

149 2860 409 2940 quemadmodum
437 2868 546 2923 monet
580 2858 782 2922 beatissimus
808 2859 891 2940 Apo-
946 2864 1100 2926 virtutum
1122 2860 1321 2945 operationes
1346 2863 1384 2925 ad
1409 2861 1557 2925 ultimum
1579 2861 1691 2941 finem,

149 2957 294 3021 stolorum
320 2966 438 3039 vertex,
466 2958 499 3020 in
529 2958 631 3041 prima
653 2976 712 3019 sua
732 2956 892 3019 Ganonica
946 2958 1000 3042 qui
1020 2967 1069 3022 est
1087 2958 1169 3022 Deus
1190 2956 1349 3040 gloriosus
1367 2967 1398 3022 et
1417 2966 1557 3041 sanctus,
1573 2959 1696 3024 reducit

46 3054 251 3119 mendicem
277 3079 285 3117 :
313 3054 457 3117 Christus
482 3073 593 3137 passus
622 3062 670 3118 est
698 3072 756 3136 pro
784 3053 888 3132 nobis,
945 3078 982 3122 ac
1007 3057 1143 3121 ordinat.
1167 3056 1296 3139 Propter
1319 3056 1402 3138 quod
1428 3058 1571 3121 omnium
1596 3058 1695 3123 virtu-

148 3151 233 3214 vobis
246 3151 429 3234 relinquens
450 3151 642 3234 exemplum,
659 3160 695 3215 ut
713 3151 890 3234 sequamini
946 3166 1014 3219 tum
1043 3155 1157 3218 ultima
1185 3154 1369 3218 nominatur
1399 3178 1406 3217 :
1437 3154 1506 3238 ipsa
1533 3164 1581 3219 est
1607 3156 1694 3220 enim

148 3249 277 3331 vestigia
304 3248 386 3330 ejus.
417 3248 490 3312 ideo
519 3248 605 3311 enirn
634 3249 717 3313 sacri
751 3267 891 3312 canones
945 3254 1056 3337 regina
1077 3252 1231 3316 virtutum
1253 3261 1285 3316 et
1306 3251 1383 3316 iinis
1405 3270 1535 3332 earum3
1558 3260 1589 3317 et
1613 3254 1696 3318 sicut

146 3347 349 3411 instituemnt
362 3355 397 3409 ut
417 3348 599 3410 sacerdotes
621 3347 799 3412 castitatem
820 3365 891 3430 pro-
944 3353 1027 3416 Deus
1056 3359 1105 3415 est
1134 3351 1278 3414 omnium
1306 3370 1411 3415 rerum
1439 3350 1634 3434 principium
1664 3360 1696 3416 et

145 3445 278 3525 mittant,
314 3452 471 3527 quatenus
500 3444 607 3508 carnis
635 3445 750 3528 spretis
785 3444 891 3509 illece-
944 3450 1034 3531 finis,
1065 3450 1111 3513 sie
1141 3450 1256 3513 caritas
1285 3448 1340 3513 Dei
1368 3449 1512 3513 omniurn
1540 3450 1695 3517 virtutum

145 3541 217 3620 bris,
233 3543 349 3605 Filium
372 3542 513 3625 Virginis
533 3542 721 3607 castissimis
740 3543 890 3607 manibus
944 3548 1048 3631 prima
1063 3545 1217 3629 appellari
1233 3554 1337 3629 potest
1350 3548 1387 3610 ac
1402 3546 1489 3610 finis.
1504 3546 1590 3611 Unde
1604 3550 1696 3631 quid-

145 3650 286 3722 tracteut,
308 3642 398 3725 puris
419 3642 514 3705 labiis
541 3642 683 3720 iaudent,
709 3640 890 3725 impollute
944 3646 1020 3729 quid
1048 3645 1237 3727 cogitamus,
1264 3643 1403 3708 effamur
1425 3645 1476 3708 vel
1497 3645 1634 3728 agimus,
1655 3648 1695 3711 ad

144 3756 202 3819 que
216 3756 271 3803 ore
287 3738 454 3821 recipiant.
471 3739 625 3815 Quoniam
641 3738 747 3819 itaque
768 3738 888 3801 dictum
944 3742 1000 3807 Dei
1022 3761 1163 3807 amorem
1188 3740 1308 3806 reierre
1328 3742 1494 3806 debemus.
1511 3742 1617 3808 Nihilo
1636 3745 1695 3809 rui-

144 3844 198 3916 est,
213 3839 301 3920 quod
316 3839 464 3902 sacerdos
487 3857 560 3902 cum
576 3838 696 3920 ingenti
719 3836 888 3901 devotione
945 3861 1006 3905 nus
1039 3841 1122 3905 fides
1156 3840 1320 3906 caritatem
1353 3842 1530 3924 praecedere
1565 3841 1692 3922 dicitur,

142 3943 172 3997 et
196 3935 314 3999 actuali
348 3936 522 4001 attentione
555 3935 716 3999 celebrare
751 3939 925 4013 tenetur,G
946 3940 1098 4022 quoniam
1113 3939 1183 4023 ipsa
1197 3940 1236 4004 ad
1252 3940 1449 4003 intellectum
1464 3940 1696 4023 pertinet,aiie·

143 4032 301 4097 declarare
321 4041 447 4116 oportet
467 4033 544 4116 quid
566 4033 608 4095 sit
628 4034 766 4097 devotio.
946 4048 1097 4122 stumque
1111 4038 1233 4121 dirigit,
1250 4046 1281 4102 et
1295 4038 1451 4103 voluntati
1466 4039 1605 4102 ostendit
1618 4040 1695 4122 quid

178 4132 415 4196 Advertendum
444 4150 531 4214 ergo,
560 4132 644 4214 quod
674 4131 789 4195 caritas
822 4150 889 4196 om·
945 4136 1144 4219 diligendum
1160 4135 1300 4199 exsistat.
1313 4135 1399 4201 Patet
1414 4155 1500 4221 ergo,
1514 4137 1598 4220 quod
1613 4137 1696 4201 fides

142 4228 225 4292 nium
253 4230 411 4294 virtutum
435 4230 538 4311 prima
560 4236 593 4293 et
619 4229 733 4293 ultima
759 4230 886 4310 dicitur,
946 4236 1110 4299 caritatem
1126 4234 1277 4317 precedit
1299 4236 1475 4301 secundum
1497 4237 1582 4301 viam
1601 4257 1697 4321 gene-

141 4328 286 4409 quamvis
301 4348 372 4391 eam
394 4328 553 4411 precedat
574 4328 656 4391 iides
673 4352 681 4391 ε
697 4328 780 4393 iides
801 4349 889 4393 uam·
945 4334 1098 4410 rationis3
1120 4334 1234 4396 caritas
1257 4352 1334 4398 vero
1356 4333 1455 4397 iidem
1479 4335 1629 4417 precedit
1648 4356 1697 4401 se-

141 4443 199 4505 que
224 4427 324 4490 totius
348 4425 523 4509 spiritualis
548 4426 680 4490 aediiicii
702 4427 890 4492 fundamen·
945 4433 1087 4496 cundum
1109 4432 1194 4493 viam
1218 4429 1436 4515 perfectionis.

46 4545 127 4591 sins.
141 4530 203 4585 tum
224 4533 274 4588 est
297 4533 392 4605 atque
410 4524 511 4606 origo.
527 4524 619 4604 Nam,
635 4532 714 4588 teste
727 4526 818 4604 lsaia,
835 4529 889 4608 qui
986 4529 1127 4612 Denique
1142 4528 1360 4610 dilectioque
1375 4537 1423 4592 est
1437 4537 1526 4594 actus
1540 4531 1693 4610 caritatis,

141 4620 324 4685 increduius
338 4629 397 4700 est,
413 4621 590 4686 infideliter
604 4624 686 4703 agit;
698 4633 730 4686 et
744 4624 891 4689 Habacuc
946 4628 978 4691 in
994 4628 1176 4711 cognitione
1198 4627 1276 4690 iidei
1293 4626 1444 4691 fundatur
1460 4651 1467 4689 :
1484 4636 1516 4691 et
1537 4628 1609 4693 ideo
1629 4630 1694 4694 dici

46 4732 128 4786 eene.
140 4719 183 4780 ait
202 4744 210 4781 ι
231 4720 342 4783 Justus
365 4738 456 4783 meus
479 4740 518 4783 ex
542 4720 609 4783 iide
633 4720 723 4784 vivit.
746 4723 832 4787 Unde
857 4725 891 4787 in
946 4725 1036 4806 solet,
1057 4726 1142 4808 quod
1164 4743 1253 4789 amor
1274 4744 1311 4788 ex
1334 4724 1516 4808 cognitione
1538 4729 1692 4810 procedit.

46 4833 129 4887 riou.
142 4816 315 4900 Evangelio
339 4819 455 4901 saepius
479 4819 598 4883 dicitur
624 4842 632 4881 ε
658 4820 750 4883 Fides
778 4830 832 4884 tua
859 4831 890 4886 te
945 4823 1027 4887 Dicit
1041 4823 1128 4886 euim
1143 4822 1307 4887 Psalmiste
1324 4846 1331 4886 ι
1347 4823 1382 4886 ln
1403 4824 1609 4891 meditatione
1623 4846 1694 4891 mea
1709 4849 1840 4901 remon,

46 4896 128 5010 5532·
141 4917 263 4981 servum
278 4918 369 4981 recu
384 4918 462 4997 uno,
477 4919 567 5000 jure
587 4919 784 5001 Apostolum,
800 4921 891 5002 qnid·
946 4922 1128 4986 exardesce
1142 4920 1237 5003 ignis,
1259 4920 1290 4984 u
1315 4930 1374 5001 est,
1395 4922 1490 4987 arnor
1510 4923 1626 4989 divine
1647 4926 1694 4989 ‹u-
1708 4916 1728 4958 ⁴·

46 5032 74 5065 ι
90 5037 128 5074 nv.
143 5016 217 5095 quid
236 5034 305 5080 non
324 5024 374 5079 est
393 5036 433 5080 ex
453 5014 529 5094 side,
551 5025 717 5099 peccatum
736 5024 794 5079 est.
811 5017 892 5093 Quo-
946 5020 1093 5084 lectionis
1108 5018 1142 5081 in
1164 5028 1271 5083 mente
1292 5039 1364 5084 mea
1378 5022 1518 5105 exsurgit
1537 5023 1614 5087 dum
1629 5043 1694 5088 rue·

143 5114 236 5178 modo
249 5132 329 5197 ergo
341 5114 455 5179 carius
469 5113 613 5179 omnium
624 5115 777 5179 virtutum
789 5117 891 5200 prima
905 5119 931 5182 D
946 5118 1091 5182 ditatioui
1113 5118 1257 5183 intendit.
1281 5119 1341 5184 Sed
1362 5120 1461 5203 queri
1481 5129 1595 5206 potest,
1616 5141 1694 5206 quo-

191 5317 200 5355 ι
218 5315 262 5366 Ex
276 5312 401 5367 editione
415 5312 575 5368 Coloniensi
588 5314 706 5369 ioannis
719 5315 835 5378 Soteris,
851 5318 922 5369 15³2.
