4309 6259
475 428 534 491 240

784 442 823 488 DS
845 442 934 489 neuls
955 440 1091 487 srtltttus
1113 437 1232 493 SANGTl,
1254 438 1429 486 fuaemus
1450 439 1493 485 lll.
1516 458 1557 467 ·-
1577 441 1647 487 Aur.
1670 441 1727 487 XLV

475 623 583 678 mente
606 618 714 678 'creata
738 614 910 697 productus
934 620 1028 693 atque
1053 608 1191 687 elicitus,
1208 608 1265 670 ah
1282 627 1376 671 causa
1404 610 1618 692 potentiarum
1646 619 1740 691 atque
1763 610 1920 673 habituum
1943 610 1996 673 aui-

477 713 607 776 caritate
622 732 773 775 emanans
791 736 798 774 ε
815 730 880 775 non
895 729 971 792 ergo
986 717 1036 773 est
1050 709 1136 771 idem
1151 726 1225 770 cum

476 810 589 873 timore
604 810 659 891 qui
674 811 791 873 donum
807 817 949 872 vocatur.

515 908 626 971 Adhuc
641 916 759 986 autem,
778 908 873 972 timor
887 906 940 988 qui
957 912 1006 967 est
1024 906 1143 967 donum
1159 902 1227 985 Spi-

476 1009 554 1070 ritus
579 1006 695 1085 Sancti,
719 1012 864 1069 cessante
889 1002 975 1067 omni
999 1001 1114 1064 auimae
1139 1009 1223 1080 actu,

477 1112 660 1188 perseverat
675 1103 707 1165 in
721 1122 769 1181 ea,
786 1121 884 1184 quum
905 1102 945 1163 sit
965 1099 1101 1162 habitus.
1120 1098 1226 1161 Timor

476 1222 552 1267 vero
567 1203 622 1284 qui
638 1210 686 1265 est
700 1210 788 1264 actus
810 1199 962 1277 caritatis,
979 1216 1043 1260 non
1065 1205 1173 1258 manet
1191 1196 1225 1257 iu

477 1302 582 1365 anima
596 1309 668 1363 actu
684 1299 755 1380 ejus
770 1306 924 1374 cessante,
942 1297 996 1359 sed
1018 1304 1124 1358 actum
1147 1296 1225 1357 cari-

459 1400 548 1461 tatis
570 1397 800 1462 concomitatur
822 1404 853 1457 et
878 1395 951 1457 inde
977 1393 1126 1471 exoritur,
1143 1393 1225 1455 sicut

338 1536 360 1578 q
389 1535 462 1573 nvn.
476 1498 516 1559 de
530 1496 645 1579 gaudio
659 1505 690 1558 et
705 1514 785 1577 paee
804 1493 968 1557 Thomas
961 1513 993 1553 ru
1015 1492 1155 1553 secunda
1178 1509 1225 1551 se

315 1652 403 1697 ι...Η

314 1587 462 1641 ⁸⁸³¹⁴l³¹¹¹¹
476 1596 588 1659 cunda
606 1594 772 1656 affirmat:
790 1610 926 1673 quorum
947 1590 1071 1652 nullum
1094 1597 1142 1651 est
1163 1588 1227 1650 vir-

476 1702 526 1756 tus
541 1701 595 1755 ant
612 1691 751 1769 habitus,
770 1690 944 1753 secundnm
966 1706 1051 1765 eum,
1068 1687 1124 1749 sed
1146 1685 1226 1749 cari-

1281 725 1350 787 mae,
1368 708 1423 770 sed
1449 708 1555 787 etiam,
1576 716 1712 772 testante
1736 709 1901 789 Scriptura,
1920 724 2084 789 operataue

1281 813 1387 867 nostra
1412 806 1480 887 ipse
1504 815 1653 888 operatur
1677 806 1709 868 iu
1735 805 1827 869 uobis
1849 830 1855 867 :
1876 808 1947 887 quod
1966 806 1996 867 dc

1281 905 1573 985 supernaturalibus
1588 906 1705 968 nostris
1720 904 1869 987 operibus
1886 905 1997 967 maxime

1281 1020 1392 1063 verum
1413 1009 1471 1065 est.
1490 1003 1596 1083 ltaque
1621 1004 1740 1066 donum
1766 1002 1884 1065 timoris
1900 1011 1941 1065 est
1957 1003 1997 1063 hn-

1281 1098 1365 1162 bitus
1391 1100 1638 1181 supernaturalis
1659 1101 1816 1164 divinitus
1842 1100 1995 1181 inspimtus,

1280 1217 1342 1279 quo
1357 1198 1497 1261 redditur
1515 1198 1611 1263 homo
1633 1200 1696 1262 [leo
1718 1206 1895 1262 reverenter
1914 1199 1998 1279 subje

1281 1306 1361 1376 ctus,
1395 1315 1458 1359 non
1496 1297 1595 1378 piger,
1631 1315 1735 1378 neque
1770 1297 1902 1359 rebellis.
1931 1297 1997 1359 Unde

1279 1394 1447 1475 Gregorius
1470 1395 1604 1458 adstruit
1625 1396 1685 1459 boc
1705 1396 1826 1459 donum
1848 1403 1943 1457 contra
1959 1414 1998 1455 sn·

1281 1493 1420 1573 perbiam
1446 1492 1525 1556 dari.
1553 1492 1706 1575 Superbia
1731 1492 1818 1555 enim
1843 1492 1900 1557 Deo
1925 1492 1997 1555 subdi

1281 1592 1457 1654 contemnit
1474 1615 1480 1652 :
1499 1592 1626 1654 initium
1642 1611 1758 1675 nempe
1774 1592 1929 1675 superbie,
1940 1600 2096 1671 apostema(

1281 1698 1395 1753 statere
1419 1710 1437 1753 a
1456 1690 1532 1768 Deo,
1552 1690 1584 1752 id
1606 1699 1655 1752 cst
1672 1711 1691 1754 a
1710 1691 1774 1754 Deo
1800 1690 1936 1753 recedere
1953 1708 1998 1751 nec

475 1792 546 1855 tatis
577 1790 725 1853 effectus.
757 1787 835 1851 Nam
864 1787 1039 1850 secuudum
1064 1784 1224 1866 propriam
1242 1782 1266 1845 B
1282 1788 1310 1850 ei
1332 1808 1453 1869 parere.

476 1909 564 1953 suam
591 1889 758 1965 rationem,
779 1886 889 1951 ordine
914 1883 1106 1965 procedendi
1131 1883 1226 1946 timor

475 2008 514 2051 ex
539 1987 669 2050 caritate
694 1993 852 2049 causatur.
875 1984 981 2062 Porro,
1003 1980 1029 2043 si
1054 1982 1150 2044 timor
1174 1980 1225 2042 vel
1294 1994 1299 2005 ·

476 2106 537 2168 pax
556 2086 589 2147 in
613 2084 719 2147 anime
738 2082 783 2145 nil
804 2080 969 2145 actualiter
988 2087 1158 2161 peragente
1178 2098 1227 2141 re·

477 2203 606 2247 manere
631 2183 789 2261 dicautur,
817 2180 877 2243 erit
901 2180 960 2242 hoc
984 2176 1224 2258 intelligendum

476 2301 541 2345 nou
571 2288 725 2362 quantum
754 2279 793 2340 ad
823 2295 933 2340 eorum
962 2274 1143 2356 essentiam,
1169 2274 1223 2336 sed

476 2388 631 2462 quantum
657 2379 695 2441 ad
721 2395 860 2454 causam,
877 2374 1023 2437 videlicet
1047 2374 1222 2451 caritatem,

476 2500 547 2561 quaa
573 2487 622 2541 est
645 2496 756 2541 eorum
781 2474 917 2538 causalis
941 2473 1029 2555 origo
1047 2496 1054 2533 ε
1071 2492 1134 2553 qua
1159 2491 1225 2533 ma-

477 2585 585 2655 nente,
611 2583 742 2638 manent
769 2574 920 2656 predicta
949 2572 1124 2634 secundum
1153 2588 1225 2651 pro

477 2677 629 2758 pinqnam
659 2693 798 2737 cansam.
830 2671 926 2753 Cujus
960 2670 1062 2732 simile
1092 2668 1226 2731 arbitror

476 2775 516 2836 de
541 2771 747 2836 couscientia.
769 2769 968 2834 Conscientia
994 2768 1091 2847 enim,
1113 2785 1226 2829 secun-

1464 1989 1710 2054 ARTICULUS
1734 1990 1838 2053 XLV.

1314 2123 1360 2182 Dc
1374 2124 1457 2180 dono
1474 2122 1614 2189 timoris,
1632 2123 1811 2180 secundum
1826 2123 1974 2182 Ductorem

1570 2211 1734 2269 diuinum.

1341 2376 1491 2440 ATENTE
1507 2378 1670 2442 enimvero
1685 2377 1796 2440 divino
1811 2378 1944 2455 Doctorc,
1958 2396 2001 2459 per

1348 2477 1474 2538 ·donnm
1496 2476 1618 2539 timoris
1641 2476 1840 2555 inchoamus,
1857 2475 2001 2557 implemus
2095 2508 2096 2533 ;

1281 2593 1316 2636 ac
1344 2573 1464 2655 jugiter
1492 2574 1690 2655 possidemus
1719 2593 1849 2637 omnem
1879 2582 2001 2637 ornatum

1280 2670 1432 2734 virtutum
1451 2695 1457 2733 :
1474 2672 1626 2753 quoniam
1642 2672 1754 2735 filialis
1769 2672 1864 2736 timor
1884 2691 1948 2735 cum
1966 2690 2002 2732 re

1279 2770 1422 2833 verentia
1437 2770 1575 2832 manet
1567 2790 1601 2831 nn
1621 2770 1773 2833 saeculum
1793 2770 1909 2850 saculi,
1924 2770 2003 2831 hunc·

342 2873 552 2934 assandum
581 2871 734 2934 'lhomam
762 2878 794 2932 et
821 2868 900 2932 alios
929 2867 1057 2945 multos,
1084 2883 1147 2927 non
1177 2870 1225 2926 est
1279 2887 1342 2948 que
1357 2868 1503 2931 timorem
1520 2868 1763 2931 Deodebemus.
1775 2868 1833 2931 Hic
1850 2868 2096 2948 ιίιηοερεερ....ιι

344 2955 366 2994 ¹
406 2954 461 3007 μ’*
476 2970 602 3033 habitus
618 2968 746 3048 mentis,
763 2968 819 3029 sed
838 2974 927 3029 actus
947 2965 1059 3047 ipsius,
1075 2962 1225 3025 videlicet
1244 2964 1349 3048 Cpria
1369 2967 1532 3028 voluntate
1547 2986 1606 3030 nos
1621 2966 1733 3048 privat,
1751 2966 1927 3047 sentinaque
1943 2964 2003 3027 facit
2095 3014 2096 3019 ,

342 3029 365 3071 q
393 3028 461 3064 unu

342 3091 363 3121 a.
379 3080 412 3120 ta.

476 3066 647 3149 applicatio
670 3065 813 3146 quaedam
840 3063 980 3140 rationis,
1001 3079 1064 3142 qua
1090 3059 1224 3123 scientia

476 3183 549 3227 cum
574 3163 694 3244 judicio
712 3162 806 3225 alicui
826 3161 871 3223 rei
890 3159 1099 3223 determinate
1123 3156 1223 3239 appli-

475 3270 574 3324 catur.
601 3258 708 3322 Nihilo
735 3259 842 3321 minus
869 3258 987 3320 dicitur
1009 3255 1124 3336 aliquis
1149 3274 1224 3319 con-

474 3358 662 3421 scientiosus
680 3358 756 3419 dum
775 3356 891 3420 dormit
914 3354 967 3418 vel
986 3362 1059 3416 actu
1077 3352 1157 3415 nihil
1177 3353 1224 3415 fa-

473 3456 686 3538 cit,quoniam
700 3456 887 3537 propinquae
902 3473 1005 3517 causae
1020 3452 1222 3516 conscientia

474 3555 508 3618 in
529 3554 636 3618 anima
656 3561 797 3617 manent.

513 3653 698 3734 Subiectum
714 3660 820 3714 antem
835 3650 911 3715 doni
929 3650 1066 3728 timoris,
1083 3656 1131 3712 cst
1153 3648 1221 3729 ipsa

472 3751 636 3827 uoluntas3
652 3769 748 3813 causa
762 3768 839 3812 vero
855 3748 1012 3828 efficiens,
1025 3754 1073 3809 cst
1088 3746 1221 3829 Spiritus

474 3850 619 3911 Sanctus.
644 3850 684 3910 At
706 3866 782 3910 vcro
807 3846 901 3909 timor
928 3846 982 3926 qui
1007 3854 1055 3907 est
1084 3843 1221 3907 caritatis

473 3946 620 4023 effectus,
638 3964 701 4009 uon
717 3953 766 4007 est
779 3944 842 4005 nisi
857 3962 953 4005 causa
966 3942 1108 4005 formalis
1123 3941 1222 4003 vitan·

472 4044 505 4105 di
530 4051 708 4124 peccatum,
729 4041 780 4104 vel
804 4041 909 4123 potius
935 4040 1004 4122 ipsa
1028 4039 1140 4102 vitatio
1165 4058 1220 4101 seu

474 4236 614 4300 caritatis
634 4235 750 4316 adjutas
773 4234 932 4298 dictamen
946 4256 954 4310 3
970 4234 1024 4297 sed
1046 4233 1142 4295 timor
1163 4232 1219 4313 qui

473 4342 522 4397 est
535 4335 654 4397 donum
671 4332 803 4415 Spiritus
817 4332 937 4411 Sancti,
954 4339 1002 4393 est
1022 4329 1147 4393 habitus
1167 4349 1221 4394 vo

473 4432 604 4494 luntatis
628 4452 684 4513 per
704 4450 800 4513 qnam
822 4430 966 4493 efficitur
984 4430 1079 4492 homo
1101 4428 1220 4509 optimc

473 4530 601 4594 mobilis
616 4550 635 4592 a
650 4528 881 4612 supernaturali
904 4526 1111 4608 inspiratione
1131 4526 1220 4587 Para·

474 4627 558 4705 cleti,
571 4629 610 4690 ad
627 4628 790 4689 vitandum
805 4644 899 4688 omne
913 4624 1099 4705 malignum,
1113 4642 1222 4685 secun-

473 4727 549 4788 dum
571 4725 776 4789 directionem
795 4742 851 4785 seu
870 4740 964 4803 opem
984 4721 1120 4803 Spiritus
1145 4720 1221 4782 San-

474 4824 516 4887 cti
537 4820 847 4903 supernaturaliter'
839 4840 872 4881 ru
898 4819 1027 4883 bomine
1046 4819 1218 4904 operantis.

475 4921 572 5001 Cujus
596 4919 786 5001 operationis
811 4918 952 4980 eflicitur
976 4937 1074 4999 capax
1088 4937 1146 4999 per
1167 4918 1221 4981 do

475 5038 553 5080 num
587 5016 721 5093 timoris,
751 5015 1018 5096 quemadmodum
1047 5034 1145 5096 capax
1174 5023 1222 5077 est

474 5115 659 5177 directionis
674 5122 768 5193 atque
787 5112 912 5193 imperii
933 5113 1061 5177 rationis
1082 5132 1139 5195 per
1158 5114 1222 5176 vir-

475 5220 560 5276 tutes
574 5210 720 5276 morales.
737 5210 821 5273 [lens
835 5210 954 5291 qnippe
969 5229 1032 5273 nou
1052 5211 1154 5274 solnm
1173 5220 1221 5275 est

1280 3066 1364 3145 qnod
1380 3064 1434 3127 Dei
1450 3066 1578 3146 proprie
1593 3066 1705 3141 simus,
1722 3083 1786 3127 non
1804 3065 1917 3140 nostri3
1928 3080 2003 3126 omne

1280 3169 1445 3243 peccatum
1470 3161 1610 3243 expellit,
1627 3162 1667 3224 ab
1691 3161 1781 3224 omni
1805 3180 1927 3243 quoque
1948 3176 2004 3241 pec-

1280 3270 1349 3321 cato
1365 3266 1546 3340 praeservat,
1563 3259 1602 3321 ad
1617 3276 1745 3322 omnem
1768 3260 1916 3323 virtutem
1929 3267 2004 3337 atque
2095 3252 2096 3295 t

1279 3356 1435 3419 laudabile
1460 3374 1539 3438 opus
1565 3356 1719 3433 inclinat3
1746 3365 1778 3419 et
1801 3357 1904 3421 omnis
1930 3371 2005 3439 puna

1279 3454 1308 3517 ei
1331 3454 1368 3517 fit
1391 3454 1480 3532 levis,
1497 3454 1649 3535 qnoniam
1670 3454 1752 3517 Deus
1773 3473 1856 3518 onus
1871 3454 1936 3535 ejus
1952 3470 2005 3515 sus
2095 3458 2096 3531 l

1278 3560 1377 3615 tentat
1412 3576 1419 3613 ε
1456 3552 1575 3615 idcirco
1609 3552 1676 3634 ipse
1711 3551 1801 3615 nulla
1840 3550 2005 3615 necessitate

1277 3650 1400 3731 gravari
1430 3650 1481 3713 vel
1510 3649 1646 3733 opprimi
1676 3650 1771 3713 valet.
1798 3651 1937 3732 Insuper,
1962 3646 2004 3729 qui
2095 3690 2096 3723 r

1278 3747 1399 3812 timoris
1415 3757 1463 3810 est
1482 3767 1604 3830 expers,
1621 3746 1709 3812 omni
1732 3748 1851 3811 virtute
1872 3767 1908 3810 ac
1927 3744 2005 3829 gratia
2095 3824 2096 3829 ἵ

1277 3854 1373 3909 caret.

1316 3944 1478 4023 Praeterea,
1496 3944 1631 4007 multum
1654 3962 1785 4007 necesse
1811 3952 1861 4007 est
1885 3941 2006 4007 conside

1276 4060 1345 4103 rare
1361 4040 1497 4121 qualiter
1510 4042 1597 4103 hunc
1612 4042 1758 4104 timorem
1774 4041 1911 4124 adipisci
1927 4038 2007 4121 possi·

473 4139 549 4221 fuga
583 4138 704 4219 peceati
738 4139 913 4200 secundum
946 4136 1076 4200 taliffltis
1105 4136 1357 4203 virtuteurnus.
1375 4138 1569 4221 Principium
1589 4139 1687 4219 hujus
1706 4138 1808 4202 divini
1827 4140 1956 4215 timoris,
1970 4143 2007 4199 est

1275 4236 1406 4317 quidam
1421 4238 1534 4302 horror
1548 4238 1693 4301 internus
1708 4258 1727 4301 a
1742 4238 1808 4303 beo
1823 4238 1954 4315 infusus,
1964 4254 2008 4319 per
2095 4260 2096 4325 p

1275 4336 1336 4399 hoc
1360 4336 1444 4416 quod
1470 4344 1578 4399 nostra
1598 4344 1729 4417 peccata
1749 4337 1844 4399 nobis
1864 4336 2005 4401 ostendit:

1275 4452 1410 4513 qnorum
1435 4433 1618 4496 ostensione
1639 4433 1775 4496 interius
1793 4453 1854 4497 nos
1874 4435 1955 4517 ipsos
1971 4450 2008 4493 re
2095 4424 2096 4497 Ῑ

1276 4530 1421 4594 verberat
1435 4539 1528 4613 atque
1545 4532 1817 4613 perterret,idque
1832 4532 2007 4596 demonstrat

1275 4645 1371 4708 quam
1399 4628 1490 4709 parvi
1521 4647 1558 4690 ac
1587 4627 1667 4690 viles
1698 4628 1798 4691 simus
1829 4637 1904 4691 ante
1932 4626 2009 4707 majc-
2095 4608 2096 4661 7

1277 4732 1388 4787 statem
1412 4725 1525 4808 ipsiuS,
1553 4744 1660 4789 coram
1686 4744 1750 4807 qua
1773 4725 1882 4808 angeli
1907 4734 2009 4789 contre
2095 4704 2096 4727 ³

1275 4822 1423 4902 miscunt,
1447 4830 1479 4885 et
1507 4823 1558 4885 cui
1588 4822 1677 4885 nulla
1699 4832 1847 4887 creatura
1875 4824 2010 4888 obsistere

1276 4920 1368 4983 valet.
1392 4920 1463 4983 llaec
1493 4920 1609 4983 divinae
1640 4922 1817 5003 majestatis
1845 4920 2011 5005 magnitudo

1276 5018 1488 5081 comminatur
1511 5037 1569 5082 nos
1590 5018 1623 5080 in
1648 5028 1803 5082 aternum
1829 5020 1946 5102 perire,
1963 5014 2010 5079 nisi
2095 5018 2096 5041 ¹

1276 5115 1305 5179 ei
1332 5116 1494 5179 humiliter
1520 5116 1707 5181 obediamus
1735 5136 1794 5199 per
1822 5136 1935 5181 veram
1956 5115 2010 5178 uni-

1276 5232 1440 5278 uersorum
1462 5215 1645 5279 defectuum
1668 5224 1852 5279 nostrornm
1872 5217 2010 5301 poenitan·
