4309 6259
507 486 547 531 ott
568 486 664 532 sucat
688 482 884 531 COHUNIONB
904 482 1160 539 ruhouhhrattot.
1184 504 1224 515 -
1244 486 1313 532 tur.
1338 488 1368 532 tv

1652 472 1712 535 tte

165 673 273 716 rerum
287 654 462 717 totocorde
482 652 628 734 diligere,
644 654 705 716 hoc
720 659 767 715 est
788 652 910 715 incom-
925 652 949 713 Α
967 653 1122 715 contritus
1148 661 1274 736 paratus
1300 662 1348 717 est
1373 656 1411 717 ad
1435 674 1562 719 omnem
1589 657 1713 720 satisfa-

164 752 344 833 parahiliter
358 753 535 833 plusquam
551 770 585 813 se
599 751 703 832 ipsum
717 760 748 813 et
761 750 911 813 universa

164 859 269 912 creata
285 874 293 913 ε
310 851 462 931 quoniam
477 851 559 913 lleus
580 850 752 912 altissimus
774 857 806 912 et
823 858 912 911 aeter-

166 968 236 1025 nus
261 957 310 1011 est
338 969 511 1029 summum,
537 947 702 1010 inlinitum
731 956 763 1010 et
791 947 912 1009 iucom-

165 1045 304 1127 parabile
318 1047 449 1124 bouum,
462 1047 525 1109 imo
540 1046 665 1110 bonitas
679 1065 769 1128 pura,
785 1043 911 1107 inlinite

166 1144 315 1224 perlecta,
346 1163 365 1206 a
392 1145 486 1226 cujus
515 1143 717 1221 amabilitate,
744 1140 911 1225 perlectio-

164 1262 215 1320 ne,
231 1244 386 1305 suavitate
400 1250 433 1305 et
445 1242 558 1324 gloria,
576 1243 726 1305 universa
739 1249 771 1303 et
785 1239 911 1321 singula

164 1348 279 1420 creata,
315 1342 411 1404 etiam
447 1340 540 1402 simul
576 1348 717 1421 accepta,
754 1337 912 1401 deliciunt

162 1438 299 1518 infinite,
325 1440 386 1503 hoc
415 1446 464 1501 est
490 1437 781 1519 incomparabiliter
804 1444 836 1499 et
864 1437 912 1498 in-

164 1536 490 1619 comprehensibiliter
504 1536 606 1618 magis
620 1554 716 1615 quarn
731 1554 827 1597 arena
848 1534 912 1597 ori-

164 1654 224 1716 gua
237 1655 256 1697 a
270 1635 489 1717 magnitudine
504 1634 619 1698 summi
631 1652 668 1696 ac
684 1633 811 1696 maximi
826 1633 909 1695 coeli.

165 1733 244 1794 l'era
268 1733 365 1814 igitur
395 1733 509 1795 caritas
538 1741 603 1794 tam
632 1729 756 1794 fortiter
783 1731 851 1794 unit
880 1738 913 1792 et

965 750 1104 813 ctionem
1121 771 1157 814 ac
1172 752 1391 834 poenitentiam
1412 756 1635 836 peragendam,
1652 775 1711 819 nec

966 857 1090 930 reputat
1104 850 1242 931 aliquam
1258 852 1464 932 temporalem
1480 852 1710 937 confusionem,

965 946 1167 1025 derisionem,
1197 948 1448 1030 increpationem
1484 970 1539 1013 seu
1574 952 1713 1033 discipli-

965 1062 1039 1107 nam
1061 1046 1280 1126 propeccatis
1302 1046 1367 1109 suis
1389 1047 1550 1128 sulficere,
1568 1068 1624 1131 per
1644 1068 1713 1131 quaa

965 1142 1144 1205 Creatorem
1160 1160 1251 1205 suum
1274 1145 1412 1225 graviter
1433 1146 1712 1227 multipliciterque

964 1238 1101 1302 ollendit
1117 1246 1148 1301 et
1163 1248 1297 1303 mortem
1312 1260 1349 1303 ac
1364 1240 1584 1305 confusionem
1599 1244 1714 1307 meruit

966 1336 1165 1400 infernalem.

1005 1436 1168 1516 Praeterea,
1192 1443 1227 1498 ut
1252 1436 1283 1499 S.
1308 1437 1443 1500 Thomas
1469 1438 1589 1521 scribit,
1612 1440 1715 1504 homi-

966 1534 1037 1597 cida
1066 1542 1097 1596 et
1126 1534 1205 1597 latro
1230 1554 1286 1597 seu
1314 1534 1367 1598 lur
1391 1544 1502 1617 peccat
1526 1539 1712 1620 mortaliter,

966 1632 1164 1713 iniquitatem
1185 1651 1274 1694 suem
1294 1632 1392 1713 judici
1415 1653 1478 1699 non
1501 1634 1640 1716 latendo,
1657 1656 1714 1720 pro

966 1746 1029 1809 qua
1053 1738 1158 1792 tamen
1184 1738 1232 1792 est
1260 1729 1464 1793 occidendus.
1494 1732 1591 1806 Quam
1623 1754 1715 1798 enor-

165 1830 344 1893 coulormat
364 1829 558 1893 voluntatem
581 1828 741 1891 rationalis
760 1836 911 1891 creatura
927 1828 952 1892 B
967 1826 1059 1889 miter
1083 1845 1157 1908 ergo
1180 1836 1291 1909 peccat
1315 1828 1460 1909 religiosa
1484 1848 1619 1911 persona
1644 1850 1714 1913 quae

165 1948 236 1991 cum
259 1945 319 1990 suo
339 1926 528 2008 dignissimo
548 1926 705 2004 Creatore,
728 1924 813 2007 quod
834 1925 912 1988 lacit

166 2026 266 2107 ipsam
292 2025 478 2088 rationalem
506 2033 684 2087 creaturam
713 2024 813 2104 magis
840 2023 913 2085 dili-

163 2144 236 2205 gere
251 2142 289 2186 ac
310 2122 499 2199 desiderare,
517 2130 661 2204 reputare
680 2130 712 2184 et
730 2121 910 2204 appretiari,

164 2222 274 2285 timere
290 2241 328 2284 ac
343 2222 447 2285 colere
460 2222 652 2300 Creatorem,
662 2240 756 2301 quam
772 2220 911 2300 aliquam

164 2327 362 2397 creaturam,
393 2319 611 2382 vehementius
644 2338 770 2399 quoque
804 2318 911 2382 dolere

162 2420 200 2481 de
214 2418 371 2482 Crantoris
386 2416 523 2497 oflensa,
540 2427 572 2480 et
586 2417 756 2480 amissione
771 2416 911 2479 caritatis

163 2536 198 2579 ac
218 2516 329 2597 gratiae
352 2516 423 2597 ejus
444 2536 481 2579 ac
503 2535 568 2578 sua
589 2516 732 2596 gratiosa
756 2514 912 2577 inhahita-

164 2615 258 2677 tionis
272 2622 369 2697 atque
383 2614 568 2695 praesentia,
583 2632 679 2695 quam
699 2615 739 2676 de
761 2631 913 2694 quocum-

165 2732 223 2794 que
245 2714 365 2776 damno
386 2722 512 2776 terreno
532 2721 587 2775 aut
607 2711 772 2793 temporali
793 2712 914 2774 iucom-

165 2812 270 2891 modo,
279 2830 338 2874 seu
353 2811 465 2892 quavis
478 2810 677 2887 adversitate,
689 2810 913 2872 infirmitateve

167 2909 335 2992 corporali,
355 2909 405 2971 val
425 2909 614 2974 confusione
633 2910 782 2972 humana.
802 2909 841 2971 Et
860 2908 915 2989 qui

966 1924 999 1986 iu
1010 1925 1230 1987 sacramentali
1246 1925 1446 1989 confessione
1467 1946 1559 1989 suum
1581 1929 1714 1993 abscon-

965 2024 1011 2085 dit
1038 2032 1205 2104 peceatum
1234 2024 1346 2087 timore
1379 2025 1525 2089 humanae
1555 2028 1715 2093 conlusio-

965 2121 1017 2183 nis
1044 2129 1098 2183 aut
1126 2121 1310 2203 disciplinas,
1341 2130 1372 2185 et
1400 2123 1531 2206 insuper
1558 2126 1652 2189 audet
1680 2127 1714 2189 in

965 2220 1021 2282 tali
1036 2228 1118 2282 statu
1140 2220 1188 2282 sui
1210 2222 1357 2283 excaecati
1379 2241 1415 2285 ac
1431 2222 1538 2285 miseri
1557 2226 1660 2288 cordis
1675 2228 1714 2289 ad

965 2338 1108 2381 mensam
1131 2318 1300 2381 salvatoris
1322 2319 1369 2381 sui
1395 2322 1557 2402 accedere,
1581 2324 1715 2406 ejusque

966 2436 1080 2499 corpus
1108 2426 1140 2480 et
1172 2417 1360 2499 sanguinem
1389 2438 1514 2483 sumere
1543 2429 1607 2484 tam
1635 2423 1716 2485 indi-

966 2534 1038 2596 gne,
1055 2534 1119 2578 uon
1140 2515 1330 2579 erubescens
1345 2536 1451 2579 coram
1467 2518 1639 2599 Altissimo,
1655 2542 1715 2585 nec

967 2620 1111 2675 metuens
1143 2612 1295 2676 terribilia
1326 2615 1424 2677 verba
1456 2618 1597 2697 Apostoli
1627 2638 1715 2682 com·

968 2709 1118 2772 minantis
1134 2729 1170 2773 ac
1190 2710 1391 2790 affirmantis,
1409 2712 1605 2797 Quicumque
1626 2736 1715 2779 man·
1743 2745 1812 2793 ιω,
1832 2764 1860 2803 ¹,

968 2808 1131 2870 ducaverit
1157 2827 1272 2889 panem
1304 2809 1390 2873 hunc
1418 2811 1468 2873 vel
1500 2812 1614 2875 biberit
1641 2814 1763 2877 cati-2⁷·

969 2924 1040 2969 cem
1056 2906 1179 2968 Domini
1198 2907 1338 2988 indigna,
1356 2928 1427 2971 reus
1447 2910 1505 2973 erit
1527 2914 1669 2994 corporis
1685 2921 1716 2977 et

166 3009 208 3071 ita
234 3027 302 3071 non
328 3008 425 3071 sentit
446 3007 480 3069 in
505 3008 600 3071 corde
623 3025 692 3087 suo,
717 3026 777 3069 uec
806 3025 914 3069 coram
932 3008 955 3073 C
970 3004 1134 3085 sanguinis
1156 3005 1302 3068 Dominil

164 3107 227 3170 Deo
254 3107 302 3169 sic
331 3114 403 3185 stat,
433 3105 479 3169 sic
508 3104 655 3182 intendit,
686 3105 735 3167 sic
767 3104 915 3187 proponit

162 3213 234 3267 actu
263 3224 304 3267 ac
331 3203 452 3284 habitu,
483 3213 516 3265 et
543 3212 685 3285 tempore
721 3209 913 3284 opportuno,

164 3322 225 3365 non
247 3311 298 3365 est
320 3302 354 3364 iu
375 3310 457 3364 statu
480 3301 599 3380 salutis,
624 3302 679 3363 sed
700 3299 914 3363 damnationis

164 3411 299 3465 aterna).

203 3500 290 3563 Unde
307 3498 544 3579 constatquod
560 3498 654 3561 Soror
668 3498 713 3561 sic
729 3505 815 3560 stans
829 3498 914 3579 quod

167 3599 275 3661 mallet
302 3596 338 3659 in
366 3596 568 3659 confessione
604 3595 823 3658 sacramentali
859 3595 916 3657 ali-

168 3698 251 3777 quod
279 3703 449 3779 peccatum
475 3693 608 3758 mortale
633 3695 737 3757 celare
765 3694 914 3773 scienter,

168 3804 199 3857 et
213 3795 282 3857 sine
303 3793 390 3856 illins
409 3793 532 3874 integra
546 3812 584 3855 ac
604 3792 698 3874 plena
716 3793 916 3855 confessione

169 3900 402 3955 sacramentum
427 3890 630 3953 Eucharistiae
657 3909 794 3968 sumere,
821 3909 916 3972 quam

169 4010 225 4072 pro
239 3991 296 4055 illo
317 3998 448 4073 peccato
469 4008 488 4051 a
509 4008 599 4051 sacra
621 3990 843 4051 commuuione
866 4008 918 4052 co

168 4089 283 4168 hiberi,
306 4088 409 4152 arceri
434 4095 528 4168 atque
552 4086 676 4169 repelli,
701 4106 738 4149 ac
763 4088 917 4169 pudorem

1008 3102 1165 3185 Quidquid
1189 3122 1265 3185 ergo
1289 3106 1499 3169 contrariatur
1521 3109 1641 3172 caritati
1671 3110 1718 3173 di-

970 3201 1051 3263 viuae
1066 3209 1121 3264 aut
1135 3201 1296 3283 sapientiae
1311 3203 1451 3284 salutari,
1464 3205 1558 3269 dehet
1573 3209 1719 3291 religiosa

970 3317 1117 3380 persona,
1143 3300 1207 3365 imo
1232 3307 1264 3363 et
1286 3302 1389 3364 omnis
1412 3302 1617 3387 Christianus,
1644 3327 1717 3371 cum

970 3396 1056 3459 omui
1080 3396 1245 3479 diligentia
1269 3418 1395 3482 semper
1418 3401 1528 3480 vitare,
1555 3411 1587 3466 et
1611 3424 1716 3469 coram

970 3495 1071 3557 oculis
1112 3496 1301 3559 sanctissimi
1335 3497 1390 3559 hei
1428 3498 1718 3583 incomparabiliter

971 3592 1109 3674 amplius
1137 3596 1345 3657 verecundari
1374 3595 1413 3658 de
1445 3598 1640 3679 turpitudine
1670 3603 1718 3663 sui

971 3690 1093 3771 peccati
1118 3699 1150 3752 et
1173 3691 1212 3753 de
1235 3692 1319 3754 vitiis
1343 3694 1446 3757 cordis
1468 3696 1528 3774 sui,
1550 3715 1644 3778 quam
1668 3718 1720 3763 co-

972 3809 1038 3851 ram
1061 3789 1241 3855 hominibus
1262 3791 1302 3853 de
1323 3791 1372 3854 sui
1393 3792 1479 3874 justa
1499 3802 1531 3855 et
1556 3795 1721 3860 caritativa

972 3887 1181 3969 correptione,
1209 3889 1415 3970 correctione,
1440 3891 1657 3957 humiliatione
1683 3915 1719 3958 ac

972 3984 1061 4047 hrevi
1091 3984 1289 4067 confusione,
1319 3996 1351 4050 et
1379 3988 1473 4051 malle
1502 3990 1534 4052 in
1564 3991 1624 4053 hac
1655 3992 1721 4055 vita

972 4081 1077 4145 debite
1106 4083 1252 4165 castigari
1282 4103 1388 4148 coram
1417 4086 1527 4169 paucis
1553 4089 1722 4153 condoma-

169 4189 232 4269 pati
260 4189 440 4249 humanum
468 4209 475 4247 :
502 4193 636 4263 constat,
661 4186 803 4266 inquam,
833 4180 1062 4266 quostticis
1089 4182 1163 4259 suis,
1186 4201 1282 4263 quam
1305 4183 1413 4249 divino
1439 4186 1596 4249 horrendo
1623 4208 1722 4251 raser-

169 4286 262 4349 Soror
289 4284 363 4347 talis
390 4292 445 4347 aut
473 4283 591 4361 Frater,
621 4283 688 4365 jam
715 4291 788 4346 actu
817 4284 857 4345 sit
885 4283 917 4345 iu

170 4382 295 4447 mortali
320 4390 461 4464 peccato,
486 4389 518 4445 et
539 4382 634 4463 digua
655 4382 919 4444 condemnatione

170 4490 335 4562 perpetua,
352 4481 502 4560 intusque
524 4480 557 4540 in
579 4478 686 4541 anima
707 4498 764 4541 sua
783 4480 920 4542 totaliter

171 4579 358 4656 deformata,
389 4596 549 4658 perversa,
574 4576 705 4657 injusta,
730 4576 918 4657 inordinata,

171 4685 266 4758 atqrm
294 4694 403 4740 amore
431 4674 553 4757 privata
580 4674 699 4737 divino.
725 4675 845 4738 ldciroo
873 4675 920 4738 iu-

172 4776 269 4857 digua
297 4784 347 4839 est
374 4775 484 4838 habitu
513 4773 675 4856 religionis
708 4794 745 4836 ao
778 4775 918 4855 nomine,

174 4892 232 4937 nec
256 4873 372 4937 Christi
393 4881 442 4935 est
465 4890 592 4953 sponsa,
613 4872 669 4933 sed
694 4871 810 4934 diaboli
833 4871 921 4934 adul-

174 4980 250 5034 tera.
273 4972 362 5047 Quod
386 4972 479 5032 etiam
503 4973 552 5050 (ut
573 4977 701 5031 sauctus
725 4970 838 5031 asserit
860 4972 922 5032 Au-

974 4278 1040 4341 rari
1063 4279 1195 4359 judicio,
1221 4288 1254 4343 et
1278 4299 1385 4344 coram
1414 4291 1478 4346 toto
1503 4286 1622 4349 mundo
1648 4306 1722 4350 con-

974 4375 1064 4440 lundi
1087 4397 1123 4441 ac
1146 4380 1306 4459 reprobari
1330 4380 1362 4441 in
1384 4380 1434 4443 die
1456 4383 1639 4447 novissimo.

1185 4642 1430 4710 ARTICULUS
1454 4646 1512 4709 IV.

973 4792 1022 4852 De
1038 4792 1255 4867 fundamento
1279 4794 1437 4869 religiosae
1456 4798 1721 4870 conversationis,

1048 4880 1114 4938 imo
1129 4887 1158 4939 et
1180 4880 1255 4940 vitra
1275 4882 1433 4941 veraciter
1447 4884 1647 4946 christiana.

174 5071 333 5152 gustinus)
361 5087 471 5131 verum
500 5076 548 5130 est
582 5068 621 5130 de
656 5068 743 5131 omui
776 5068 921 5130 rationali

175 5178 321 5232 creatura
340 5168 510 5231 exsistente
532 5166 675 5247 inculpa
695 5165 832 5229 mortali.
848 5167 922 5230 Ideo

1015 5066 1086 5128 srt
1103 5067 1142 5129 ad
1156 5084 1284 5129 omnam
1300 5076 1444 5149 spectant
1458 5070 1719 5139 Christilidelem:
1736 5101 1867 5155 natiuae.

1029 5184 1086 5245 per
1100 5173 1220 5226 arctam
1240 5166 1324 5227 viam
1343 5166 1452 5230 salutis
1470 5168 1639 5249 incedere;
1656 5192 1722 5255 poe-
1737 5167 1827 5273 ¹2:12&
1844 5242 1867 5283 v.

174 5267 261 5330 addit
288 5265 446 5344 Alhertus,
470 5265 556 5346 quod
583 5282 677 5327 verus
706 5263 864 5345 poeuitens
891 5273 922 5327 et
976 5260 1174 5325 nitentialem
1195 5262 1311 5325 ducere
1334 5264 1450 5343 vitam3
1467 5268 1631 5349 proprium
1653 5290 1769 5335 cor-ac
