4309 6259
523 508 563 555 lin
582 508 673 555 noma
695 506 829 554 SPlnl'l'US
850 506 969 563 stum,
990 506 1167 553 faleratus
1187 508 1231 554 lll.
1254 526 1295 539 -
1314 509 1384 555 altr.
1406 510 1483 557 xvttt
1531 476 1534 483 v
1722 492 1778 559 Ὧι

53 686 205 731 North-xv
208 677 289 741 tim
304 678 387 742 bibit
400 681 440 743 de
454 680 541 757 vino,
558 678 702 762 sapitque
716 681 755 742 de
770 677 864 741 micis
883 684 977 759 atque
993 678 1018 739 Α
1034 676 1158 741 Tertius
1172 698 1248 743 vero
1262 687 1321 757 est,
1337 698 1394 761 per
1408 698 1502 761 quem
1517 698 1576 744 nos
1591 680 1676 762 ipsos
1692 680 1782 762 peni-

228 776 377 859 reliquiis
404 779 444 841 de
472 796 582 839 mensa
609 777 810 841 dominorum
839 775 979 839 cadenti·
1033 782 1084 837 tus
1099 796 1297 858 superamus,
1304 795 1495 860 omnemque
1511 786 1685 841 creaturam
1702 785 1782 840 tran·

228 876 301 937 bus.
318 875 480 953 Praeterea,
501 875 596 937 bomo
620 874 692 936 talis
716 892 843 955 semper
866 873 979 936 intrin-
1034 874 1233 951 scendimus·
1243 874 1351 938 omnia
1365 894 1492 985 quoque
1506 876 1589 939 dona
1604 894 1640 938 ac
1654 876 1782 957 praemia

227 990 336 1034 secam
352 972 493 1055 possidet
510 990 622 1054 pacem
641 980 770 1055 propter
790 990 855 1034 sua
876 971 979 1033 inten-
1033 969 1271 1049 obliviscentes,
1301 975 1339 1036 ad
1377 973 1481 1055 ipsum
1511 973 1609 1037 Deum
1638 992 1716 1055 pure
1745 992 1781 1037 ac

226 1069 327 1131 tionis
355 1070 604 1152 simplicitatem.
634 1069 666 1132 Si
695 1076 801 1131 autem
830 1069 876 1132 sic
903 1076 978 1131 ante
1034 1067 1135 1131 libere
1158 1070 1402 1149 transvolamus,
1419 1070 1451 1132 in
1478 1072 1548 1152 ipso
1573 1079 1722 1152 tanquam
1748 1071 1781 1133 in

225 1166 329 1229 Deum
344 1169 457 1232 stando
471 1176 664 1250 perseveret,
677 1175 754 1229 tunc
768 1167 900 1249 spiritus
913 1166 979 1229 lor·
1033 1166 1198 1229 domicilio
1223 1176 1466 1247 commorantes
1488 1169 1581 1251 eique
1605 1170 1747 1232 dicentes
1771 1193 1778 1231 ε

226 1265 378 1327 titudinis
401 1266 583 1348 duplicatur
607 1266 639 1327 in
664 1284 725 1340 eo,
741 1283 876 1346 moxque
900 1284 919 1326 a
943 1284 977 1327 se
1032 1264 1107 1326 Esto
1127 1264 1204 1326 milri
1226 1264 1259 1325 in
1281 1264 1379 1326 Deum
1404 1273 1614 1347 protectorem
1633 1266 1716 1329 etin
1736 1267 1781 1331 lo-
1794 1286 1833 1331 r..
1847 1300 1893 1342 aa,
1906 1293 1926 1333 a.

226 1362 301 1444 ipso
327 1364 524 1444 demergitur
550 1372 582 1426 et
605 1363 701 1441 cadit,
728 1362 887 1443 liquescit,
912 1380 977 1425 non
1033 1379 1106 1421 cum
1130 1361 1298 1437 munitum,
1317 1370 1351 1423 ut
1375 1362 1497 1423 salvum
1523 1382 1573 1425 me
1599 1362 1708 1427 iacias.
1724 1364 1782 1427 Per

227 1461 406 1523 secundum
445 1461 642 1543 corporalem
680 1460 886 1523 allectionem
926 1461 976 1522 vel
1033 1457 1119 1519 lrunc
1135 1458 1240 1539 itaque
1263 1458 1459 1522 fortitudinis
1481 1462 1613 1541 gradum
1635 1462 1782 1524 immobi-

226 1559 473 1622 conrersionem
510 1578 566 1621 seu
605 1557 898 1639 concupiscentiam
937 1558 976 1619 ad
1033 1554 1162 1617 litamur
1181 1556 1214 1617 in
1239 1556 1313 1633 lieo,
1331 1564 1363 1619 et
1387 1556 1550 1620 caritatem
1576 1577 1699 1621 summe
1724 1560 1783 1621 im-

225 1658 491 1737 consolationem,
501 1657 715 1734 dulcedinem,
726 1657 776 1719 rel
790 1657 898 1737 aliqua
913 1676 979 1719 mu·
1033 1652 1169 1734 plemus,
1197 1652 1490 1718 inconcussibiliter
1516 1656 1650 1718 Domino
1678 1656 1782 1719 adhae-

225 1776 305 1819 nera
319 1756 387 1835 lle-i,
404 1764 439 1818 ut
456 1765 532 1818 sunt
548 1756 640 1837 quies
658 1755 763 1819 cordis
782 1764 813 1818 et
833 1775 903 1838 pax,
921 1755 976 1817 sed
1033 1759 1149 1829 renteS,
1157 1751 1311 1826 Quoniam
1324 1752 1475 1816 fortitudo
1491 1772 1561 1815 mea
1575 1761 1606 1816 et
1621 1754 1780 1836 refugium
1795 1776 1887 1820 urcem.

223 1854 622 1919 omnemconsolationem
637 1873 674 1917 ac
689 1853 773 1917 dona
794 1853 975 1935 pertransit,
996 1852 1141 1914 Bmeum
1170 1870 1204 1913 es
1233 1859 1277 1929 tu,
1308 1851 1465 1914 veraciter
1493 1852 1720 1931 concinentes,
1750 1862 1781 1916 et

222 1962 263 2015 ut
276 1952 430 2015 dilectum
447 1952 598 2014 inveniat.
616 1951 668 2014 Sic
687 1952 783 2016 homo
804 1960 852 2014 est
873 1952 975 2030 lortis,
1033 1949 1163 2011 denuo:
1181 1949 1409 2012 Fortitudinem
1436 1969 1538 2013 meam
1558 1951 1597 2013 ad
1622 1959 1652 2013 te
1677 1960 1781 2015 custo-
1808 1964 1881 2007 Ριι
1898 1978 1927 2017 ιιι,

224 2050 284 2131 qui
309 2051 537 2132 occupationes
561 2051 667 2113 cordis
695 2069 809 2131 resque
837 2058 978 2112 terrenas
1032 2048 1130 2125 diam,
1147 2047 1223 2129 quia
1241 2048 1324 2111 Deus
1347 2058 1510 2131 susceptor
1530 2068 1641 2129 meus3
1658 2070 1781 2113 rursus·
1795 2029 1828 2073 ¹⁰·

224 2148 382 2229 relinquit
395 2157 427 2211 et
442 2148 736 2231 vincitnupliciter
747 2167 873 2231 quoque
887 2148 979 2211 lortis
1033 2164 1095 2227 que
1112 2169 1119 2207 :
1136 2146 1170 2207 ln
1186 2146 1249 2209 Deo
1264 2148 1400 2209 salutare
1415 2167 1520 2209 meum
1535 2157 1567 2211 et
1581 2147 1682 2230 gloria
1697 2168 1778 2229 mea,
1795 2166 1826 2207 r
1815 2176 1881 2215 aa.
1891 2166 1912 2207 a.

223 2247 278 2322 frt,
294 2247 350 2327 qui
369 2263 498 2309 omnem
520 2246 771 2309 consolationem
793 2255 887 2329 atque
908 2246 979 2308 uni·
1033 2241 1116 2303 Deus
1131 2242 1238 2304 auxilii
1260 2243 1334 2321 mei,
1351 2252 1381 2305 et
1401 2261 1473 2324 spes
1493 2263 1563 2306 mea
1583 2244 1615 2307 in
1635 2246 1698 2309 [leo
1719 2255 1778 2312 est.

223 2364 321 2407 versa
335 2344 478 2407 coelestia
492 2345 575 2408 dona
594 2344 765 2427 pertransit
777 2352 811 2407 et
825 2352 975 2427 superat:
1074 2340 1180 2416 Porro,
1197 2340 1250 2421 qui
1272 2340 1337 2402 sint
1355 2340 1491 2404 allectus
1511 2362 1566 2405 seu
1590 2350 1680 2407 actus
1704 2346 1779 2409 doni

223 2445 274 2506 sic
289 2443 377 2505 enim
392 2443 584 2507 homoultra
603 2463 730 2507 ornnem
751 2452 929 2506 creaturam
944 2461 978 2505 se
1034 2436 1240 2514 fortitudinis,
1270 2456 1308 2501 ex
1344 2438 1547 2521 praeinductis
1583 2440 1659 2503 satis
1688 2460 1781 2524 posse

223 2542 335 2623 ipsum
351 2541 467 2603 exaltat
486 2550 518 2603 et
539 2542 654 2623 erigit3
670 2541 784 2621 suique
806 2548 918 2621 potens
939 2558 977 2603 ac
1035 2534 1141 2597 lucere
1156 2535 1278 2617 opinor.
1288 2536 1472 2599 Evidentius
1488 2546 1592 2600 tamen
1608 2538 1779 2622 loquendo,

225 2639 315 2701 liber
349 2638 497 2715 enectus,
527 2658 561 2701 se
595 2638 746 2720 possidet,
781 2657 841 2700 nec
872 2637 979 2719 aliqua
1036 2632 1067 2693 id
1092 2633 1301 2713 pensandum,
1327 2633 1412 2713 quod
1439 2652 1537 2715 quum
1567 2634 1719 2701 lortitudo
1747 2638 1780 2700 in

223 2756 304 2799 eum
319 2744 464 2799 creatura
482 2736 611 2799 vincere
629 2736 680 2799 rel
698 2755 718 2798 a
736 2736 800 2799 Deo
820 2735 979 2797 retrabere
1034 2736 1188 2811 quantum
1212 2736 1261 2791 est
1284 2730 1402 2793 donum
1432 2732 1567 2813 Spiritus
1596 2733 1714 2813 Sancti,
1741 2736 1783 2799 sit

224 2834 326 2897 valet,
1033 2826 1221 2889 lortitudine
1242 2845 1311 2908 quae
1326 2838 1374 2891 est
1388 2824 1488 2893 virtus
1510 2831 1639 2894 moralis
1658 2852 1694 2896 ac
1715 2852 1783 2896 car-

1034 2923 1153 2987 dinalis
1177 2926 1377 3007 prestantior
1401 2936 1495 3009 atque
1523 2928 1682 3011 agibilior,
1711 2932 1783 2995 ideo

998 3022 1235 3105 coperationes
1263 3042 1333 3104 quaa
1357 3022 1537 3088 fortitudini
1561 3028 1716 3090 cardinali
1745 3048 1781 3092 ac

1034 3121 1177 3203 partibus
1193 3122 1275 3203 ejus,
1292 3122 1323 3183 id
1339 3131 1387 3185 est
1402 3123 1572 3187 virtutibus
1587 3124 1648 3188 sibi
1671 3126 1783 3209 adjun-

291 3238 339 3296 ΒΘ
357 3236 519 3311 qradibug
540 3243 638 3313 (uque
658 3238 822 3312 effectibus
840 3236 921 3293 doni
1034 3220 1106 3297 niis,
1123 3220 1329 3299 Conveniunt,
1345 3221 1429 3284 donn
1444 3240 1570 3303 qunque
1585 3222 1783 3288 fortitudinis

492 3324 716 3399 fortitudinis.
1035 3326 1221 3400 competunt
1248 3319 1456 3381 excellentius
1480 3329 1573 3403 atque
1597 3321 1781 3404 perfectius,

1035 3424 1145 3497 utpote
1170 3418 1462 3499 supernaturaliter,
1484 3420 1661 3483 secundum
1686 3420 1785 3502 Spiri-

125 3564 206 3593 ‚m
304 3516 449 3581 uolttltt
461 3516 655 3580 declaratum
668 3517 734 3598 jam
750 3524 860 3595 exstat,
877 3517 981 3581 consi·
1036 3522 1087 3576 tus
1112 3514 1217 3576 Sancti
1244 3513 1401 3577 inlluxum
1426 3533 1462 3577 ac
1491 3534 1595 3598 opem.
1622 3516 1784 3581 Fortitudo

229 3516 302 3717 Q
320 3617 399 3678 lium
413 3624 445 3678 et
459 3615 680 3678 lentitudinem
694 3624 789 3697 prout
802 3617 887 3679 dona
899 3616 982 3679 exsi—
1035 3629 1152 3693 nempe
1167 3630 1237 3693 quae
1252 3612 1350 3673 virtus
1365 3620 1424 3691 est,
1441 3612 1519 3676 lacit
1534 3614 1679 3679 timorem
1701 3635 1784 3679 mor-

226 3722 333 3794 stunt,
348 3714 434 3777 circa
458 3715 603 3777 eamdem
627 3714 748 3777 versari
774 3734 830 3777 seu
854 3714 979 3795 operari
1036 3709 1077 3771 tis
1106 3708 1314 3787 moderatum,
1344 3710 1516 3791 mortisque
1544 3713 1687 3795 pericula
1719 3734 1783 3779 non

226 3812 411 3891 materiam,
434 3813 518 3876 dono
542 3811 670 3875 consilii
695 3811 864 3893 dirigente,
883 3812 981 3876 dono·
1036 3806 1172 3869 nimium
1198 3806 1374 3870 formidari.
1398 3807 1560 3873 Fortitudo
1584 3818 1688 3873 autem
1714 3831 1783 3894 quae

226 3932 297 3994 que
335 3910 531 3975 lortitudinis
566 3910 733 3973 consiliata
767 3918 979 3991 exsequente,
1036 3905 1156 3968 donum
1181 3914 1240 3983 est,
1267 3904 1344 3968 lacit
1369 3924 1426 3986 pro
1450 3906 1514 3969 Deo
1537 3926 1574 3971 ac
1600 3908 1665 3971 lide
1689 3920 1784 3992 atque

136 4046 208 4076 ,va
226 4017 403 4093 propterea
420 4007 575 4089 quidquid
596 4007 743 4090 superius
767 4008 806 4070 de
830 4008 981 4089 gradibus
1035 4002 1159 4084 justitia
1195 4002 1406 4066 libentissime
1440 4005 1518 4085 pati,
1551 4005 1785 4087 jucundissime

225 4107 361 4172 consilii
376 4106 497 4170 dictum
512 4114 570 4184 est,
586 4125 672 4168 nunc
686 4123 813 4187 quoque
831 4108 872 4169 de
892 4105 982 4170 lorti·
1036 4100 1129 4179 mori,
1152 4118 1325 4181 necemque
1350 4102 1453 4183 optari
1475 4126 1482 4164 ι
1505 4102 1588 4166 siout
1611 4107 1650 4167 de
1676 4107 1785 4169 multis

225 4206 346 4269 tudine
368 4204 476 4267 induci
502 4212 619 4286 posset.
643 4204 723 4266 Sunt
746 4204 832 4265 enim
858 4204 983 4267 lortitu-
997 4204 1022 4266 n
1036 4199 1274 4282 gloriosissimis
1299 4198 1412 4261 Christi
1442 4202 1633 4283 martyribus
1657 4204 1782 4286 legitur,

226 4304 321 4369 dinis
335 4311 398 4365 tres
412 4302 540 4384 gradus,
558 4302 641 4365 sicut
659 4300 807 4378 consilii3
824 4302 983 4365 consistit·
1037 4296 1091 4378 qui
1114 4297 1153 4358 ad
1173 4296 1353 4377 passionem
1375 4296 1519 4361 velutad
1538 4300 1648 4381 epulas
1672 4320 1785 4384 prope·

227 4422 297 4484 que
317 4400 438 4482 primus
457 4401 573 4481 gradus
598 4399 794 4462 lentitudinis
818 4400 851 4462 in
877 4419 984 4481 prose-
1036 4402 1156 4471 rarunt,
1188 4394 1336 4475 ipsosque
1369 4396 1606 4461 crudelissimos
1639 4418 1786 4481 perseeu-

226 4500 363 4583 quendo
396 4497 563 4562 consiliata
597 4516 655 4579 per
682 4497 821 4579 primum
855 4498 981 4561 consilii
1038 4502 1122 4556 tores
1142 4491 1225 4554 inlra
1244 4492 1475 4555 immanissima
1495 4496 1606 4558 mortis
1626 4498 1784 4579 supplicia

226 4598 380 4681 gradum,
406 4604 439 4659 et
462 4595 507 4657 ita
529 4596 569 4657 de
597 4594 682 4657 aliis.
707 4596 851 4658 Breviter
876 4604 981 4658 autem
1037 4590 1226 4653 deriserunt.

228 4693 538 4776 tangendo,dicatur
550 4693 634 4773 quod
650 4693 773 4774 primus
786 4692 983 4756 fortitudinis
1077 4688 1230 4767 lienique,
1246 4694 1382 4768 quatuor
1395 4697 1557 4769 ponuntur
1570 4709 1589 4752 a
1603 4690 1707 4755 Tullio
1721 4692 1785 4757 lor-

226 4793 352 4877 gradus
372 4798 431 4869 est,
448 4810 505 4873 per
523 4808 619 4871 quern
643 4799 800 4872 praecepta
823 4791 983 4854 dominica
1037 4786 1183 4849 titudinis
1198 4793 1314 4867 partes,
1332 4786 1480 4849 videlicet
1493 4812 1500 4849 :
1514 4787 1646 4871 liducia,
1662 4793 1786 4873 magni·

228 4889 415 4955 ellicaciter
440 4888 653 4970 adimplemus
680 4888 855 4950 secundum
881 4889 983 4951 subsi-
1038 4886 1180 4966 licentia,
1209 4886 1362 4967 patientia
1396 4894 1427 4949 et
1455 4890 1701 4969 perseverantia.
1730 4892 1785 4955 Est

227 4989 335 5065 dium,
350 4985 508 5048 inlluxum
523 5005 559 5048 ac
576 4994 696 5049 motum
712 4986 847 5069 Spiritus
862 4988 980 5067 Sancti,
1038 4992 1144 5047 autem
1166 4984 1296 5063 liducia,
1314 4993 1399 5047 certa
1424 5004 1496 5067 spes
1519 4988 1618 5050 animi
1644 5008 1710 5053 rem
1736 4990 1784 5053 in-

228 5094 390 5170 quantum
405 5085 445 5147 ad
464 5084 598 5145 salutem
620 5084 801 5164 requiritur,
818 5085 982 5149 Secundus
1038 5084 1183 5146 choatam
1211 5084 1403 5163 perducendi
1433 5085 1471 5146 ad
1500 5085 1612 5149 linem.
1639 5088 1784 5169 Magnifi-

227 5185 351 5268 gradus
365 5183 402 5244 in
422 5180 648 5263 adimpletione
669 5181 876 5245 consiliorum
896 5185 984 5247 Cbri-
1038 5182 1143 5245 centia
1159 5198 1233 5243 vero
1254 5189 1303 5243 est
1323 5201 1427 5244 rerum
1450 5182 1627 5264 ingentium
1648 5186 1785 5248 admini-

230 5284 276 5347 sti
292 5280 450 5359 consistit,
467 5279 501 5343 in
519 5287 672 5360 quantum
695 5280 851 5362 prolessio
872 5283 980 5365 exigit.
1039 5279 1148 5345 stratio
1177 5279 1326 5361 praeclara
1353 5298 1389 5343 aa
1424 5280 1600 5362 splendida.
1629 5282 1784 5352 Patientia

369 3050 376 3057 ’
406 3085 650 3151 surrectus
675 3086 802 3150 xvm.
