4309 6259
451 460 490 525 ll
856 482 1015 530 nxrosrrro
1035 481 1135 529 urum
1158 482 1165 527 :
1189 480 1240 528 aro
1260 481 1315 528 nsr
1334 482 1404 529 nrrs
1424 482 1522 530 vanos
1542 482 1594 531 oar

452 670 513 732 pus
540 650 609 713 Dei.
631 650 718 715 'Hinc
746 652 785 715 de
813 652 936 717 Christo
968 652 1001 717 in
1034 651 1200 735 evangelio
1215 654 1242 716 A
1256 650 1291 716 in
1305 651 1445 717 unadie.
1461 654 1560 733 Tunc,
1576 651 1718 736 inquam,
1735 649 1866 736 sanguis
1887 648 2009 715 Christi

316 765 440 816 eman,
454 747 486 811 S.
510 748 640 811 loannis
663 747 846 832 frequenter
869 752 1030 829 asseritur,
1054 750 1201 814 Nondum
1255 751 1288 814 id
1302 751 1368 834 egit
1388 760 1541 832 quantum
1563 752 1601 815 ad
1618 751 1863 830 sufficientiam,
1879 749 2008 814 etitem

308 829 341 871 ³⁰·
455 846 544 909 venit
564 846 642 910 hora
663 847 753 929 ejus3
777 858 831 913 aut
852 850 956 913 simile
978 849 1110 930 aliquid,
1134 858 1169 911 ut
1191 872 1199 911 :
1256 857 1409 931 quantum
1423 850 1463 913 ad
1477 848 1688 914 efficientiam
1707 852 1812 932 quoad
1827 857 1956 913 sanctos
1971 849 2008 910 in

345 950 405 995 reu.
419 952 440 994 ⁶·
456 943 593 1027 Tempus
608 964 713 1009 meum
724 949 866 1011 nondum
880 948 1080 1012 advenit.Sic
1095 947 1201 1029 itaque
1255 948 1355 1012 limbo
1375 948 1530 1028 detentos,
1546 950 1601 1031 qui
1623 950 1731 1013 anima
1749 949 1865 1013 Christi
1887 949 1928 1011 ad
1950 966 2008 1010 eos

455 1041 495 1105 de
521 1042 579 1106 hoc
602 1044 655 1106 die
683 1044 881 1109 solennitatis
904 1046 1064 1129 paschalis
1087 1044 1201 1109 merito
1254 1047 1478 1126 descendente,
1494 1048 1640 1130 protinus
1654 1048 1753 1111 Deum
1769 1048 1879 1111 videre
1898 1065 2008 1128 coepe-

456 1140 581 1204 canitur
597 1164 604 1204 :
1255 1154 1330 1208 runt
1343 1165 1400 1227 per
1421 1146 1572 1228 speciem,
1588 1147 1693 1210 ablato
1714 1146 1782 1228 jam
1803 1153 1893 1209 reatu
1907 1144 2009 1226 origi-

373 1238 387 1293 1
496 1242 560 1301 Hic
578 1249 624 1301 est
643 1242 714 1301 dies
734 1262 830 1304 verus
844 1245 918 1313 Dei,
934 1242 966 1305 id
988 1250 1036 1305 est
1056 1240 1125 1304 dies
1146 1241 1201 1324 qui
1255 1242 1338 1305 nafis
1353 1242 1476 1325 peccati
1490 1242 1592 1324 pretio
1606 1242 1772 1325 sanguinis
1787 1241 1915 1305 Christi.
1931 1241 2009 1303 Por-

456 1352 530 1397 vere
554 1343 585 1397 et
607 1344 737 1417 propter
760 1337 877 1401 realem
902 1337 1066 1401 veritatem
1095 1357 1200 1400 rerum
1256 1359 1291 1404 ro
1314 1342 1348 1403 in
1377 1341 1428 1404 die
1457 1342 1708 1421 resurrectionis,
1732 1341 1847 1404 Christi
1871 1340 2007 1421 sanguis

454 1439 614 1513 gestarum
638 1433 845 1515 spiritualiter
865 1434 1057 1498 adscribitur
1078 1435 1201 1498 Christe
1256 1459 1345 1502 sacer
1359 1439 1392 1501 id
1406 1439 1483 1502 fecit
1497 1438 1531 1501 in
1546 1439 1737 1522 quibusdam
1757 1437 1934 1502 viatoribus
1948 1456 2008 1519 per

454 1549 490 1593 ac
505 1530 562 1593 toti
578 1532 1202 1616 supersublimiTrinitati,propterChri·
1255 1536 1476 1618 efficientiam,
1502 1538 1557 1619 qui
1581 1545 1658 1601 tunc
1681 1535 1781 1601 fidem
1809 1546 1842 1600 et
1869 1535 2007 1619 gratiam

453 1628 493 1691 sti
522 1630 785 1694 resurrectionem
813 1638 845 1694 ct
873 1631 1072 1712 frequentem
1105 1650 1201 1713 appa·
1255 1636 1542 1716 recuperaverunt,
1558 1643 1634 1697 tunc
1650 1634 1727 1697 item
1742 1634 1873 1716 sanguis
1887 1631 2007 1696 Christi

453 1726 600 1791 cilionem
622 1726 655 1790 in
678 1728 730 1792 die
751 1729 823 1807 istc,
840 1737 871 1792 θῖ
892 1728 954 1792 alia
975 1729 1084 1811 gratiae
1105 1738 1200 1810 atque
1254 1729 1333 1794 fecit
1358 1731 1418 1795 hoc
1444 1731 1548 1813 ipsum
1578 1739 1732 1812 quantum
1755 1732 1796 1794 ad
1820 1728 2007 1793 manifesta-

452 1826 600 1907 potentia
615 1846 679 1891 sue
694 1846 790 1909 opera
805 1827 856 1891 die
873 1828 933 1891 iste
948 1826 1109 1906 exhibita,
1125 1848 1198 1888 san·
1217 1827 1241 1890 B
1256 1830 1387 1907 tionem,
1414 1831 1517 1911 quoad
1541 1848 1596 1893 eos
1620 1830 1736 1912 quibus
1759 1828 1900 1892 innotuit
1928 1837 2007 1890 tunc

450 1934 499 1984 cto
521 1945 655 1985 serenus
677 1928 813 1997 tamine,
830 1926 861 1989 id
883 1934 931 1989 θεῖ
952 1926 1056 1990 clarus
1078 1926 1199 1989 lumine
1255 1927 1378 1991 fructus
1392 1927 1829 2010 dominfcaepassionis.llinc
1842 1926 2004 2007 sequitur:

452 2021 635 2100 Salvatoris,
652 2031 685 2085 et
698 2022 893 2086 clarificatus
913 2024 1053 2106 potentia
1074 2043 1138 2087 suae
1153 2043 1200 2085 re-
1294 2028 1409 2087 Fidem
1426 2028 1605 2103 refundens
1615 2028 1771 2101 perditis,
1786 2045 1945 2105 coeccsque
1960 2026 2009 2083 vi·
2077 2032 2094 2084 2

453 2120 658 2183 surrectionis
691 2140 728 2184 ac
759 2121 950 2204 refulgentia
980 2142 1044 2185 suat
1075 2121 1201 2205 appari·
1255 2144 1293 2183 εει
1311 2124 1514 2183 illuminans.
1522 2122 1792 2196 Quemadmodum
1806 2121 1929 2184 dictum
1943 2129 2005 2199 est,
2022 2144 2106 2199 psas

452 2217 560 2296 tionis,
596 2218 667 2281 luce
699 2237 825 2301 quoque
858 2240 922 2283 suae
958 2220 1200 2303 sapientissimas
1255 2219 1390 2301 tempori
1404 2218 1628 2281 adscribuntur
1642 2238 1680 2282 ea
1694 2237 1763 2301 quae
1778 2218 1863 2281 fiunt
1878 2218 1912 2280 in
1926 2227 2008 2281 tem-

453 2314 701 2396 informationis,
718 2336 781 2399 qua
802 2335 856 2380 eos
878 2317 1064 2381 informavit
1085 2317 1201 2399 quibus
1256 2336 1332 2400 pore
1349 2341 1356 2379 ε
1373 2325 1405 2379 θῖ
1419 2316 1465 2379 εἰθ
1486 2317 1554 2380 dies
1574 2317 1743 2381 dominicae
1762 2317 2006 2381 resurrectionis

453 2413 611 2495 apparuit,
641 2422 673 2476 et
700 2414 777 2477 item
810 2415 981 2497 multiplici
1010 2414 1111 2497 gratia
1139 2433 1201 2495 qua
1255 2414 1440 2497 perhibetur
1461 2438 1477 2474 «
1500 2416 1633 2497 perditis
1655 2437 1685 2493 n,
1707 2415 1739 2478 id
1760 2424 1810 2478 est
1830 2415 2006 2479 incredulis

454 2510 676 2574 consolabatur
690 2529 744 2575 cos
759 2512 918 2590 tuno,imo
933 2521 964 2576 et
978 2521 1104 2576 sanctos
1121 2530 1201 2594 quos
1256 2522 1288 2576 et
1302 2511 1433 2594 iniquis,
1449 2511 1547 2575 fidem
1563 2512 1743 2593 refundere,
1757 2513 1833 2594 quia
1847 2532 1906 2595 per
1919 2512 2008 2577 Chri-

454 2608 514 2671 hoc
538 2608 590 2671 die
614 2609 653 2672 de
677 2609 776 2674 limbo
799 2611 919 2689 eduxit,
938 2610 1028 2692 juxta
1048 2610 1128 2671 illud
1148 2610 1203 2672 Za·
1259 2612 1298 2673 sti
1320 2611 1584 2674 resurrectionem
1606 2611 1764 2694 praecipue
1784 2621 1941 2694 reparata,
1957 2630 2008 2675 ro

344 2736 358 2765 a
390 2707 569 2774 .1x‚chariae
596 2730 603 2768 :
631 2709 675 2771 Tu
703 2728 840 2791 quoque,
864 2709 897 2772 in
926 2708 1082 2790 sanguine
1109 2716 1204 2771 testa·
1256 2710 1365 2772 borata
1385 2717 1416 2771 et
1437 2717 1529 2772 aucta
1552 2718 1601 2772 est
1624 2709 1707 2772 fides
1730 2710 1899 2790 catholica,
1923 2710 2007 2776 sicut

336 2815 343 2828 ⁰
454 2805 552 2868 menti
569 2804 625 2882 tui,
643 2807 776 2869 emisisti
793 2808 918 2871 vinctos
932 2815 1003 2869 tuos
1022 2806 1061 2869 de
1081 2806 1153 2869 lacu
1168 2806 1202 2868 in
1256 2825 1313 2888 per
1336 2807 1406 2888 eius
1430 2807 1624 2888 sepulturam
1649 2806 1817 2869 videbatur
1844 2808 2006 2891 precipue

454 2922 517 2985 quo
541 2923 604 2967 non
630 2912 679 2967 est
701 2924 793 2987 aqua.
820 2906 892 2969 ldeo
916 2904 1070 2988 scriptum
1099 2912 1203 2967 estet
1257 2912 1419 2983 evacuata,
1445 2904 1479 2966 in
1504 2912 1626 2967 tantum
1650 2906 1735 2986 quod
1758 2905 1910 2988 discipuli
1935 2906 2005 2986 ejus

341 3032 360 3061 ι.
377 3032 389 3061 c
404 3031 440 3069 m,
454 3002 675 3085 prophetatum
704 3005 743 3066 de
771 3004 823 3066 die
847 3003 907 3066 hoc
934 3026 941 3065 :
967 3003 1038 3065 Haec
1062 3010 1110 3065 est
1133 3002 1238 3067 diesC
1257 3002 1404 3064 dixerunt
1429 3026 1436 3065 :
1460 3001 1522 3065 Nos
1546 3010 1652 3065 autem
1677 3002 1894 3085 sperabamus.
1917 3004 2005 3066 Unde
2035 3036 2135 3079 mm,

336 3110 342 3123 ·
454 3119 550 3182 quam
575 3100 652 3163 fecit
675 3101 848 3180 Dominus3
873 3102 1066 3164 exsultemus
1092 3109 1123 3163 θῖ
1150 3101 1203 3163 lae-
1256 3100 1397 3182 Apostoli
1431 3100 1633 3181 potissimum
1666 3110 1858 3163 curaverunt
1890 3101 2005 3164 Christi
2019 3102 2058 3143 ²¹·

454 3205 558 3261 temur
573 3198 606 3260 in
620 3217 668 3261 ea.
686 3198 737 3261 Sic
752 3200 881 3261 demum
903 3198 1038 3279 intelligi
1054 3206 1158 3281 potest
1171 3206 1204 3261 et
1256 3198 1521 3262 resurrectionem
1545 3200 1689 3281 probare,
1713 3200 1796 3262 sicut
1817 3199 1851 3261 in
1873 3200 2005 3262 Actibus

455 3296 615 3359 verificari
638 3297 723 3377 quod
739 3296 768 3359 S.
785 3296 937 3359 Maximus
960 3296 1073 3379 praesul
1089 3316 1126 3359 ac
1147 3297 1201 3359 alii
1256 3315 1365 3360 eorum
1391 3296 1540 3359 recitatur
1566 3321 1573 3359 :
1601 3296 1723 3360 Virtute
1751 3316 1867 3378 magna
1895 3299 2006 3361 redde
2019 3326 2075 3367 uer.
2085 3325 2135 3368 ms

454 3394 583 3475 quidam
609 3394 716 3457 Sancti
740 3394 915 3474 affirmant,
942 3395 1040 3457 solem
1065 3394 1202 3457 hoodie
1255 3395 1333 3458 bant
1355 3394 1497 3477 Apostoli
1522 3394 1738 3457 testimonium
1762 3396 2006 3460 resurrectionis

454 3494 547 3556 solito
570 3492 687 3555 clarius
706 3512 872 3555 coruscare
890 3516 897 3553 :
914 3510 978 3555 non
993 3494 1077 3575 quod
1093 3492 1134 3555 sit
1147 3512 1202 3555 au·
1255 3494 1329 3556 lesu
1353 3491 1467 3554 Christi
1492 3492 1617 3554 Domini
1641 3493 1752 3556 nostri.
1778 3495 1845 3557 lmo
1868 3503 1901 3557 et
1929 3502 2006 3557 tuno

453 3590 629 3674 gmentatio
652 3590 734 3653 lucis
756 3590 790 3653 in
812 3592 883 3673 ipso
906 3590 1030 3654 realiter
1052 3591 1129 3671 sole,
1146 3593 1202 3654 sed
1257 3596 1421 3671 coeperunt
1447 3589 1588 3671 Apostoli
1624 3589 1657 3651 in
1685 3587 1751 3653 fide
1786 3590 1921 3671 firmari,
1950 3592 2006 3673 qui

453 3690 542 3772 juxta
556 3688 686 3751 modum
709 3689 859 3769 loquendi
881 3690 1060 3771 Scriptura,
1078 3707 1141 3769 quo
1155 3690 1203 3751 ln·
1258 3695 1398 3767 tempore
1413 3684 1571 3767 passionis
1591 3693 1622 3747 et
1642 3687 1812 3767 sepultura
1827 3687 1958 3750 fuerunt
1971 3688 2006 3750 in

453 3788 590 3851 minaria
606 3787 678 3851 coeli
701 3787 818 3851 clarius
833 3788 1000 3869 splendere
1021 3787 1204 3850 autobscu-
1256 3804 1293 3847 ea
1322 3783 1524 3846 scandalizati
1553 3802 1590 3846 ac
1618 3783 1785 3863 infirmati,
1815 3785 1849 3847 in
1882 3792 2005 3849 tantum

453 3885 516 3947 rari
532 3883 714 3947 scribuntur
728 3884 904 3948 secundum
918 3885 1003 3966 quod
1018 3881 1203 3947 hominibus
1256 3884 1341 3963 quod
1366 3882 1514 3963 princeps
1542 3899 1652 3944 eorum
1677 3883 1772 3965 coepit
1796 3885 2007 3948 anathemati·
2028 3912 2135 3957 um.

455 3983 488 4045 in
511 3982 590 4065 ipsis
616 3982 729 4045 dicbus
752 3982 873 4063 majora
893 4001 1045 4066 prospera
1070 4002 1127 4045 seu
1150 3983 1204 4044 ad·
1255 4000 1326 4042 aare
1347 3988 1380 4043 et
1400 3979 1506 4042 dicere
1530 4002 1537 4041 ε
1558 3980 1636 4054 Quia
1657 3998 1721 4043 non
1744 3981 1819 4043 novi
1840 3983 2005 4045 bominem
2019 3980 2058 4020 ⁷¹·

455 4101 548 4145 versa
569 4081 731 4144 eveniunt.
749 4082 834 4145 Unde
857 4102 913 4164 per
927 4081 1124 4144 Ezechielem
1144 4081 1204 4144 Do-
1257 4078 1364 4140 istum.
1381 4078 1496 4139 Verum
1520 4078 1579 4140 boc
1601 4077 1652 4140 die
1674 4078 1812 4141 confessi
1835 4088 1910 4142 sunt
1931 4081 2007 4163 quia

335 4196 422 4241 rma.
456 4180 563 4243 minus
578 4181 718 4263 loquitur
731 4180 883 4244 Pharaoni
898 4180 1012 4254 :Quum
1028 4181 1202 4244 exstinctus
1218 4184 1242 4245 [ῖ
1258 4176 1392 4239 surrexit
1424 4176 1576 4239 Dominus
1609 4196 1682 4238 vere
1715 4183 1746 4238 et
1779 4179 1928 4259 apparuit
1960 4179 2007 4241 Si·
2036 4202 2135 4247 rme

307 4273 372 4311 '¹¹¹¹'
386 4262 407 4309 ⁷·
422 4262 440 4302 ⁸·
455 4278 568 4358 fueris,
589 4281 730 4363 operiam
753 4280 850 4343 coelos
873 4279 1021 4362 caligine,
1043 4288 1074 4342 et
1094 4280 1203 4343 omnia
1258 4273 1358 4337 moni.
1375 4273 1425 4336 Sic
1440 4291 1566 4355 quoqne
1577 4272 1645 4335 dies
1660 4272 1730 4351 iste,
1748 4274 1779 4335 id
1801 4283 1850 4337 est
1864 4275 2007 4340 Christus
2021 4268 2060 4309 ³⁴·

456 4378 626 4442 luminaria
642 4378 714 4442 coeli
729 4398 862 4442 moerere
878 4386 1018 4461 superte
1033 4377 1160 4441 faciam.
1259 4373 1293 4434 in
1315 4372 1367 4434 die
1388 4372 1460 4449 hoc,
1478 4372 1669 4433 illuminavit
1690 4394 1707 4431 a
1729 4390 1829 4435 caecos
1852 4396 1882 4452 n,
1905 4375 1938 4438 id
1960 4384 2009 4438 est

496 4482 564 4547 Quo
583 4480 685 4539 diluit
700 4482 952 4555 conquiescam,
967 4477 1072 4555 idest,
1089 4475 1205 4558 pretio
1259 4471 1400 4553 peccatis
1422 4478 1454 4531 et
1475 4469 1663 4532 infidelitate
1685 4478 1869 4551 anteactos,
1885 4473 2008 4536 lumine

455 4598 509 4643 sus
530 4586 563 4641 et
584 4585 711 4639 sanctus
733 4575 847 4639 Christi
864 4600 880 4635 u
897 4575 1027 4657 sanguis
1042 4598 1058 4635 >›
1081 4582 1114 4637 et
1134 4574 1205 4655 ejus
1261 4568 1338 4631 fidei
1367 4567 1598 4649 splendoreque
1629 4568 1737 4649 gratia
1770 4588 1807 4631 ac
1840 4570 2007 4636 virtutum.

454 4674 573 4739 effusio
587 4672 706 4737 delevit
720 4680 752 4735 et
762 4672 1074 4754 expiavitprobrosa
1086 4671 1207 4730 mundi
1261 4668 1326 4729 lmo
1340 4666 1529 4730 resurrectio
1545 4666 1658 4729 Christi
1674 4665 1758 4729 facta
1779 4668 1840 4731 hoc
1862 4670 1927 4750 die,
1943 4680 2009 4735 toto

455 4774 614 4843 crimina,
638 4770 671 4834 id
699 4778 748 4834 est
776 4770 854 4832 vitia
877 4768 1044 4832 hominum
1070 4765 1207 4847 ignomi-
1261 4765 1338 4828 orbe
1352 4772 1506 4827 terrarum
1528 4764 1723 4826 illuminavit
1742 4765 1880 4845 gentiles
1895 4770 2011 4832 multa-

455 4872 557 4949 niosa,
579 4868 783 4953 improperiis
806 4877 900 4949 atque
925 4864 1074 4929 convitiis
1098 4865 1203 4946 plena,
1261 4882 1323 4945 que
1351 4861 1453 4925 millia
1476 4863 1654 4925 ludaeorum
1682 4863 1721 4924 ad
1750 4864 1945 4929 credendum
1975 4869 2009 4931 in

454 4966 728 5045 inhonestissime,
758 4966 953 5029 detestanda.
981 4963 1206 5026 Verumtamen
1261 4961 1432 5039 Christum,
1452 4968 1548 5042 prout
1569 4961 1653 5041 apud
1676 4959 1788 5022 lsaiam
1811 4962 1896 5025 Deus
1919 4965 2010 5029 Pater

456 5068 542 5131 istud
566 5065 645 5130 fecit
667 5063 798 5146 sanguis
820 5062 936 5126 Christi
960 5062 995 5124 in
1017 5062 1070 5124 die
1095 5068 1206 5124 sancto
1262 5058 1402 5140 loquitur
1416 5058 1538 5121 Christo
1555 5081 1563 5120 ε
1580 5058 1656 5120 Dedi
1671 5066 1701 5120 te
1716 5058 1749 5119 in
1765 5058 1868 5123 foedus
1883 5064 2008 5145 pepuli,
2033 5099 2069 5143 1,
2083 5101 2135 5141 n„

454 5168 655 5241 Parasceves,
677 5164 716 5226 de
737 5180 800 5243 quo
821 5180 879 5244 per
898 5160 1080 5223 Zachariam
1101 5158 1207 5221 Domi·
1261 5158 1296 5220 in
1311 5158 1415 5219 lucem
1436 5156 1592 5238 gentium,
1608 5163 1644 5217 ut
1663 5155 1803 5237 aperires
1824 5161 1935 5224 oculos
1950 5181 2010 5225 car
2024 5164 2046 5204 ⁷·
2133 5189 2134 5204 ε

305 5282 441 5337 laesum.
456 5286 518 5329 nus
533 5260 786 5329 dixitzrluferam
801 5258 1001 5342 iniquitatem
1013 5265 1104 5322 terrae
1118 5256 1207 5320 illius
1262 5274 1383 5320 corum.
1403 5255 1439 5317 ln
1460 5256 1572 5319 eodem
1592 5272 1719 5336 quoque
1739 5253 1905 5340 Propheta,
1921 5260 2011 5325 Chri-
