4309 6259
347 492 387 538 na
408 491 556 539 moerens
578 491 784 539 smonssrun
805 492 842 539 m
862 494 1030 541 recturus
1050 494 1234 553 minusue,
1257 494 1315 541 rsa
1336 494 1442 541 uonuu
1462 492 1610 541 somnus
1695 474 1754 539 131)

202 660 353 743 diliglmt,
369 681 488 745 eosque
501 664 606 727 denuo
628 663 782 729 immense
797 664 993 747 rediligis,h
1048 664 1177 749 llagnus
1204 662 1356 729 Dominus
1389 672 1422 727 et
1450 662 1619 727 laudabilis
1646 661 1753 743 nimis,

203 768 237 823 et
251 758 285 822 iu
300 758 381 842 ipsis
396 762 675 844 superdulcissime
689 782 883 846 perseveras.
1008 770 1040 827 et
1054 762 1284 845 magnitudinis
1298 762 1370 844 ejus
1383 780 1448 827 uon
1462 770 1512 825 est
1525 759 1613 824 linis.

245 858 334 922 Pacis
348 868 410 923 tun
423 860 569 937 dulcedo,
583 878 602 923 o
617 861 752 925 Trinitas
767 860 950 945 superlelix,
1048 860 1216 925 Generatio
1243 869 1275 923 et
1302 860 1465 942 generatio
1493 859 1634 923 laudabit
1660 878 1757 942 opera

202 966 254 1021 est
268 977 396 1040 prorsus
417 959 594 1037 immensa;
610 966 642 1021 et
661 959 788 1024 unionis
803 968 864 1022 tuae
878 978 952 1023 con·
1010 968 1073 1039 tua,
1091 968 1122 1023 ct
1136 959 1310 1042 potentiam
1326 968 1412 1023 tuam
1427 958 1689 1042 pronuntiabunt.

201 1057 340 1139 junctio,
357 1056 636 1121 consubstantialis
651 1077 687 1121 ac
703 1058 876 1122 individua.
1047 1057 1317 1140 blegnilicentiam
1344 1057 1453 1139 glorie
1487 1056 1663 1120 sanctitatis
1694 1064 1756 1119 tuas

246 1156 303 1234 Tu,
319 1156 402 1219 Deus
422 1163 549 1233 eterne,
565 1176 600 1219 es
621 1166 711 1219 actus
732 1177 840 1239 purus,
862 1176 952 1221 mens
1009 1156 1189 1237 loquentur,
1205 1164 1238 1218 et
1250 1155 1408 1219 mirabilia
1421 1164 1476 1218 tua
1489 1155 1674 1219 narrabunt.

203 1262 361 1337 separata,
381 1254 645 1318 honoratissimus
671 1256 862 1336 intellectuS,
882 1256 953 1318 uui·
1048 1254 1087 1319 Et
1107 1254 1257 1317 virtutem
1278 1253 1469 1317 terribilium
1488 1262 1615 1317 tuorum
1636 1252 1754 1333 dicent,

203 1370 370 1415 versorum
392 1351 481 1434 origo
503 1360 534 1414 et
555 1352 643 1416 linis.
660 1353 703 1415 Te
723 1352 794 1433 jore
809 1354 950 1434 laudant,
1009 1361 1039 1415 et
1055 1353 1307 1435 magnitudinem
1321 1361 1409 1415 tuam
1423 1352 1607 1415 narrabunt.

203 1451 348 1529 adorant,
369 1448 553 1531 glorificant
575 1468 686 1515 omnes
708 1459 857 1515 creaturae
879 1460 950 1515 tun.
1048 1451 1231 1515 ldemoriam
1259 1451 1462 1514 abundantio
1495 1450 1661 1513 suavitatis
1696 1460 1757 1514 tuae

247 1549 289 1612 Tc
301 1549 496 1613 calidissimo
507 1550 625 1628 animo,
633 1550 856 1615 ardentissima
865 1570 954 1615 meu·
1009 1550 1210 1629 eructabunt,
1227 1560 1259 1614 et
1272 1550 1396 1631 justitia
1409 1558 1465 1613 tua
1477 1549 1689 1613 exsultabunt.

203 1656 248 1728 te,
257 1648 469 1711 sacratissima
481 1648 645 1731 Seraphim
659 1649 778 1732 jugiter
791 1650 954 1713 intuentur
1048 1650 1211 1712 ldiserator
1242 1658 1274 1712 et
1301 1648 1481 1712 misericors
1509 1648 1672 1726 Dominus,
1702 1667 1757 1731 pa-

202 1755 237 1811 et
251 1746 399 1828 diligunt.
415 1747 458 1809 Te
478 1744 712 1829 sapientissimo
727 1749 833 1829 corde,
848 1750 954 1812 ocula-
1009 1748 1102 1817 tiens,
1119 1756 1151 1810 et
1164 1746 1301 1810 multum
1316 1744 1507 1809 misericors.

202 1852 236 1907 ta
256 1844 426 1907 Cherubim
445 1846 602 1907 mirantur
622 1854 716 1927 atque
738 1846 950 1929 conspiciunt.
972 1847 995 1910 ll
1049 1845 1163 1908 Suavis
1177 1844 1329 1909 Dominus
1344 1844 1513 1922 universis,
1531 1852 1563 1907 et
1581 1843 1758 1908 miseratio-

201 1942 288 2021 Tihi,
302 1942 447 2023 Domine,
463 1943 579 2006 Throni
595 1944 686 2007 sedes
702 1951 790 2023 sunt,
805 1954 834 2008 te
848 1946 954 2009 Domi·
1009 1964 1066 2007 nes
1082 1944 1154 2025 ejus
1169 1943 1386 2026 superomnia
1400 1961 1497 2024 opera
1511 1943 1593 2023 ejus.

201 2042 351 2105 nationes
367 2041 515 2120 adorant;
528 2061 546 2103 s
561 2049 591 2105 tc
603 2042 740 2105 Virtutes
756 2043 952 2126 dependent;
1048 2041 1154 2107 Gloria
1167 2041 1259 2105 Patri.

199 2148 235 2202 te
261 2140 431 2203 Potestates
457 2140 639 2203 formidant.
662 2140 732 2203 Tibi
757 2141 954 2225 Principatus
1047 2144 1126 2203 Ant.
1149 2140 1232 2201 lleus
1253 2146 1286 2202 et
1304 2139 1395 2202 Pater
1414 2138 1539 2201 Domini
1562 2138 1661 2203 nostri
1682 2138 1755 2201 lesu
1774 2159 1901 2217 ephsau,

202 2238 400 2315 ministrant,
417 2238 606 2320 Archangeli
623 2246 746 2321 parcnt,
762 2239 874 2322 dugeli
890 2260 954 2303 ser·
1008 2236 1135 2317 Christi,
1155 2257 1194 2300 ex
1215 2254 1279 2319 quo
1299 2236 1404 2300 omnis
1425 2235 1597 2318 paternitas
1619 2236 1651 2299 in
1673 2236 1756 2300 coelo
1771 2225 1840 2268 ¹⁸¹⁷·

200 2337 309 2399 viunt.
1008 2344 1039 2399 et
1054 2336 1088 2398 in
1103 2344 1187 2399 terra
1200 2334 1393 2415 nominatur,
1407 2336 1460 2397 det
1474 2334 1565 2398 nobis
1580 2335 1755 2398 secuudum

247 2435 289 2497 Te
304 2454 368 2516 pros
383 2436 508 2498 cunctis
523 2442 554 2497 et
569 2434 704 2517 siugulis
719 2436 825 2499 animo
838 2436 953 2500 Christi
1009 2433 1138 2497 divitias
1158 2432 1267 2514 glorio
1290 2452 1366 2511 sun,
1389 2433 1539 2496 virtutem
1559 2432 1756 2497 corroborari

199 2532 370 2613 cognoscit
390 2540 423 2595 et
442 2532 558 2615 diligit,
580 2532 631 2595 cui
654 2532 750 2615 Virgo
771 2534 955 2597 Christilera
1010 2532 1042 2595 in
1059 2531 1201 2596 interiori
1217 2530 1347 2595 homine
1361 2530 1581 2614 perspiritum
1592 2531 1755 2611 Sanctum,

199 2638 308 2693 exstat
321 2629 496 2693 simillima.
1009 2630 1153 2693 habitere
1172 2629 1331 2693 Christum
1355 2648 1412 2712 per
1432 2628 1531 2692 iidem
1553 2628 1586 2690 in
1607 2627 1757 2691 cordibus

246 2728 289 2790 Te
303 2727 490 2791 Patriarchae
503 2728 697 2810 glorificant,
713 2729 876 2813 Prophetes
891 2732 955 2795 col·
1010 2728 1139 2791 uostris.

199 2826 347 2906 laudant,
363 2826 567 2909 Apostolique
583 2826 801 2909 magnificant.
816 2828 858 2891 Te
873 2849 955 2892 mar·
1049 2832 1128 2889 Ant.
1147 2826 1188 2889 Te
1202 2827 1295 2889 decet
1308 2826 1388 2889 laus.

198 2932 290 3005 tyrus
324 2923 528 3001 benedicunt,
565 2923 763 2989 confessores
803 2928 951 3006 exaltant,
1272 2929 1500 2988 Psalmus68.

199 3022 346 3103 virgines
361 3030 478 3100 amant,
495 3040 668 3105 omnesque
688 3024 780 3088 electi
795 3025 951 3089 adorant:
972 3024 994 3087 C
1050 3022 1168 3086 Exaudi
1194 3042 1256 3102 mc,
1277 3023 1421 3103 Domine,
1443 3024 1593 3104 quoniam
1618 3023 1759 3106 benigne
1785 3051 1889 3095 pm„

199 3120 357 3202 quoniam
387 3130 420 3183 tu
456 3121 541 3185 solus
570 3130 685 3185 cuncta
720 3122 753 3184 in
789 3122 953 3187 inlinitum
1011 3130 1059 3184 est
1083 3121 1301 3185 misericordia
1322 3129 1396 3199 tua,
1419 3122 1594 3185 secundum
1616 3122 1758 3186 multitu·
1774 3115 1844 3157 ¹⁷⁴⁹·

153 3300 156 3303 Ι
198 3219 346 3296 excellis,
377 3228 409 3283 ct
444 3220 488 3282 tui
524 3220 760 3302 comparatione
795 3231 844 3285 est
871 3232 955 3287 totus
1010 3221 1119 3283 dinem
1148 3219 1388 3283 miserationum
1416 3228 1542 3283 tuarum
1574 3222 1697 3304 respice
1725 3222 1758 3285 iu

37 3354 50 3383 ι
71 3352 115 3389 ιι.
173 3368 181 3380 .
199 3317 346 3380 mundus
360 3325 510 3399 tanquam
526 3318 632 3400 pulvis
647 3319 791 3401 exiguus.
808 3321 853 3383 Tu
869 3321 955 3385 solus
1012 3337 1074 3383 me.

200 3416 393 3495 immensus,
416 3424 563 3496 aeternus,
579 3415 781 3499 omnipotens
803 3420 954 3503 nulloque
1051 3416 1090 3479 Et
1103 3436 1144 3479 ne
1159 3424 1282 3479 avertas
1298 3416 1414 3480 laciem
1429 3424 1516 3481 tuam
1532 3437 1550 3480 a
1563 3436 1662 3500 puero
1681 3426 1757 3499 tuo;

199 3532 316 3596 egens,
346 3514 472 3595 penitus
507 3514 652 3596 simplex,
683 3516 869 3581 naturaliter
900 3518 955 3581 ho-
1011 3513 1163 3595 quoninm
1178 3512 1324 3591 tribulor,
1340 3512 1494 3576 velociter
1506 3513 1619 3576 exaudi
1635 3533 1697 3577 me.

198 3632 278 3692 uus,
302 3612 514 3676 essentialiter
538 3621 667 3676 sanctus
692 3612 955 3680 substantialiter·
1051 3612 1182 3675 lutcude
1214 3611 1330 3674 animae
1361 3631 1450 3689 men,
1488 3621 1520 3674 et
1533 3612 1633 3675 libera
1666 3631 1758 3690 eam3

198 3730 270 3793 quc
285 3708 456 3793 perlectus,
474 3711 575 3773 trinus
590 3722 622 3775 et
637 3731 732 3776 unus.
748 3714 858 3777 Amen.
1011 3720 1140 3794 propter
1155 3709 1303 3773 inimicos
1318 3729 1406 3772 meos
1420 3709 1507 3791 eripe
1521 3729 1583 3772 me.

1050 3808 1199 3871 Laudabo
1227 3825 1343 3871 nomeu
1371 3808 1426 3871 llei
1461 3826 1534 3871 cum
1562 3808 1698 3888 cantico,
1728 3817 1832 3874 etun.
1845 3834 1879 3874 u.

443 3856 506 3929 Ab
535 3856 718 3931 LaUhsss.
1011 3904 1484 3988 magnificabocuminlaude.

101 4046 138 4075 u
247 4005 767 4086 *dehonestamentum
788 4008 954 4073 matutina.
1051 4004 1194 4067 Laudent
1217 4004 1309 4066 illum
1334 4004 1407 4067 coeli
1432 4012 1464 4067 et
1488 4013 1581 4082 terra,
1607 4024 1706 4084 mare,
1729 4013 1880 4071 otene.

247 4124 281 4179 n.
299 4103 368 4167 Tibi
382 4104 522 4186 jubilant
535 4123 646 4169 omnes
661 4104 722 4168 lilii
738 4106 803 4185 Dei,
821 4107 955 4171 Trinitas
1012 4102 1122 4167 omnia
1136 4102 1261 4185 reptilia
1276 4102 1309 4164 in
1324 4102 1382 4166 eis.

199 4210 331 4266 sancta.
972 4200 998 4262 1)
1052 4200 1160 4265 Gloria
1174 4200 1267 4264 Patri.

249 4312 284 4363 a.
300 4300 393 4377 Deus,
411 4300 444 4362 in
460 4298 665 4381 adjutorium,
682 4312 739 4363 etc.
1051 4302 1132 4361 Ant.
1156 4300 1198 4362 Te
1219 4300 1310 4362 dccet
1331 4298 1412 4379 laus,
1436 4308 1466 4362 te
1487 4301 1580 4364 decet
1599 4300 1759 4383 hymnus3

246 4419 281 4473 n.
299 4399 442 4476 Domine,
459 4398 497 4461 ad
512 4399 740 4480 adjuvandum,
757 4410 813 4463 etc.
1013 4398 1071 4461 tibi
1092 4398 1195 4480 gloria
1213 4398 1277 4461 lleo
1298 4397 1380 4460 Patri
1403 4407 1436 4461 et
1452 4398 1533 4462 Filio
1552 4417 1626 4462 curn
1647 4399 1761 4463 Sancto

246 4510 282 4561 t.
299 4496 405 4560 Gloria
418 4496 510 4561 Patri.
528 4496 672 4561 Alleluia.
1013 4496 1133 4578 Spiritu
1148 4495 1180 4557 in
1196 4496 1312 4558 saecula
1326 4496 1525 4559 saeculorum.

246 4600 331 4660 Ant.
347 4596 430 4659 Deus
444 4603 476 4658 ct
490 4593 590 4659 Pater.
1052 4598 1134 4658 Ant.
1150 4592 1257 4657 Beato.

459 4697 613 4757 Psalmus
628 4697 711 4756 144.
1259 4696 1413 4755 Psalmus
1429 4696 1511 4756 135.

46 4834 70 4863 ,,
136 4828 178 4861 e.
247 4792 400 4856 Exaltubo
426 4800 466 4869 te,
493 4792 575 4855 Deus
602 4811 692 4855 meus
717 4812 781 4873 rex,
807 4802 838 4856 ct
863 4793 957 4857 hence
1053 4790 1256 4854 Confitemini
1293 4790 1425 4853 Domino
1459 4792 1610 4873 qnoniam
1645 4794 1759 4875 bouus,
1783 4816 1907 4868 mem,

198 4893 315 4958 dicam
336 4891 458 4954 nomini
482 4900 536 4955 tuo
557 4891 589 4953 in
612 4890 774 4969 soeculum,
795 4901 827 4955 et
848 4892 881 4955 iu
904 4913 959 4956 sre-
1013 4890 1164 4972 quoniam
1180 4890 1213 4951 in
1227 4898 1380 4953 eternum
1392 4889 1616 4966 misericordia
1629 4892 1711 4974 ejus.
1776 4882 1819 4921 Μ’

199 4989 321 5055 culum
336 4988 455 5052 saeculi.
1052 4988 1256 5053 Confitemini
1285 4988 1348 5051 [leo
1377 4989 1521 5069 deorum,
1547 4990 1698 5072 quoniam
1726 4991 1760 5055 in

249 5088 310 5151 Per
323 5086 466 5168 singulos
481 5086 548 5149 dies
563 5086 748 5151 benedicum
764 5088 833 5167 tibi,
846 5098 879 5152 et
892 5089 959 5152 lau·
1014 5097 1168 5151 aeternum
1183 5086 1401 5151 misericordia
1415 5085 1497 5169 ejus.

198 5185 293 5253 dabo
314 5202 431 5249 nomen
453 5192 543 5247 tuum
565 5184 597 5247 in
619 5186 781 5267 saeculum,
798 5196 829 5250 et
850 5186 883 5249 in
903 5206 958 5252 sae
1053 5185 1258 5249 Conlitcmiui
1282 5184 1416 5250 Domino
1446 5186 1658 5265 dominorum,
1684 5207 1762 5269 quo-

197 5285 319 5353 culum
334 5282 455 5349 saeculi.
1015 5284 1105 5349 uiam
1118 5284 1152 5348 in
1167 5293 1320 5348 aeternum
1335 5283 1552 5348 misericordia
1565 5284 1647 5367 ejus.
