4309 6259
439 473 499 541 374
881 492 1038 539 rxrosrrro
1057 492 1165 539 iussn.
1188 510 1228 521 —
1249 492 1318 538 aar.
1342 494 1436 551 xxxv,
1458 493 1552 539 xxxvi

440 662 474 725 id
502 670 549 726 est
582 664 814 745 supernaturali
849 664 1000 747 qualitate
1035 682 1105 745 quse
1140 662 1316 726 esthvitae
1331 663 1506 745 presentis,
1523 670 1740 745 exspectantes
1761 662 1879 726 beatam
1895 680 2082 744 spemramr.

441 760 660 825 immediatum
692 782 729 824 ac
761 762 900 845 primum
934 762 1067 825 formale
1103 762 1189 843 prin·
1243 769 1274 825 et
1293 763 1463 824 adventurn
1484 761 1592 843 gloriae
1613 762 1720 843 magni
1735 761 1799 823 Dei.
1815 763 1907 837 Ipsis,
1922 765 1979 823 Do-

442 860 563 942 cipium
591 860 688 924 totius
716 861 890 941 spiritualis
915 861 998 939 vitra,
1024 881 1081 943 per
1105 862 1188 941 quod
1243 862 1342 930 mine,
1359 880 1416 943 pro
1438 861 1553 943 quibus
1575 859 1725 923 videlieet
1744 858 1981 942 specialiterex-

443 957 512 1039 ipsa
536 959 673 1021 essentia
697 958 810 1022 animae
831 968 962 1041 accepte
983 959 1020 1021 fit
1043 959 1117 1036 fleo,
1142 979 1189 1018 re·
1244 975 1381 1038 oramus
1402 969 1432 1020 et
1453 962 1603 1020 omnibns
1625 961 1661 1019 in
1683 960 1811 1021 Christo
1830 960 1982 1037 quiescen-

438 1059 604 1132 pteomnr,
639 1066 795 1137 quatenus
830 1058 928 1119 simus
962 1056 1122 1119 benedicti
1158 1064 1190 1119 et
1245 1059 1342 1128 tibus,
1359 1057 1390 1118 id
1405 1065 1454 1119 est
1469 1057 1501 1119 in
1517 1057 1617 1139 gratia
1632 1057 1685 1119 llei
1701 1056 1869 1134 defunctis,
1884 1060 1981 1117 locum
2014 1122 2017 1127 ,

296 1173 373 1217 aava.
386 1187 400 1224 ι,
408 1177 429 1217 a.
444 1154 545 1216 sancti
571 1163 676 1215 mente
700 1173 736 1217 ec
762 1172 905 1236 corpore,
930 1154 963 1217 in
994 1155 1082 1217 nullo
1110 1153 1191 1215 defi·
1246 1158 1429 1232 resrlperii',
1444 1158 1527 1216 tucis
1541 1165 1571 1215 et
1584 1158 1686 1233 pacis,
1702 1156 1733 1218 id
1749 1163 1798 1217 est
1811 1155 1980 1235 paradisum

297 1252 575 1331 romaecenses,
605 1253 660 1315 sed
688 1253 886 1315 abundantes
915 1253 947 1314 in
981 1272 1075 1315 omne
1110 1272 1190 1334 opus
1246 1253 1419 1331 eoelestem,
1444 1264 1480 1314 ut
1502 1257 1684 1331 inctntpeas,
1706 1253 1737 1315 id
1760 1260 1818 1331 cst,
1842 1253 1891 1333 pie
1913 1271 1982 1315 eon-

443 1351 575 1429 bonum,
609 1352 711 1414 donee
746 1351 884 1414 feliciter
918 1369 1188 1431 consummemur,
1246 1351 1810 1429 cedas,depreeomnr,pereamdem
1827 1353 1982 1413 Christum

437 1452 656 1525 pereundam
666 1451 832 1511 Christum
842 1451 1020 1511 Dominum
1031 1459 1188 1511 nostrum.
1245 1453 1422 1512 Dominum
1438 1460 1597 1512 nostrum.
1613 1453 1729 1512 Amen.

441 1548 557 1609 Amen.

1406 1713 1650 1779 ARTICULUS
1674 1714 1833 1777 XXXVI.

610 1811 853 1876 ARTICULUS
880 1812 1021 1875 XXXV'
1207 1848 1293 1924 Bne
1318 1863 1436 1922 ultima
1455 1862 1590 1921 canonia
1604 1870 1713 1938 porte,
1729 1863 1853 1921 scilicet
1868 1882 1878 1921 .·
1892 1862 1983 1925 Nobis

461 1963 509 2022 Ile
533 1962 706 2021 undecima
725 1970 823 2037 perte
847 1962 992 2030 cononis,
1013 1962 1136 2019 scilicet
1159 1980 1170 2019 :
1392 1970 1518 2030 qnoque
1529 1952 1765 2026 peccatoribus,
1781 1958 1841 2013 etc.

550 2053 712 2111 Memento
726 2052 837 2119 etiam,
854 2052 1003 2120 Domine,
1019 2057 1078 2111 etc.

1322 2143 1398 2202 (ΙΙΙ)
1414 2141 1548 2217 proficit
1570 2140 1674 2209 homo,
1694 2142 1724 2199 εἰ
1748 2144 1896 2200 lucretur
1916 2141 2088 2202 andrean

307 2261 325 2306 ιι
334 2264 414 2308 Maca.
502 2240 649 2300 ANCTA
674 2247 704 2297 ct
722 2239 865 2297 salubris
890 2247 935 2298 est
956 2239 1110 2315 conflatio
1127 2256 1190 2323 pro
1333 2256 1461 2297 nersnm
1490 2238 1663 2306 muntium,
1688 2256 1720 2295 se
1748 2245 1858 2296 entem
1884 2238 1983 2313 ipsum

295 2341 332 2378 ¹¹¹¹
346 2330 380 2371 ⁴⁶·
516 2337 678 2412 defunctis
701 2355 852 2405 exorere,
872 2345 909 2396 nt
930 2356 950 2395 α
967 2338 1110 2412 peccatis
1131 2339 1190 2395 sol·
1242 2340 1374 2412 perdat,
1389 2344 1419 2394 et
1434 2336 1668 2394 detrimentum
1682 2337 1737 2394 sni
1749 2334 1982 2411 sectationum

442 2442 573 2495 eantur.
588 2432 734 2495 Defuncti
749 2433 835 2495 enim
850 2433 883 2495 in
903 2433 1013 2513 gratia,
1032 2434 1191 2513 pertinent
1246 2452 1321 2514 ergo
1345 2432 1385 2493 sit
1410 2432 1462 2509 ita,
1487 2450 1551 2494 non
1576 2431 1670 2494 debet
1693 2432 1841 2495 sacerdos
1865 2432 1907 2495 sic
1930 2431 1984 2494 sol-

442 2532 481 2594 ad
502 2531 668 2613 mysticum
691 2531 804 2594 Christi
826 2549 941 2612 corpus
958 2556 966 2594 :
983 2541 1015 2594 et
1036 2550 1111 2611 ergo
1134 2550 1190 2614 pro
1247 2531 1360 2593 licitari
1386 2538 1439 2592 aut
1464 2548 1553 2593 orare
1578 2548 1635 2611 pro
1659 2530 1742 2611 aliis,
1765 2538 1801 2593 ut
1825 2529 1984 2611 suiipsius

443 2629 521 2710 ipsis
546 2628 775 2691 rationabiliter
797 2638 904 2692 oratur
929 2629 963 2690 in
986 2629 1089 2691 blissa.
1116 2629 1190 2703 Quae
1246 2637 1340 2709 atque
1364 2627 1554 2691 adstantium
1579 2627 1795 2691 obliviscatur.
1821 2628 1906 2691 Unde
1934 2646 1984 2709 pro

341 2735 547 2790 maantam
577 2727 723 2808 superius
751 2727 837 2789 dicta
866 2736 940 2789 sunt
968 2728 1007 2789 de
1035 2728 1190 2790 memoria
1246 2729 1292 2791 eis
1314 2746 1418 2804 orans,
1440 2726 1540 2789 dicit:

441 2826 599 2903 vivorum,
625 2825 700 2887 huic
722 2824 791 2889 loco
817 2833 910 2906 atque
931 2825 1065 2888 articulo
1092 2826 1188 2888 inseri
1286 2827 1387 2889 Nobis
1425 2844 1551 2905 petoque
1586 2827 1823 2901 peccatoribus,
1857 2826 1985 2902 famatis

442 2932 575 3005 possunt
595 2932 627 2985 et
647 2923 822 3004 applicari;
844 2925 897 2985 sed
920 2924 996 3005 quia
1017 2924 1189 3006 praehabita
1248 2926 1323 2984 tufa.
1341 2922 1378 2984 Et
1402 2922 1477 2983 dum
1502 2922 1562 2984 boc
1582 2922 1667 2999 dicit,
1685 2930 1795 3003 pectus
1818 2923 1929 2994 tundit,
1950 2921 1985 2983 ad

442 3031 526 3101 sunt,
553 3021 754 3083 reiteratione
780 3040 843 3084 non
869 3032 973 3102 egent.
1000 3022 1055 3083 Est
1083 3031 1188 3084 autem
1210 3020 1449 3103 Cfigurandum
1465 3020 1548 3101 quod
1571 3020 1713 3083 centurie
1729 3029 1760 3083 et
1775 3020 1829 3102 qui
1851 3020 1983 3097 aderant,
1996 3038 2088 3083 ritan-⁴

442 3120 604 3182 ferventer
627 3120 780 3181 orandum
806 3138 863 3201 pro
888 3120 1020 3182 mortuis
1044 3143 1050 3180 :
1073 3120 1188 3202 primo,
1247 3119 1323 3182 visis
1340 3118 1535 3180 mirabilibus
1555 3136 1625 3203 que
1645 3118 1676 3179 in
1696 3118 1843 3200 passione
1863 3118 1984 3193 fiebant,
1997 3107 2024 3150 ⁴⁷·
2037 3104 2060 3143 ⁸⁸·

441 3217 593 3299 quoniam
616 3217 803 3297 semetipsos
823 3217 934 3297 juvare
957 3236 1020 3280 non
1044 3228 1188 3300 possunt,
1247 3217 1459 3299 percutientes
1491 3225 1618 3297 pectora
1648 3236 1703 3278 sua
1734 3217 1985 3289 revertebantur;

443 3334 541 3397 quum
565 3332 630 3377 non
652 3314 768 3375 sintin
794 3322 877 3376 statu
899 3317 1041 3377 merendi
1064 3337 1119 3378 seu
1139 3318 1192 3379 de·
1247 3316 1296 3378 vel
1326 3315 1365 3376 ad
1395 3314 1627 3397 designandum
1655 3314 1740 3395 quod
1770 3315 1910 3377 Christus
1937 3331 1987 3395 pro

443 3412 607 3491 merendi;
637 3412 788 3488 secundo,
818 3413 894 3493 quia
920 3432 1019 3495 quum
1048 3415 1087 3475 ad
1121 3415 1192 3476 feli·
1248 3414 1355 3493 impiis
1370 3412 1450 3476 meri
1462 3413 1611 3494 dignatus
1625 3413 1751 3491 est3vel
1765 3413 1893 3494 propria
1903 3421 1988 3493 atquc

444 3512 572 3574 citatem
594 3509 796 3592 perveniunt,
813 3509 999 3573 fidelissime
1021 3521 1113 3574 orant
1135 3532 1192 3593 pro
1247 3512 1440 3574 adstantium
1466 3512 1683 3593 redarguendo
1709 3519 1841 3593 peccata
1869 3536 1875 3574 :
1901 3510 1989 3591 siqui-

444 3610 493 3672 bis
511 3627 646 3689 quorum
667 3608 831 3691 suffragiis
850 3609 951 3690 adjuti
976 3618 1069 3688 sunt3
1088 3612 1190 3689 tertio,
1248 3610 1331 3687 dem,
1359 3610 1534 3671 secundum
1560 3611 1784 3691 Augustinum,
1810 3610 1887 3692 quid
1911 3608 1988 3672 aliud

443 3708 595 3789 quoniam
619 3707 781 3789 duplicem
805 3726 930 3788 poenam
956 3707 1085 3785 habent,
1108 3708 1194 3770 vide·
1248 3718 1296 3771 est
1321 3716 1431 3789 pectus
1457 3709 1599 3787 tundere,
1621 3708 1681 3770 nisi
1706 3710 1791 3789 quod
1813 3709 1898 3771 intus
1921 3708 1989 3770 latet

445 3808 520 3871 licet
543 3807 650 3870 damni
677 3815 708 3869 et
733 3826 856 3885 sensus,
876 3814 909 3867 et
933 3814 1065 3887 utraque
1092 3806 1195 3888 major
1249 3816 1412 3888 peccatum
1433 3809 1586 3887 argueret
1600 3811 1648 3869 De
1669 3809 1886 3868 multitudine
1904 3809 1988 3867 mne·

445 3915 492 3969 est
511 3905 598 3969 omni
621 3924 715 3987 poena
730 3904 803 3965 vitae
825 3904 1000 3985 praesentis,
1018 3904 1099 3967 llicit
1118 3924 1193 3985 ergo
1250 3908 1416 3967 rationum
1432 3916 1567 3965 inarum
1582 3906 1817 3983 sperantibus:
1831 3924 1895 3968 non
1910 3905 1988 3969 enirn

445 4005 618 4068 sacerdos:
1249 4002 1442 4067 confidimus
1466 4003 1587 4065 meritis
1612 4003 1739 4081 nostris,
1762 4021 1866 4084 neque
1890 4005 1923 4065 in
1946 4003 2092 4083 ju-maan

484 4106 646 4165 Memento
674 4104 785 4169 etiam,
812 4103 961 4171 Domine,
989 4104 1194 4178 somniorum
1249 4100 1623 4165 stificationibusnostris
1639 4100 1870 4182 prosternimus
1886 4120 1989 4183 preces

444 4205 714 4281 famularumque
730 4208 876 4269 tatarum,
893 4218 950 4281 pro
971 4200 1085 4280 quibus
1107 4199 1194 4262 vide·
1209 4202 1233 4264 D
1248 4207 1392 4277 nostras3
1419 4208 1550 4276 portem
1577 4199 1726 4277 aliquem
1754 4208 1785 4259 et
1815 4201 1988 4260 societatem

447 4300 524 4362 licet
546 4296 729 4379 specialiter
752 4295 886 4377 obligor,
908 4299 967 4375 qni
987 4318 1045 4357 nos
1063 4316 1194 4373 praeces·
1249 4300 1373 4357 donare
1401 4298 1550 4373 diffiteris
1575 4316 1587 4355 .·
1614 4314 1687 4358 nam
1716 4295 1748 4357 in
1778 4296 1873 4360 domo
1901 4296 2092 4360 Patrisnnae.

447 4406 562 4459 serunt
580 4416 654 4456 cnm
674 4397 766 4473 sipno
783 4398 874 4472 fidei,
895 4394 926 4455 id
951 4403 999 4457 est
1022 4414 1095 4457 cnm
1121 4406 1195 4477 ope·
1250 4396 1357 4458 aeterni
1387 4394 1567 4457 mansiones
1595 4393 1701 4457 multae
1730 4402 1804 4456 sunt
1831 4404 1925 4476 atque
1950 4384 2017 4456 ‹li-²

448 4496 536 4559 ribus
551 4493 702 4573 caritatis,
719 4502 877 4574 quaesunt
896 4493 987 4574 signa
1001 4493 1076 4555 fidei
1096 4516 1103 4555 ε
1120 4513 1194 4555 nam
1249 4514 1360 4572 versae,
1377 4494 1407 4555 id
1424 4502 1472 4555 est
1491 4493 1584 4555 variae
1604 4492 1834 4573 inaequalitates
1854 4494 1990 4576 premio

296 4618 432 4670 rucanas.
447 4595 530 4658 fides
555 4593 624 4655 sine
648 4591 798 4673 operibus
826 4599 950 4654 mortua
974 4601 1032 4653 est.
1058 4590 1122 4654 Nec
1147 4599 1196 4653 cst
1251 4612 1320 4654 rum
1335 4592 1510 4653 seeundum
1524 4589 1713 4671 exigentiam
1729 4591 1990 4655 meritorumdon

447 4694 601 4759 orandum
616 4710 673 4773 pro
688 4690 835 4753 aliisvel
850 4713 867 4750 n
880 4709 952 4752 cum
968 4690 1059 4771 signo
1073 4690 1150 4753 fidei
1164 4713 1192 4769 a,
1250 4690 1336 4754 enim
1364 4691 1396 4752 in
1423 4689 1477 4751 llei
1501 4688 1635 4765 visione,
1662 4708 1733 4770 quaa
1757 4698 1805 4752 ast
1829 4690 1991 4754 essentiale

447 4794 542 4855 idest
563 4810 636 4853 cum
659 4790 839 4852 charactere
859 4788 1052 4871 baptismali,
1070 4789 1125 4870 qui
1147 4798 1195 4851 est
1250 4788 1426 4870 praemium,
1452 4795 1526 4849 sunt
1548 4787 1696 4868 aequales,
1723 4788 1777 4849 sed
1801 4807 1859 4851 nec
1886 4786 1920 4850 in
1947 4807 1992 4850 ae-

446 4892 572 4973 signum
601 4889 634 4949 in
663 4887 824 4967 baptismo
857 4887 1046 4967 impressum
1081 4887 1194 4950 animae
1250 4887 1399 4951 cidentali
1414 4886 1544 4968 praemio
1560 4906 1652 4968 pares
1667 4886 1831 4950 exsistunt.
1846 4888 1991 4951 Sacerdos

445 4987 607 5070 baptizati,
624 4994 656 5048 et
677 4984 891 5047 indelebiliter
910 4985 938 5047 ei
958 4986 1096 5047 adhaeret
1114 5007 1120 5045 :
1138 5004 1195 5065 per
1250 5005 1325 5067 ergo
1350 4985 1536 5068 parvitatem
1560 4983 1746 5047 meritorum
1773 5004 1903 5049 suorum
1929 5005 1992 5067 pcr-

445 5088 529 5169 quod
551 5085 775 5147 discernuntur
800 5082 913 5145 fideles
933 5082 973 5145 ab
998 5082 1192 5144 infidelibus.
1250 5085 1404 5167 pendens,
1428 5084 1592 5146 humiliter
1618 5082 1727 5145 dicit:
1753 5104 1769 5142 n
1796 5092 1920 5164 partem
1944 5083 1993 5147 ali-

444 5190 487 5249 Et
502 5186 673 5246 dormiant
690 5185 725 5242 in
741 5201 849 5242 somno
860 5184 964 5257 pacis,
980 5181 1011 5243 id
1033 5190 1092 5261 est,
1109 5181 1195 5262 quic·
1249 5203 1344 5265 quam
1368 5204 1383 5242 a
1409 5183 1520 5245 saltem
1545 5182 1594 5243 vel
1621 5200 1750 5263 parvam
1772 5204 1790 5241 a
1810 5182 1932 5246 donare
1951 5182 1993 5244 di·

446 5292 539 5349 scunt
559 5284 599 5346 ab
624 5280 895 5363 inquietudinibus
915 5288 1009 5362 atque
1033 5280 1194 5344 laboribus
1249 5280 1357 5364 gnaris
1383 5304 1399 5341 a
1429 5289 1500 5363 post
1528 5280 1625 5362 hujus
1654 5279 1725 5344 vitae
1752 5279 1901 5344 exsilium
1926 5300 1992 5343 cam
