4309 6259
440 453 501 529 atu

744 476 783 523 DE
803 476 893 525 neuls
914 476 1048 523 seruitus
1068 475 1187 533 sancti,
1209 475 1382 525 tuderanus
1403 479 1446 525 lfl.
1469 497 1511 509 -
1529 478 1600 525 Aur.
1623 479 1687 526 xvtt

440 643 577 725 operari,
594 644 795 728 inquantum
811 647 891 710 ratio
912 647 1065 709 naturalis
1087 646 1187 727 gratia
1201 645 1226 707 A
1242 646 1408 711 laudamus
1423 648 1524 714 libero
1538 648 1656 729 animo,
1672 656 1777 713 erecta
1791 648 1907 711 virtute
1921 666 1985 711 om-

440 742 687 835 confortaturac
703 744 769 808 fide
783 745 1061 808 instruitur.Porro
1076 764 1186 808 omnes
1242 746 1338 827 nique
1362 756 1445 828 actu,
1463 756 1538 811 tunc
1565 748 1692 811 vivaces
1717 756 1749 810 et
1773 746 1870 810 fortes
1895 754 1983 827 atque

441 840 496 921 qui
521 841 683 904 caritatem
708 850 741 905 et
764 844 897 925 gratiam
921 843 1106 921 sortiuntur,
1133 843 1188 905 do·
1242 844 1353 907 invicti
1369 844 1553 921 efficimur;
1569 853 1750 928 quantoque
1772 844 1874 926 magis
1889 852 1985 906 tenta-

442 958 519 1000 num
547 939 741 1003 fortitudinis
774 941 893 1004 babent
926 942 1101 1005 secundum
1130 941 1187 1003 ali·
1241 962 1323 1022 mur,
1341 951 1427 1007 tanto
1450 944 1596 1007 fortiores
1621 944 1827 1007 consistimus
1844 966 1851 1005 :
1869 962 1984 1023 pugna-

439 1054 535 1117 quem
549 1038 693 1119 gradum,
704 1038 854 1102 videlicet
868 1048 902 1101 ut
918 1059 974 1120 per
988 1040 1094 1119 ipsum
1109 1059 1187 1122 pree
1241 1040 1413 1103 musenim
1435 1060 1507 1103 cum
1531 1042 1640 1104 11111116
1655 1040 1782 1118 11111116,
1799 1040 1985 1121 61116111νί11-

439 1142 531 1216 cepta
545 1136 740 1216 adimpleant
753 1146 847 1218 prout
862 1138 954 1200 saluti
971 1138 1185 1201 necessarium
1242 1138 1346 1201 cibilis
1361 1146 1472 1201 exstat.
1489 1139 1619 1220 Semper
1633 1157 1760 1220 quoque
1780 1138 1985 1219 magnanimi-

437 1232 609 1314 judicatur.
1241 1244 1288 1297 tas
1303 1244 1410 1299 nostra
1424 1238 1463 1299 ad
1477 1238 1576 1299 Deum
1593 1255 1666 1299 cum
1683 1237 1775 1299 laude
1789 1236 1983 1299 reverentiali

1241 1335 1457 1397 conscendet:
1474 1335 1583 1415 sicque
1598 1336 1716 1398 erimus
1732 1334 1819 1396 uncti
1842 1352 1933 1415 reges
1950 1353 1983 1396 ac

1242 1432 1377 1515 pugiles,
1407 1434 1580 1496 dummodo
1607 1432 1854 1514 magnanimitas
1882 1440 1985 1495 nostra

1242 1530 1273 1592 id
1299 1530 1425 1610 sentiat,
1451 1530 1535 1612 quod
1561 1530 1642 1593 lleus
1666 1531 1736 1593 sine
1764 1549 1915 1593 mensura
1941 1538 1986 1593 est
2038 1552 2040 1557 ’

1240 1628 1366 1709 dignior
1380 1636 1473 1710 atque
1488 1628 1686 1711 praestantior
1700 1628 1788 1691 omni
1810 1629 1931 1691 bonore
1951 1647 1984 1691 16

1241 1726 1333 1790 laude
1358 1745 1454 1807 quam
1477 1726 1627 1807 quaslibet
1646 1736 1789 1791 creatura
1813 1733 1919 1808 potest
1942 1726 1984 1787 illi

1203 1824 1226 1886 B
1240 1823 1435 1905 impendere.
1451 1824 1529 1887 Nam
1545 1826 1644 1887 Deum
1659 1825 1698 1887 ad
1713 1823 1844 1905 plenum
1860 1824 1985 1887 laudare

500 1922 599 1986 ORRO
620 1923 652 1984 in
673 1923 753 1987 libro
774 1924 814 1986 de
829 1924 1044 1987 Tabemacnlo
1058 1924 1183 2005 Moysis,
1240 1940 1303 1985 non
1319 1940 1488 2004 possumus
1505 1946 1511 1984 :
1529 1924 1605 1985 dum
1620 1923 1706 1985 enim
1727 1922 1904 2004 majestatis
1926 1942 1985 1985 suae

515 2022 554 2083 de
583 2021 779 2085 fortitudinis
804 2022 888 2085 dono
913 2023 1047 2103 loquens
1072 2022 1186 2086 Doctor
1240 2020 1491 2101 magnitudinem
1507 2020 1680 2100 intuemur,
1694 2029 1758 2083 tam
1773 2019 1938 2102 simplices
1952 2039 1985 2083 ac

436 2118 565 2182 divinus
587 2142 594 2180 :
615 2120 749 2196 Donum,
772 2119 886 2201 inquit,
907 2118 1073 2182 deiformis
1097 2120 1189 2183 forti·
1241 2116 1356 2180 interni
1386 2117 1560 2195 efficimur,
1591 2119 1674 2199 quod
1703 2136 1830 2181 omnem
1859 2118 1986 2181 modum

437 2216 558 2278 tudinis
586 2218 625 2279 ad
654 2216 737 2280 intra
767 2236 825 2281 nos
853 2218 965 2299 tangit,
996 2237 1185 2299 semperque
1240 2233 1431 2295 omnemque
1455 2216 1628 2278 maneriam
1652 2216 1823 2298 perdimus,
1842 2214 1988 2297 ignoran-

436 2314 582 2396 deposcit
615 2334 672 2378 seu
705 2315 804 2398 exigit
839 2316 1049 2379 elevationem
1086 2316 1184 2378 animi
1241 2321 1287 2375 tes
1302 2312 1438 2394 qualiter
1451 2314 1550 2376 Deum
1566 2314 1693 2376 laudare
1709 2313 1896 2395 poterimus.
1913 2314 1988 2375 lau-
2000 2326 2096 2371 1611111

437 2431 534 2494 super
555 2412 705 2475 universa
719 2413 782 2476 Deo
797 2413 967 2476 dissimilia
980 2422 1012 2476 61
1027 2414 1183 2495 imparia3
1240 2411 1344 2474 dando
1362 2409 1534 2473 deficimus
1555 2430 1681 2492 semper
1699 2410 1732 2473 in
1752 2411 1845 2474 laude
1864 2410 1966 2492 ipsius
1978 2434 1986 2487 3
2000 2391 2057 2431 ³²⁴⁸

435 2510 530 2573 docet
543 2528 669 2592 quoque
684 2529 742 2574 nos
756 2519 791 2572 ut
806 2530 865 2575 nos
884 2510 970 2593 ipsos
992 2512 1038 2573 nil
1060 2520 1186 2594 repute—
1243 2507 1424 2571 deficiendo
1452 2516 1569 2587 antem,
1599 2508 1696 2570 sentit
1723 2508 1853 2590 spiritus
1883 2517 1988 2572 noster

435 2627 519 2688 mus,
535 2627 594 2671 nec
609 2607 747 2690 propriis
761 2608 884 2671 viribus
899 2609 1111 2688 confidamus,
1130 2611 1184 2672 sed
1240 2606 1391 2687 gaudium
1408 2614 1439 2669 61
1458 2607 1602 2669 salutem.
1619 2606 1699 2669 Hinc
1719 2606 1849 2689 insuper
1868 2605 1987 2669 recenti

435 2724 494 2769 nos
520 2705 606 2787 ipsos
632 2706 748 2769 divinae
772 2706 921 2787 potentia
946 2716 1058 2789 sponte
1084 2708 1186 2769 116111-
1240 2704 1355 2767 virtute
1370 2704 1868 2786 accendimur3animnsqnoque
1883 2712 1988 2768 noster

436 2823 519 2884 mus,
531 2812 563 2867 et
578 2804 610 2865 in
625 2823 662 2867 ea
678 2812 774 2867 totam
790 2813 930 2867 nostram
945 2805 1097 2867 virtutem
1113 2805 1186 2866 fun-
1239 2802 1382 2865 munitur
1399 2825 1404 2863 :
1423 2801 1531 2883 sicque
1547 2802 1721 2885 poterimus
1736 2822 1861 2884 semper
1883 2802 1986 2865 oleum

435 2903 560 2979 demus,
582 2902 691 2983 sieque
710 2903 743 2965 in
762 2903 848 2965 omni
870 2922 977 2985 pugna
996 2904 1185 2966 exsistemus
1239 2920 1329 2965 nova
1349 2901 1452 2962 landis
1473 2908 1651 2983 apportare,
1669 2920 1742 2964 cum
1760 2900 1857 2963 Maria
1883 2902 1989 2963 dicen-

437 3000 552 3063 securi.
569 2999 601 3061 Si
616 3000 691 3062 huic
706 3000 862 3064 exactioni
878 3001 1081 3081 acquiescere
1097 3002 1187 3063 volu·
1205 3003 1286 3067 Gtes
1308 3022 1315 3061 :
1338 2998 1528 3079 blegnificat,
1546 2999 1577 3060 id
1600 3005 1658 3078 est,
1675 2998 1847 3081 magnifice
1868 2999 1986 3076 laudet,
2012 3024 2098 3065 111111.

437 3116 520 3175 mus,
541 3106 616 3159 tunc
641 3105 748 3159 nostra
772 3097 873 3160 libera
897 3098 1044 3161 voluntas
1068 3098 1185 3161 divinae
1240 3098 1347 3160 anima
1362 3116 1433 3159 mea
1453 3096 1621 3160 [lominum
1636 3119 1644 3173 3
1660 3104 1692 3159 et
1710 3096 1880 3159 exsultavit
1899 3096 1989 3178 spiri·
2001 3088 2029 3128 ⁴⁷·

620 1500 866 1565 ARTICULUS
889 1500 998 1563 XVII.

501 1651 548 1709 Dc
574 1652 658 1709 dono
687 1649 916 1724 fortitudinis,
946 1652 1125 1709 secundum

557 1740 743 1798 doctrinam
767 1740 917 1799 Doctorc's
941 1740 1061 1799 diuini.

436 3194 583 3277 potestati
599 3194 720 3275 unitur,
737 3202 876 3276 tuncque
892 3196 1111 3276 poenitentiam
1133 3216 1186 3259 16-
1241 3206 1291 3260 tus
1312 3215 1401 3258 meus
1417 3195 1450 3256 111
1465 3195 1528 3257 fleo
1547 3194 1678 3257 salutari
1699 3213 1779 3258 meo.
1796 3194 1834 3257 Et
1852 3193 1923 3259 11616
1944 3202 1989 3257 est

438 3312 505 3355 ram
527 3292 694 3372 sentimus,
715 3311 843 3356 omnem
864 3294 1106 3371 dubitationem,
1125 3303 1185 3357 tre

436 3410 557 3455 morem
583 3411 619 3453 ac
646 3391 887 3454 mutabilitatem
913 3411 931 3454 a
956 3392 1048 3456 nobis
1074 3394 1186 3457 tollen-

436 3497 512 3567 tem,
529 3496 623 3570 atque
639 3489 671 3552 in
685 3490 770 3552 dono
791 3489 987 3553 fortitudinis
1009 3509 1067 3553 nos
1090 3490 1186 3554 stabi·

436 3587 579 3650 lientem.
611 3588 690 3667 (Hoc
724 3588 968 3669 intelligendum
997 3599 1046 3651 est
1074 3589 1126 3670 pie
1155 3598 1186 3652 et

436 3687 605 3767 sapienter,
628 3686 778 3749 videlicet
802 3694 837 3747 ut
861 3686 1016 3750 certitudo
1041 3687 1107 3767 spei
1135 3707 1186 3750 ac-

437 3785 589 3847 cendatur
607 3803 645 3847 ex
669 3793 758 3867 parte
781 3784 836 3847 Dei
860 3793 892 3846 et
916 3784 991 3847 doni
1017 3785 1100 3864 ejus,
1121 3804 1186 3847 non

437 3900 475 3944 611
509 3890 597 3963 parte
632 3882 744 3960 nostri,
778 3882 838 3963 qui,
867 3881 1038 3963 fragilitate
1071 3882 1185 3963 imple-

439 3982 535 4057 mur.)
550 3980 588 4041 Et
602 3980 635 4042 in
654 3981 714 4041 bac
734 3980 919 4043 fortitudine
939 3979 1102 4043 efficimur
1121 4000 1187 4043 cer-

439 4078 648 4140 titudinaliter
676 4077 875 4140 confidentes
903 4078 987 4158 quod
1022 4097 1185 4159 nunquam

1240 3296 1306 3356 vita
1327 3293 1477 3377 caelestis

1280 3394 1374 3456 Porro
1388 3392 1423 3469 in
1440 3391 1519 3456 libro
1529 3391 1709 3473 Spiritualis
1720 3392 1986 3474 desponsationis,

1240 3491 1280 3555 de
1305 3489 1500 3553 fortitudinis
1525 3490 1608 3553 dono
1632 3507 1734 3569 orsus,
1754 3488 1873 3552 effatur
1898 3514 1905 3551 ε
1927 3490 1988 3553 1166

1241 3590 1398 3670 (inquam)
1413 3589 1531 3651 donum
1548 3587 1661 3665 sortiti,
1671 3595 1868 3651 terrenarum
1884 3608 1989 3651 rerum

1241 3687 1444 3751 dilectionem
1473 3706 1510 3749 ac
1539 3686 1658 3763 odium,
1686 3687 1809 3749 lucrum
1838 3706 1874 3749 ac
1905 3688 1990 3749 dam-

1242 3806 1330 3865 num,
1357 3804 1446 3867 spem
1474 3804 1511 3847 ac
1540 3784 1787 3847 sollicitudinem
1813 3794 1845 3847 et
1868 3794 1989 3848 ceteras

1242 3883 1492 3965 multiplicitates
1524 3881 1692 3962 vincendo,
1718 3882 1883 3945 efficimur
1914 3884 1990 3946 libe-

1243 3983 1280 4061 ri,
1314 3991 1464 4063 tanquam
1492 4002 1511 4044 a
1539 3980 1628 4042 nulla
1656 3988 1800 4043 creatura
1823 3981 1987 4063 captivati.

1241 4081 1343 4153 Quum
1371 4079 1489 4142 etenim
1514 4079 1610 4142 bomo
1634 4078 1723 4141 nulla
1748 4078 1992 4143 transformatur

439 4176 471 4237 in
489 4175 620 4238 mortale
635 4183 800 4257 peccatum
816 4194 955 4237 ruamus.
968 4176 1069 4257 Atque
1084 4196 1122 4239 611
1136 4176 1185 4237 his
1202 4174 1226 4235 D
1243 4177 1391 4259 imagine,
1414 4177 1462 4239 sui
1488 4178 1589 4259 ipsius
1610 4176 1650 4239 fit
1668 4185 1791 4258 potens,
1807 4186 1838 4241 61
1857 4178 1929 4241 sine
1950 4179 1992 4240 la-

439 4276 571 4338 honesta
598 4273 843 4355 magnanimitas
868 4273 1000 4336 scaturit
1024 4274 1093 4337 sive
1122 4294 1187 4336 ma·

438 4380 504 4452 nat,
532 4392 588 4454 per
614 4390 711 4452 quam
740 4390 868 4435 omnem
897 4390 964 4433 rem
993 4372 1185 4454 culpabilem

438 4470 583 4553 expedite
607 4470 855 4549 contemnimus,
872 4479 1049 4551 cunctaque
1074 4470 1188 4533 transi-

437 4569 517 4633 toria
531 4568 607 4631 vilia
620 4568 812 4650 judicamuS,
830 4567 875 4629 nil
895 4587 933 4630 ea
952 4577 1110 4644 curantes,
1127 4568 1187 4629 nil-

437 4688 499 4750 que
515 4668 663 4729 timcntes
678 4666 740 4728 nisi
760 4666 922 4744 1)611111,111
943 4666 1042 4728 Deum
1063 4667 1187 4729 dumta-

436 4774 490 4830 xat
513 4774 699 4846 sperantes;
725 4763 850 4826 nullum
873 4765 1011 4844 denique
1035 4784 1186 4845 magnum

438 4864 628 4928 arbitramur
641 4870 697 4924 aut
710 4870 795 4924 66116
810 4869 984 4944 potentem,
1000 4862 1062 4924 nisi
1084 4863 1187 4925 solum

438 4963 548 5025 Deum.
579 4958 684 5021 Animi
719 4977 857 5040 namque
892 4960 1040 5022 honestas
1071 4960 1187 5023 divinae

438 5058 548 5123 virtuti
564 5056 664 5135 unita,
681 5056 763 5118 ultra
781 5074 909 5119 omnem
931 5066 1107 5121 creaturam
1130 5078 1187 5121 nos

439 5156 544 5239 erigit,
562 5153 727 5236 poscitque
742 5171 800 5216 nos
815 5154 877 5217 Deo
892 5156 1011 5219 servire
1032 5165 1063 5220 61
1085 5176 1190 5239 regra-

439 5255 523 5333 tiari,
548 5253 676 5317 laudare
700 5270 773 5317 611111
798 5270 835 5314 66
859 5254 1000 5318 adorare.
1029 5256 1061 5318 Si
1089 5256 1188 5319 lleum

1243 4278 1318 4339 bore
1333 4275 1373 4338 fit
1387 4276 1500 4338 unicus
1519 4284 1551 4339 et
1572 4276 1715 4356 intimus,
1732 4276 1801 4339 sine
1823 4276 1913 4340 omni
1936 4276 1991 4337 im·

1243 4375 1424 4457 pedimento
1440 4394 1473 4437 se
1488 4375 1527 4437 ad
1542 4375 1642 4437 Deum
1657 4394 1730 4437 cum
1752 4374 1875 4438 fervida
1898 4376 1992 4437 devo-

1244 4473 1329 4536 tione
1355 4473 1479 4553 altoque
1504 4473 1651 4555 suspirio,
1673 4473 1844 4555 gratiarum
1865 4473 1991 4536 actione

1244 4589 1280 4633 ao
1306 4571 1397 4633 laude
1426 4569 1628 4651 simplicique
1655 4570 1832 4634 intentione
1861 4589 1993 4634 conver-

1244 4678 1324 4732 tens.
1338 4659 1450 4732 Omnia
1463 4687 1590 4750 quoque
1604 4687 1700 4751 opera
1714 4688 1772 4732 sua
1786 4676 1817 4732 et
1831 4670 1899 4732 vita
1913 4670 1992 4732 inte

1243 4768 1308 4830 1161
1321 4775 1415 4847 atque
1429 4768 1564 4830 exterior
1579 4766 1709 4847 sapiunt
1722 4766 1763 4829 ei.
1772 4768 1839 4829 Stat
1854 4786 1991 4848 namque

1243 4873 1315 4928 ante
1344 4864 1505 4927 Trinitatis
1535 4866 1744 4929 sanctissimae
1772 4866 1936 4944 thronum,
1963 4872 1994 4927 ct

1243 4963 1426 5044 frequenter
1440 4982 1458 5025 a
1472 4964 1535 5027 lleo
1550 4963 1708 5026 internam
1725 4964 1837 5046 recipit
1852 4964 1994 5027 consola·

1244 5058 1363 5121 tionem
1378 5066 1472 5139 atque
1493 5058 1696 5121 dulcedinem
1714 5083 1721 5121 :
1739 5077 1812 5120 nam
1834 5060 1873 5122 ad
1896 5061 1992 5122 talem

1245 5175 1387 5220 mensam
1417 5176 1489 5219 cum
1518 5156 1690 5237 gratiarum
1725 5157 1861 5236 actione,
1900 5158 1993 5220 laude

1246 5276 1282 5319 ac
1298 5254 1410 5318 intima
1428 5254 1669 5336 dignificatione
1688 5254 1883 5332 deserviens,
1901 5255 1994 5318 uber·
