4309 6259
356 506 575 555 aerumma
595 508 634 555 ar
654 508 818 556 nronrrarn
838 507 955 569 ulain,
975 508 1064 555 anna
1084 509 1105 555 r.
1128 527 1169 539 -
1189 510 1258 557 aar.
1281 510 1369 569 xxiii,
1392 512 1466 559 xxiv
1625 496 1685 559 tet

136 684 240 758 potest
252 676 309 740 Dei
329 677 463 740 thronus
483 677 751 758 quemadmodum
772 684 884 739 venter
897 676 923 739 Δ
937 675 1050 757 efficit,
1066 676 1123 758 qui
1144 677 1236 741 orbes
1258 679 1364 761 palmo
1385 680 1525 760 metitur,
1546 680 1600 763 qui
1622 682 1685 745 alta

135 784 208 838 tuus
233 774 431 838 benedictus.
456 774 615 857 Numquid
644 776 730 838 enim
756 775 883 839 illorum
938 775 1103 852 coelorum,
1120 784 1209 838 vaste
1223 784 1377 840 terrarum
1393 779 1592 861 mariumque
1613 798 1686 862 pro-

134 872 297 954 quidpiam
325 874 424 936 Deum
452 873 705 937 circumscribit?
730 882 785 936 aut
812 873 884 935 ideo
937 871 1036 935 funda
1051 873 1208 952 fundavit,
1226 894 1244 936 a
1259 874 1352 956 cujus
1366 875 1497 958 insuper
1511 886 1838 959 conspectantium.

133 970 190 1031 Dei
214 969 349 1033 thronus
376 978 425 1033 est
452 971 603 1052 quoniam
627 971 733 1053 ipsum
758 970 885 1033 realiter
938 969 1010 1032 coeli
1031 988 1158 1051 quoque
1180 973 1336 1036 columne
1357 975 1484 1037 etitem
1505 975 1592 1038 orbis
1613 974 1685 1038 fun-

134 1068 227 1131 inse
254 1067 384 1147 claudit,
410 1077 444 1132 et
467 1087 531 1133 non
557 1069 663 1151 potius
687 1069 807 1133 ratione
831 1067 883 1131 vel
938 1067 1087 1130 (lamenta
1115 1070 1365 1133 contremiscunt
1392 1072 1525 1154 (quippe
1552 1073 1608 1153 qui
1638 1092 1686 1136 re·
1699 1095 1830 1151 raama.

134 1166 381 1230 illuminationis
407 1175 462 1230 aut
485 1167 691 1250 operationis,
717 1167 769 1229 vel
797 1175 883 1229 certe
939 1164 1032 1246 spicit
1054 1173 1183 1245 terram,
1204 1175 1236 1229 et
1260 1167 1429 1231 faciteam
1453 1178 1610 1247 tremere;
1629 1172 1684 1253 qui

134 1265 242 1347 gratian
257 1265 426 1346 specialisf
441 1265 577 1347 Alioqui,
593 1265 620 1327 si
640 1266 711 1329 ideo
725 1265 779 1329 Ilei
798 1265 886 1327 thro-
940 1262 1040 1344 tangit
1066 1272 1204 1342 montes,
1233 1272 1265 1327 et
1292 1265 1475 1347 fumigant),
1506 1267 1542 1330 in
1569 1268 1686 1351 glorio-

134 1384 195 1427 nus
223 1372 370 1428 creatura
396 1365 459 1428 dici
486 1373 582 1445 queat
609 1364 759 1446 quoniam
787 1364 820 1425 in
849 1382 883 1425 se
940 1359 1064 1423 sissimo
1093 1363 1367 1445 mundissimoque
1394 1373 1449 1429 tuo
1477 1374 1567 1431 utero
1598 1386 1687 1431 men-

135 1462 347 1526 cssentialiter
370 1482 445 1525 eurn
469 1461 575 1539 habet,
598 1481 697 1543 quum
722 1462 822 1544 ipsius
847 1461 885 1523 il·
939 1477 993 1520 sus
1007 1466 1066 1536 est,
1083 1459 1344 1544 circumscriptus
1365 1470 1423 1541 est,
1441 1464 1610 1528 conclusus
1625 1474 1684 1544 est,

135 1561 269 1623 limitata
304 1568 417 1623 natura
446 1560 595 1623 omnibus
626 1559 713 1638 insit,
743 1560 885 1641 ipsorum
938 1574 1003 1619 non
1030 1557 1141 1638 utique
1166 1557 1200 1619 in
1225 1560 1364 1641 propria,
1385 1561 1440 1623 sed
1466 1561 1499 1623 in
1523 1570 1687 1645 assumpta

134 1660 385 1741 unumquodque
405 1658 459 1721 Dei
478 1658 611 1722 thronus
630 1658 805 1723 exsisteret.
823 1658 884 1720 Sed
938 1663 1061 1717 natura.
1083 1654 1161 1736 Quo,
1182 1675 1201 1720 ο
1222 1657 1326 1737 blena,
1347 1658 1417 1739 ejus
1439 1659 1614 1741 mejestatis
1636 1679 1688 1723 ex-

135 1776 185 1833 en,
202 1775 222 1819 o
241 1756 409 1838 praelecta
427 1756 585 1837 unicaque
604 1757 671 1835 Ilei,
687 1775 784 1838 quem
799 1764 883 1819 totus
938 1752 1071 1817 inanitio
1096 1754 1295 1836 profundior,
1315 1775 1353 1820 co
1377 1757 1486 1839 utique
1506 1758 1555 1839 (ni
1580 1757 1687 1839 fallor)

134 1874 197 1919 non
223 1855 311 1935 capit
333 1856 431 1933 orbis,
452 1856 486 1918 in
512 1864 565 1920 tua
589 1876 623 1919 se
642 1855 756 1919 clausit
774 1855 883 1917 castis·
900 1855 993 1918 Btua
1011 1850 1096 1915 facta
1115 1863 1163 1917 est
1182 1853 1331 1919 exaltatio
1352 1856 1464 1937 major.

133 1953 213 2015 sima
237 1952 374 2032 viscera,
400 1954 578 2037 mansitque
602 1954 637 2016 in
661 1963 692 2018 te
716 1961 782 2018 tota
806 1952 885 2016 divi-
979 1949 1082 2029 Salve,
1099 1951 1276 2031 purissime
1292 1952 1432 2034 Virginis
1454 1960 1565 2017 venter
1586 1974 1690 2018 sacra-

133 2052 213 2115 nitas
242 2052 452 2133 corporaliter
478 2062 510 2115 et
538 2053 714 2135 requievit3
743 2052 884 2133 itemque
938 2056 981 2127 te,
1008 2049 1148 2113 coelestis
1177 2051 1284 2133 sponsi
1313 2052 1481 2131 thalamus,
1506 2052 1562 2116 Dei
1591 2053 1689 2116 Patris

134 2150 249 2214 resedit
263 2151 299 2213 in
314 2158 345 2213 te
360 2150 444 2213 Deus
458 2159 602 2215 materno
613 2158 884 2215 commensuratus
939 2146 1134 2227 cubiculum,
1159 2148 1229 2210 Filii
1258 2148 1329 2230 ejus
1357 2152 1523 2233 templum,
1552 2150 1689 2234 Spiritus

133 2249 315 2330 loculo,qui
329 2268 434 2331 neque
448 2249 481 2311 in
497 2250 776 2331 supercaelestibus
791 2250 885 2313 'l'hro
939 2246 1045 2308 Sancti
1068 2247 1255 2326 sacrarium,
1281 2247 1461 2311 Divinitatis
1490 2249 1689 2314 reclinatori-

134 2349 181 2410 nis
211 2349 317 2412 metiri
346 2349 441 2411 valet.
467 2347 490 2411 0
519 2348 607 2428 felir,
632 2368 652 2411 e
680 2350 826 2426 amanda,
852 2357 885 2411 et
938 2364 1005 2424 um,
1035 2345 1257 2409 universorum
1290 2346 1401 2410 salutis
1435 2348 1686 2430 tabernaculum,

136 2444 402 2529 superdiligibilis
429 2454 462 2508 et
490 2465 600 2510 revera
624 2446 884 2530 incomparabilis
938 2444 1048 2507 hortus
1071 2444 1270 2523 deliciarum,
1298 2446 1462 2526 paradisus
1486 2448 1686 2528 gaudiorum,

137 2545 241 2625 llaria,
267 2542 322 2607 cui
346 2562 380 2605 se
404 2544 498 2623 Deus,
523 2544 576 2607 cui
600 2544 646 2606 nil
672 2563 812 2626 compar,
837 2543 885 2607 nil
939 2541 1121 2605 divinorum
1150 2552 1384 2606 sacramentum
1411 2544 1616 2609 mirabilium.
1643 2546 1688 2609 Ex

137 2644 268 2725 ecquale,
289 2642 337 2705 nil
361 2641 490 2705 demum
514 2641 750 2725 proportionale
772 2650 884 2721 exstat,
938 2647 970 2703 te
993 2659 1109 2722 nempe
1131 2641 1251 2705 mundo
1275 2641 1329 2705 lux
1351 2650 1419 2706 orta
1442 2651 1501 2721 est,
1521 2663 1560 2707 cx
1581 2652 1612 2708 te
1632 2645 1689 2709 he
1701 2679 1832 2729 p,‚„„‚„,

138 2749 201 2803 tam
229 2740 399 2821 dignanter
426 2739 566 2821 itemque
594 2741 769 2804 clementer
800 2756 886 2802 com·
939 2738 1062 2799 minum
1092 2738 1176 2802 salus
1205 2746 1299 2818 nata3
1325 2759 1362 2803 ex
1389 2748 1421 2804 te
1450 2742 1587 2805 mundus
1615 2762 1687 2825 pro-

138 2838 337 2903 mensuravit
349 2848 445 2920 atque
466 2838 595 2921 aptavit,
612 2837 727 2917 univit,
743 2836 884 2913 inclusit,
940 2835 1044 2917 prium
1073 2834 1156 2897 intra
1185 2854 1218 2898 se
1247 2844 1421 2900 creatorem
1454 2839 1622 2919 conclusit,
1651 2840 1689 2903 li-

139 2947 169 3000 et
186 2938 286 3019 (quod
306 2937 471 3015 veraciter,
488 2937 635 3019 quamvis
657 2934 887 3000 inaestimabili-
940 2933 1182 3014 heratercmque
1211 2935 1372 3016 suscepit3
1403 2955 1441 2998 ex
1471 2944 1501 2999 te
1528 2936 1611 3001 Fons
1639 2946 1688 3001 est

47 3049 125 3097 aaa.
139 3046 185 3099 ter
202 3036 342 3114 dicatur)
362 3034 559 3117 subjecitlt)
580 3034 707 3098 felicem
728 3042 885 3112 ventrem,
900 3032 923 3095 (l
941 3031 1098 3094 universe
1117 3049 1262 3112 egressus
1288 3032 1423 3112 laetitia3
1445 3052 1483 3096 cx
1502 3042 1532 3096 te
1551 3034 1690 3099 incessa-

138 3135 285 3217 quicum
306 3132 444 3215 portavit
464 3132 519 3213 qui
541 3133 697 3195 mnndum
719 3139 884 3211 sustentat,
941 3128 1016 3192 bilis
1029 3129 1139 3211 glorie
1153 3130 1316 3193 materiam
1328 3138 1511 3213 aeterneque
1526 3131 1689 3197 felicitatis

139 3240 253 3297 cuncta
275 3231 452 3314 gubernati
469 3229 524 3312 qui
550 3230 635 3294 hune
655 3248 783 3311 quoque
804 3230 887 3293 intra
942 3227 1083 3291 letitiam
1098 3245 1157 3290 nos
1172 3229 1299 3291 sortitos
1314 3230 1468 3292 letamur.
1485 3230 1613 3294 Uternm
1633 3232 1690 3294 ite-

48 3366 126 3404 tem,
139 3352 171 3394 se
199 3332 280 3395 aluit
308 3330 343 3392 in
370 3347 434 3411 quo
462 3328 606 3392 omnium
633 3329 718 3392 oculi
745 3336 884 3410 sperant,
940 3344 1003 3408 que
1017 3333 1119 3404 tuum,
1132 3332 1282 3405 tanquam
1298 3326 1499 3408 preelectum
1516 3329 1689 3391 sacrarium

138 3432 253 3511 datque
272 3428 325 3491 his
343 3446 450 3491 escam
469 3426 503 3490 in
523 3435 666 3510 tempore
685 3434 886 3509 opportuno,
941 3423 1061 3505 beique
1085 3421 1252 3503 templum,
1278 3442 1373 3487 omne
1398 3433 1483 3487 amet
1507 3435 1690 3490 veneretur-

139 3530 192 3611 qui
207 3528 327 3593 coelum
342 3535 522 3608 terramque
537 3524 628 3607 regit,
644 3524 795 3607 disponit,
812 3542 888 3587 con·
942 3539 1004 3601 que
1032 3520 1195 3599 seculum,
1222 3520 1307 3582 unde
1334 3520 1421 3584 rivus
1450 3522 1556 3585 omnia
1583 3524 1690 3605 rigans

139 3629 217 3689 tinet
240 3636 338 3707 atque
360 3633 537 3688 conservat.
942 3626 1037 3699 atque
1055 3616 1239 3697 vivificans,
1260 3626 1292 3681 et
1310 3618 1417 3682 omnia
1437 3620 1690 3701 speclesissimus

942 3716 1004 3780 flos
1032 3717 1186 3780 decorans
1215 3716 1345 3779 etitem
1370 3717 1558 3797 reformans,
1583 3719 1690 3800 egredi

942 3834 980 3877 ac
1000 3814 1089 3877 nasci
1110 3813 1258 3895 dignatus
1279 3820 1337 3877 cst.

311 3895 558 3961 ARTIGULUS
580 3895 708 3959 XXIII.

141 4044 381 4106 Commendatio
408 4044 555 4119 virginei
581 4044 789 4123 maternique
815 4062 889 4103 oen·
1116 4076 1361 4141 ARTIGULUS
1391 4076 1515 4142 XXIV·

179 4137 242 4195 tris
267 4134 420 4211 gloriosae
447 4134 574 4194 Puettoe
604 4132 792 4212 divinoque
819 4134 889 4195 Vir-

175 4225 279 4299 ginis.
903 4214 929 4277 D
945 4228 1221 4295 Quentadmodum
1232 4243 1251 4284 a
1262 4244 1373 4285 serena
1388 4235 1533 4287 amatore
1547 4230 1692 4291 Mariam

1119 4316 1336 4390 contemplari
1355 4324 1512 4391 oporteat.

52 4433 128 4477 tnta
215 4412 288 4472 UIS
302 4429 432 4469 mensus
445 4415 491 4467 est
508 4408 638 4485 pupillo
652 4428 766 4487 aquas,
781 4417 811 4468 et
832 4428 891 4469 coe·

224 4512 272 4569 les
281 4511 392 4584 palmo
401 4506 626 4583 ponderavit?
641 4507 720 4574 Quis
734 4509 891 4581 appendit
1013 4496 1140 4560 omno
1154 4517 1212 4580 per
1230 4498 1473 4563 similitudinem
1492 4502 1693 4568 assimilatio-

142 4610 247 4667 tribus
275 4606 393 4682 digitis
417 4608 532 4665 motem
561 4613 671 4674 terro,
695 4612 725 4663 ct
754 4606 890 4665 libravit
1027 4614 1165 4677 nemque
1189 4596 1331 4659 efficitur
1357 4621 1364 4659 ε
1390 4598 1526 4681 ideoque
1552 4610 1692 4665 contem-

142 4706 175 4765 in
193 4706 340 4781 pondere
359 4710 494 4771 montes,
515 4710 546 4761 et
567 4705 662 4761 cottea
683 4704 719 4761 in
740 4705 890 4763 statera?
944 4695 1041 4779 platio
1064 4695 1188 4757 sincera
1211 4693 1279 4757 fore
1299 4697 1423 4777 nequit,
1445 4697 1471 4759 si
1494 4717 1559 4763 non
1580 4700 1691 4782 utique

142 4804 186 4864 Ad
210 4799 437 4864 insinuandam
465 4805 590 4861 aterne
619 4816 814 4879 summeque
838 4800 889 4861 Ili-
944 4792 1157 4872 contemplato
1176 4794 1407 4875 contemplator
1424 4803 1597 4879 utcumque
1617 4817 1692 4863 con·
1818 4862 1822 4870 ,

142 4899 283 4963 vinitatis
296 4896 582 4979 incomparabilem
596 4896 828 4977 excellentiam,
845 4898 890 4960 in·
943 4890 1108 4954 formetur.
1124 4888 1232 4971 Neque
1257 4890 1342 4953 eninr
1364 4890 1396 4953 in
1416 4891 1606 4957 malevolam
1624 4897 1691 4959 ani-
1703 4924 1809 4982 sapas.

143 4996 413 5077 circumscriptam
452 4994 664 5072 altitudinem,
699 4993 889 5076 penitusque
944 5008 1027 5051 mam
1042 4987 1185 5051 introibit
1198 4988 1521 5071 sapientia,qu0niam
1533 4992 1691 5074 recipiens

142 5096 392 5177 omnipotentem
419 5100 618 5175 potestatem,
644 5111 663 5154 a
691 5090 783 5154 beato
811 5111 889 5174 pra-
944 5086 1122 5168 receptibili
1143 5086 1243 5167 aptari
1257 5095 1398 5168 oportet;
1414 5107 1507 5169 porro
1523 5091 1688 5173 sapientia,

143 5193 273 5258 inducta
296 5192 475 5255 introducta
499 5198 573 5253 sunt
597 5191 673 5253 Vate
698 5189 805 5253 verba.
827 5191 889 5255 Sed
944 5184 1053 5250 divina
1075 5191 1177 5247 exstat
1199 5185 1358 5267 possessio
1381 5208 1388 5247 :
1412 5188 1571 5267 quomodo
1594 5188 1692 5270 igitur

143 5310 195 5371 en,
222 5310 243 5357 o
270 5289 436 5357 deiformis
463 5288 570 5368 llaria,
594 5286 650 5368 qni
677 5295 794 5353 cuncta
821 5290 890 5355 hac
944 5284 1119 5367 malignum
1134 5302 1383 5364 perversumque
1402 5284 1545 5349 animum
1560 5286 1691 5353 introire
