4309 6259
472 448 530 513 lel
748 464 787 511 00
808 464 898 513 coms
919 465 1053 512 00000000
1075 460 1194 524 000000,
1217 462 1391 509 rnxcrxrus
1412 464 1445 509 00.
1465 483 1507 493 -
1524 465 1595 511 000.
1618 464 1671 521 000,
1692 465 1749 510 mu

471 634 556 698 fiunt
585 654 641 717 per
669 634 832 717 sapientia
860 636 990 715 donum,
1016 634 1221 717 quemadmo-
1237 635 1262 696 Α
1278 634 1352 697 dere
1376 635 1499 697 debeat.
1526 636 1586 697 Sed
1612 635 1681 717 ipsa
1709 634 1784 698 boni
1813 634 1947 717 cognitio
1971 636 2003 697 ad

473 736 549 797 dum
565 736 704 797 secundo
720 734 858 815 capitulo
880 734 918 796 de
941 734 1063 796 Divinis
1085 733 1223 795 nomini·
1277 731 1473 813 diligendum
1503 734 1697 796 voluntatem
1729 733 1925 797 sufficienter
1951 753 2004 795 non

475 833 533 895 bus
570 832 719 913 princeps
760 832 976 913 theologorum
1020 831 1221 894 beatissimus
1276 831 1401 904 excitat,
1419 832 1482 893 nisi
1497 831 1686 913 intelligenti
1707 831 1826 895 bonum
1845 832 2005 913 apprehen-

473 929 641 1011 Dionysius
665 930 705 991 de
734 930 764 991 S.
795 929 963 992 flierotheo
993 937 1136 1006 testatur,
1166 927 1220 1009 qui
1277 946 1346 989 sum
1361 927 1522 990 dulcescat
1536 947 1592 990 scu
1607 928 1726 1009 sapiat:
1739 928 1891 990 sicutnec
1906 946 2006 989 sensus

473 1028 592 1090 exstitit
626 1028 658 1089 in
688 1028 807 1089 divinis
836 1027 1007 1109 perfectuS,
1025 1046 1089 1089 non
1118 1025 1220 1090 solum
1276 1034 1386 1106 gustus
1407 1026 1582 1107 appetitum
1606 1026 1886 1106 concupiscibilem
1910 1026 1948 1086 ad
1969 1024 2006 1085 ci-

472 1125 610 1205 discens,
627 1126 682 1188 sed
696 1125 825 1187 demum
840 1145 877 1187 ea
892 1126 1026 1205 palione,
1045 1125 1076 1186 id
1096 1132 1145 1185 est
1165 1143 1220 1205 gu-
1278 1125 1350 1186 bum
1367 1124 1579 1203 appetendum
1603 1123 1743 1203 plenarie
1766 1120 1888 1201 excitat,
1904 1122 1963 1183 nisi
1981 1131 2006 1183 00

472 1232 570 1303 stans,
601 1242 696 1304 seque
725 1222 844 1284 divinis
877 1241 934 1303 per
961 1222 1113 1284 associum
1145 1240 1220 1283 con·
1276 1221 1345 1301 ipse
1360 1220 1450 1283 cibus
1464 1221 1569 1301 gustui
1585 1221 1724 1282 suaviter
1735 1221 2006 1301 sapiat.Propterca

473 1320 624 1384 formans.
1276 1319 1411 1400 Spiritus
1431 1320 1565 1381 Sanctus
1588 1319 1671 1382 dono
1695 1318 1859 1402 sapientia
1878 1326 2007 1380 mentem

1276 1416 1436 1495 informat,
1454 1424 1487 1478 ut
1510 1417 1580 1497 ejus
1604 1416 1806 1498 inspirationi
1830 1416 2005 1493 obediendo,

1274 1514 1384 1577 divina
1409 1533 1558 1595 saporose
1582 1514 1735 1593 intendat,
1760 1522 1855 1595 atque
1877 1532 1933 1595 per
1955 1515 2006 1575 boc

670 1585 916 1649 ARTICULUS
941 1583 1015 1646 VH·
1273 1614 1312 1674 ad
1333 1631 1443 1675 eorum
1463 1620 1608 1675 sanctum
1632 1612 1855 1693 fervidumque
1876 1630 2006 1673 amorem

471 1736 632 1803 Quomodo
654 1736 776 1793 donum
799 1732 969 1809 sapienetm
990 1752 1009 1789 a
1028 1732 1144 1791 ceteris
1164 1732 1218 1789 do.
1274 1710 1421 1791 faciliter,
1442 1711 1506 1774 imo
1531 1718 1562 1772 00
1586 1710 1768 1791 frequenter
1789 1718 1941 1791 assurgat.
1955 1710 2007 1771 llo

509 1826 563 1883 ais
577 1824 827 1898 distinguentem·
842 1841 940 1900 quam
961 1821 1118 1879 cz'rtatem
1136 1811 1255 1879 theo-B
1274 1829 1351 1870 num
1365 1828 1440 1889 ergo
1459 1809 1622 1889 sapientia
1643 1810 1804 1871 caritatem
1827 1808 1960 1889 perficit,
1974 1827 2006 1868 ac

510 1913 646 1989 topicam
669 1912 841 1987 sapientire
859 1914 979 1969 donum
997 1910 1160 1986 perficiat.
1273 1906 1400 1987 agilem,
1414 1905 1559 1969 stabilem
1574 1907 1777 1988 quietamque
1792 1906 2008 1987 reddit,quem

1273 2006 1443 2067 admodum
1475 2005 1506 2065 in
1541 2005 1700 2068 Canonica
1726 2005 1834 2067 Jacobi
1862 2004 2007 2084 scriptum

539 2105 672 2167 llfPLlUS
709 2103 999 2185 contemplandum,
1029 2103 1114 2184 quod
1143 2101 1219 2164 licet
1273 2111 1321 2164 est
1344 2127 1350 2163 :
1373 2104 1446 2177 Quae
1468 2112 1573 2165 autem
1594 2103 1760 2165 desursum
1781 2111 1830 2165 000
1849 2102 2005 2184 sapientia,
2028 2124 2106 2165 men

554 2203 637 2265 dona
660 2202 796 2283 Spiritus
822 2201 927 2263 Sancti
954 2201 1097 2263 omnium
1126 2200 1218 2263 vitio
1273 2202 1519 2283 primoquidem
1535 2202 1650 2282 pudica
1664 2210 1722 2279 est,
1738 2201 1853 2263 deinde
1868 2200 2005 2281 pacifica,
2019 2191 2044 2229 '⁷'

470 2320 541 2363 rum
563 2300 627 2362 sint
645 2300 882 2381 promptissime
901 2298 1075 2379 expulsiva,
1092 2299 1219 2361 univer·
1274 2301 1427 2377 modesta,
1463 2300 1635 2378 suasibilis,
1673 2300 1764 2363 bonis
1801 2300 2006 2376 consentiens,

471 2418 640 2479 sarumque
665 2398 818 2460 virtutum
844 2396 1023 2478 expeditiva
1050 2416 1087 2458 ac
1116 2397 1219 2477 perfer
1275 2400 1368 2480 plena
1382 2398 1601 2462 misericordia
1615 2406 1646 2461 et
1660 2396 1816 2461 fructibus
1831 2398 1933 2461 bonis.

472 2497 565 2575 ctiva,
574 2496 675 2559 nihilo
691 2496 798 2557 minus
813 2505 1036 2575 tamen,quum
1052 2495 1121 2576 ipsa
1135 2495 1219 2558 dona

473 2594 728 2675 supernaturales
744 2594 807 2655 sint
824 2593 950 2656 habitus
972 2594 1011 2655 ad
1033 2603 1219 2675 supernatu-

475 2692 572 2755 ralem
609 2694 852 2775 gubernatorem
887 2698 1027 2754 mentem
1061 2701 1216 2772 aptantes,
1465 2650 1709 2715 ARTICULUS
1732 2652 1824 2715 VIH·

468 2799 624 2872 quatenus
660 2791 847 2873 inspirativo
882 2789 1045 2852 instinctui
1082 2790 1218 2871 Spiritus
1366 2804 1413 2861 De
1436 2802 1620 2860 necessitate
1641 2801 1722 2859 doni
1741 2801 1922 2874 sapientiae.

472 2889 578 2951 Sancti
603 2890 636 2951 00
657 2889 780 2953 0000000
799 2888 936 2967 obediat,
953 2888 1061 2968 sicque
1083 2889 1218 2951 rationa-

471 2987 535 3049 lem
551 2996 728 3050 crcaturam
742 2987 781 3049 ad
798 2987 1068 3067 supernaturalem
1084 2987 1254 3052 beatitud
1277 2985 1497 3198 QUONlAlf,
1514 2993 1592 3047 teste
1613 2986 1774 3066 Apostofo,
1794 2986 1942 3049 animalis
1961 2988 2010 3051 bo
2022 3008 2114 3076 000,ιο

473 3086 581 3147 dinem
606 3086 810 3161 ordinantes3
836 3084 956 3147 idcirco
981 3085 1019 3147 ad
1049 3085 1219 3167 expedien-
1359 3104 1412 3148 mo
1426 3103 1490 3147 uon
1506 3083 1642 3163 percipit
1655 3103 1692 3146 ea
1712 3103 1782 3165 000
1796 3094 1871 3148 0000
1885 3086 2012 3167 Spiritus

472 3184 548 3245 dum
563 3192 656 3264 atque
671 3183 847 3245 amandum
864 3183 995 3245 virtutes
1011 3183 1216 3265 theologicas,
1273 3184 1341 3263 Dei,
1357 3201 1421 3245 non
1441 3180 1565 3243 sufficit
1583 3181 1704 3243 homini
1729 3182 1768 3244 ad
1794 3183 1929 3245 salutem
1952 3185 2012 3247 sola

471 3300 542 3361 000
557 3288 588 3343 00
603 3281 678 3363 ipsae
693 3280 948 3362 supernaturales
963 3289 1037 3343 sunt
1056 3281 1217 3363 inlusique
1274 3281 1367 3360 fides,
1384 3280 1446 3342 nisi
1462 3279 1625 3360 sapientiae
1640 3279 1806 3342 condiatur
1820 3300 1944 3362 sapore,
1960 3283 2015 3344 sic-

472 3378 598 3441 habitus
612 3380 651 3440 ad
666 3379 938 3459 supematuralem
952 3378 1139 3441 felicitatem
1152 3399 1219 3461 per·
1274 3398 1336 3460 que
1351 3376 1528 3459 spiritualia
1542 3397 1579 3439 00
1594 3375 1704 3439 divina
1719 3378 1887 3459 percipiat,
1904 3388 2012 3461 gustet,

471 3479 633 3556 00000000,
655 3478 737 3539 dona
763 3477 921 3558 precipue
947 3476 1159 3539 infunduntur
1180 3498 1218 3541 ac
1274 3477 1443 3538 discernat.
1474 3474 1561 3537 Fidei
1597 3474 1716 3555 quippe
1750 3476 1899 3557 proprius
1933 3488 2014 3539 00000

470 3576 667 3638 ordinantur.
698 3576 859 3657 Sapientia
895 3596 969 3638 vcro
1001 3596 1071 3657 quae
1099 3578 1217 3638 donum
1275 3594 1337 3637 non
1358 3582 1405 3636 est
1424 3573 1485 3635 uisi
1505 3592 1670 3635 assensum
1685 3574 1852 3637 credendis
1868 3576 2014 3656 praebere.

471 3683 529 3754 000,
556 3675 618 3738 duo
644 3674 788 3753 includit,
818 3674 966 3737 videlicet
990 3676 1217 3756 cognitionem,
1274 3673 1331 3735 llic
1346 3680 1451 3735 autcm
1467 3690 1614 3732 assensus
1635 3670 1788 3733 inefficax
1809 3681 1868 3751 est,
1884 3674 1949 3736 nisi
1968 3676 2017 3736 ad-

471 3781 501 3836 et
526 3783 651 3854 gustum
677 3774 744 3835 sire
764 3792 920 3855 saporem,
944 3774 1036 3854 cujus
1056 3794 1151 3836 causa
1172 3783 1220 3836 est
1274 3770 1367 3832 datur
1381 3778 1501 3832 rectum
1516 3768 1672 3850 judicium
1688 3769 1727 3831 dc
1742 3769 1911 3833 credendis
1923 3772 2016 3853 :quod

473 3868 587 3931 caritas
615 3870 647 3930 in
678 3869 839 3933 voluntate
868 3870 1034 3932 exsistens.
1061 3872 1219 3946 Quantum
1274 3867 1706 3949 fitpersapientiaedonum,
1723 3886 1793 3947 quae
1813 3868 2017 3949 pretiosuma
2111 3945 2112 3952 ἵ

473 3986 547 4047 ergo
562 3968 600 4029 ad
617 3967 718 4048 ipsam
733 3969 808 4030 doni
824 3969 986 4050 sapientiae
999 3969 1219 4050 sapientialem
1274 3966 1343 4045 vili,
1359 3965 1475 4027 falsum
1496 3985 1514 4026 a
1536 3984 1610 4026 vero
1630 3964 1784 4027 discernit
1801 3974 1896 4047 atque
1918 3988 2016 4050 segre
2111 3987 2112 4010 ¹

474 4064 630 4144 notitiam,
654 4066 808 4145 sapientia
832 4066 960 4148 perficit
983 4066 1095 4145 fidem,
1112 4068 1219 4130 confe-
1274 4073 1336 4146 gat.
1353 4065 1425 4127 fdeo
1442 4064 1474 4125 in
1490 4063 1571 4126 libro
1586 4062 1755 4143 Sapientia
1770 4064 1927 4145 scriptum
1947 4077 2013 4129 est:

475 4162 572 4223 rendo
588 4163 685 4224 menti
703 4172 822 4225 rectum
837 4163 993 4245 judicium
1011 4165 1096 4225 circa
1110 4164 1218 4226 divina
1233 4160 1258 4223 D
1273 4163 1439 4225 Neminem
1457 4162 1562 4243 diligit
1580 4160 1673 4240 Deus,
1689 4162 1751 4223 nisi
1772 4181 1846 4225 eum
1869 4165 1927 4245 qui
1948 4184 2016 4228 0000
2039 4194 2079 4245 ss,
2094 4200 2112 4234 a

474 4260 533 4322 sub
548 4260 613 4321 fide
629 4260 793 4337 cadentia3
810 4270 962 4343 quantum
979 4280 1053 4325 vero
1068 4262 1107 4323 ad
1129 4281 1219 4343 0ορ0
1274 4261 1429 4341 sapientia
1452 4259 1628 4335 inhabitat;
1651 4269 1681 4321 ct
1706 4279 1814 4323 rursus
1836 4285 1843 4323 :
1865 4260 2017 4345 (1000000-
2027 4260 2109 4360 jhu,

474 4376 580 4421 rosum
610 4358 710 4439 ipsius
744 4367 882 4439 gustum,
914 4359 959 4421 sic
989 4360 1154 4422 concernit
1181 4379 1219 4421 ac
1273 4358 1394 4421 scentia
1409 4358 1572 4439 sapientiae
1586 4357 1721 4419 deducet
1735 4358 1773 4419 ad
1794 4378 1931 4440 regnum
1952 4381 2017 4443 per-
2067 4331 2112 4380 ···t

473 4454 602 4538 perficit
636 4456 809 4519 caritatem.
841 4457 899 4519 Per
926 4458 986 4519 hoc
1015 4458 1102 4520 enim
1135 4459 1218 4539 quod
1274 4465 1415 4538 potuum.
1432 4456 1527 4519 Porro
1543 4456 1657 4518 caritas
1672 4455 1731 4518 via
1749 4457 1881 4520 omnino
1903 4459 2017 4541 imper-

473 4554 660 4634 intelligenti
678 4574 741 4617 non
757 4554 860 4617 solum
875 4554 1078 4618 innotescunt
1098 4558 1152 4618 sed
1173 4557 1220 4617 in·
1274 4554 1357 4616 fecta
1371 4554 1503 4633 exsistit,
1520 4562 1552 4615 et
1566 4553 1787 4634 multipliciter
1807 4554 1840 4616 00
1860 4563 1937 4618 0000
1951 4577 2016 4638 000,

474 4671 570 4733 super
603 4652 739 4715 dulciter
774 4654 903 4735 sapiunt
938 4653 1113 4715 invisibilia
1150 4654 1217 4733 Dei,
1273 4661 1337 4715 tam
1362 4652 1505 4715 interiori
1528 4671 1624 4733 quam
1648 4652 1808 4733 exteriori,
1830 4653 2017 4737 intermmpi
2109 4669 2110 4742 0

473 4751 658 4813 accenditur
671 4751 888 4832 excitatusque
904 4751 1017 4813 caritas
1036 4753 1075 4814 ad
1095 4752 1220 4815 fcrt'en-
1275 4760 1377 4832 potest
1392 4771 1428 4814 ac
1445 4750 1604 4831 impediri.
1622 4750 1708 4813 Unde
1726 4752 1766 4812 dc
1780 4752 1901 4815 Joanne
1916 4754 2018 4836 Bapti-

474 4848 536 4910 tius
552 4848 846 4930 indesinentiusque
862 4850 1218 4932 amandum0bjcctum
1274 4857 1321 4910 sta
1336 4850 1477 4911 Christus
1492 4849 1569 4910 dixit
1588 4872 1594 4910 :
1613 4849 1668 4922 Qui
1685 4848 1791 4911 minor
1804 4859 1852 4911 est
1867 4851 1900 4913 in
1924 4872 2018 4934 regno
2035 4745 2111 4926 sarrai

472 4964 609 5028 namque
625 4945 796 5008 voluntatis
815 4955 863 5009 est
882 4948 1000 5009 bonum
1020 4968 1078 5029 per
1097 4949 1220 5011 intefle-
1274 4948 1438 5026 coelorum,
1460 4947 1491 5009 id
1515 4954 1563 5009 est
1587 4946 1720 5009 infimus
1742 4948 1806 5009 fleo
1830 4946 2017 5031 fruentium,
2030 4942 2056 4980 ¹¹·

472 5054 558 5107 ctum
584 5044 812 5125 praecognitum
831 5065 920 5108 :non
946 5066 1020 5127 ergo
1044 5046 1147 5109 fertur
1166 5066 1220 5111 ro·
1273 5046 1376 5128 major
1394 5055 1441 5108 cst
1460 5046 1525 5107 illo.
1542 5046 1660 5107 Caritas
1681 5064 1756 5126 ergo
1780 5046 1849 5126 riae,
1866 5048 1910 5111 ob
1932 5070 2018 5112 suam

470 5141 575 5204 luntas
592 5161 648 5223 per
663 5142 825 5205 caritatem
842 5143 874 5204 00
892 5163 958 5205 rem
978 5145 1139 5223 dilectam,
1156 5146 1218 5207 nisi
1273 5144 1547 5225 imperfectionem
1570 5151 1601 5205 et
1619 5144 1807 5224 depellenda
1826 5145 1897 5227 ejus
1916 5149 2018 5211 obsta·

467 5239 650 5309 intellectus
666 5239 694 5303 ei
710 5240 854 5304 ostendat
870 5242 987 5303 bunum
1003 5242 1035 5303 00
1051 5244 1135 5324 quod
1151 5252 1218 5306 ten·
1273 5243 1355 5320 cula,
1372 5244 1455 5306 dono
1470 5242 1632 5324 sapientiae
1651 5242 1778 5325 perfici,
1794 5245 1914 5308 muniri
1938 5248 2019 5310 exci-
