4309 6259
416 473 476 536 336
955 485 1113 532 exrosrrro
1133 484 1241 531 ursan.
1264 504 1305 513 -
1325 485 1394 531 mr.
1417 488 1435 530 v

416 666 511 740 typus
525 655 646 718 exstitit
659 653 740 735 legis
754 652 880 732 Christi,
898 651 943 714 sic
966 652 1074 715 omnia
1095 671 1165 733 quaa
1179 652 1204 715 A
1220 652 1323 730 debet,
1341 660 1376 715 ut
1391 653 1476 735 regia
1493 652 1543 716 via
1566 653 1701 733 incedat,
1718 676 1777 720 nec
1799 657 1976 720 extollatur

417 756 452 817 in
466 756 536 835 lege
550 754 682 834 antiqua
696 752 828 829 fiebant,
846 750 1113 832 repraesentabant
1128 771 1166 814 ea
1220 750 1391 833 prosperis,
1408 769 1467 813 nec
1481 750 1648 833 frangatur
1661 754 1816 832 adversis,
1833 763 1868 817 ut
1883 756 1974 818 dicat

269 859 401 911 war-¹³¹·
418 870 488 932 quae
509 852 543 913 in
565 850 634 933 lege
655 849 764 931 gratie
778 847 873 911 fiunt.
889 846 1002 909 Omnia
1023 846 1108 909 enim
1130 846 1164 907 in
1220 867 1293 910 cum
1318 848 1376 910 lob
1393 871 1399 909 :
1418 848 1522 911 Donec
1547 847 1708 929 deficiam,
1730 871 1795 915 non
1820 853 1972 915 recedam
1995 874 2037 917 ras
2053 892 2111 923 ω...

418 949 524 1031 figura
545 948 773 1030 contingebant
794 946 870 1023 illis,
887 945 1063 1007 secundum
1084 945 1165 1025 Apo
1220 945 1404 1025 ajustitia;
1429 954 1461 1007 et
1485 964 1594 1008 rursus
1621 970 1628 1007 :
1654 947 1785 1011 Etiamsi
1814 939 2053 1043 occiderit²ffid
2077 1018 2116 1049 m·

419 1047 547 1111 stolum.
565 1045 814 1128 Denique,sicut
828 1044 877 1105 lex
892 1050 983 1105 vetus
997 1041 1165 1123 figuraest
1220 1061 1283 1119 mc,
1300 1042 1417 1125 inipso
1433 1042 1576 1124 sperabo.
1592 1044 1725 1127 Insuper
1744 1048 1894 1111 sacerdos
1913 1067 1973 1111 no-
1989 1067 2022 1106 rs.
2056 1036 2060 1043 ’

418 1164 509 1209 novae
524 1144 615 1226 legis,
631 1144 678 1206 sic
700 1162 783 1206 nova
803 1142 853 1203 lex
874 1139 979 1222 figura
999 1148 1048 1202 est
1066 1146 1165 1201 status
1221 1158 1268 1202 va
1283 1140 1362 1221 legis
1378 1158 1440 1203 non
1455 1140 1585 1203 habebit
1598 1144 1751 1223 grandem
1768 1145 1818 1208 vel
1834 1164 1971 1227 pervum

417 1244 585 1306 Brutorum
606 1241 640 1303 in
660 1242 773 1323 patria,
790 1241 965 1303 secundum
980 1239 1165 1320 Dionysium
1222 1246 1379 1302 tortumve
1394 1258 1518 1319 nasum,
1531 1240 1565 1302 id
1579 1249 1627 1303 est
1642 1241 1825 1306 interiorem
1840 1254 1973 1326 gustum

418 1349 530 1422 quarto
551 1338 780 1402 Ecclesiastico
805 1337 990 1401 hierarchia
1015 1335 1164 1419 capitulo.
1222 1335 1388 1415 infectum,
1415 1356 1470 1400 seu
1494 1337 1636 1400 animum
1661 1339 1894 1421 indiscretum
1915 1344 1975 1407 sed

419 1438 574 1512 Quoniam
603 1455 678 1519 crgo
703 1437 753 1500 lex
776 1436 889 1518 Moysis
913 1436 1084 1516 figurativa
1106 1433 1168 1495 fuit
1222 1436 1306 1498 sicut
1319 1455 1415 1497 nasus
1430 1436 1542 1499 odores
1557 1437 1722 1519 discernit,
1740 1439 1785 1502 sic
1802 1440 1872 1523 ipse
1888 1442 1976 1503 inter

419 1555 510 1600 norae
533 1535 626 1617 legis,
642 1555 713 1616 quae
737 1535 820 1597 ultra
839 1533 1010 1615 figurativa
1029 1540 1077 1595 est
1096 1532 1167 1594 vitae
1223 1533 1341 1595 bonum
1366 1542 1398 1596 et
1422 1534 1542 1597 malum
1565 1535 1746 1599 discernere
1771 1538 1877 1601 debet.
1907 1540 1974 1602 Nec

417 1635 548 1713 futnrae3
565 1634 685 1698 idcirco
700 1634 811 1715 ligure
826 1632 941 1698 veteris
957 1631 1035 1712 legis
1053 1631 1167 1694 obseu-
1223 1631 1317 1694 debet
1337 1650 1407 1694 esse
1432 1631 1532 1695 fracto
1557 1634 1637 1713 pede
1660 1634 1710 1697 vel
1737 1654 1844 1715 menn,
1867 1638 1899 1700 id
1925 1646 1976 1699 est

419 1734 518 1797 riores
546 1741 636 1795 erant
662 1732 777 1814 figuris
805 1750 896 1795 nove
921 1730 1011 1811 legis.
1038 1730 1167 1810 Propter
1223 1729 1389 1792 acediosus
1405 1738 1436 1791 et
1454 1730 1565 1812 piger;
1583 1732 1637 1793 sed
1658 1732 1750 1796 taedio
1770 1734 1874 1815 pulso,
1897 1755 1975 1799 cum

273 1854 369 1905 uera,
384 1857 403 1897 r.
418 1832 504 1913 quod
523 1832 568 1893 ait
587 1830 757 1913 Apostolus
774 1854 781 1891 ε
798 1829 946 1892 Umbram
970 1828 1091 1890 habens
1116 1826 1166 1889 lex
1185 1828 1339 1909 Bmagno
1362 1826 1483 1891 affectu
1506 1829 1614 1891 divina
1638 1838 1846 1913 pertractans,
1868 1842 1901 1896 et
1925 1834 1976 1897 eis

419 1928 599 1993 futurorum
614 1928 782 2008 bonorum,
796 1945 860 1991 non
876 1926 977 2008 ipsam
994 1925 1166 2006 imaginem
1223 1935 1404 1989 reverenter
1432 1945 1468 1989 ac
1497 1936 1643 2010 prompte
1676 1930 1872 1994 deserviens.
1902 1932 1975 1997 Non

419 2046 537 2090 rerum.
554 2026 632 2088 Nam
657 2026 741 2089 bona
764 2025 873 2087 futura
895 2024 1030 2087 obscure
1054 2041 1168 2103 reprae·
1222 2025 1317 2087 etiam
1337 2024 1431 2087 debet
1449 2044 1518 2088 esse
1538 2025 1700 2108 gibbosus,
1718 2028 1749 2090 id
1768 2038 1816 2091 est
1841 2031 1975 2093 dorsum

419 2126 653 2207 mutavitque
673 2125 722 2186 lex
746 2142 829 2187 nova
853 2122 1033 2185 evidentius
1057 2140 1168 2203 reprae
1222 2122 1338 2185 mentis
1353 2124 1391 2185 ad
1408 2131 1533 2186 terrena
1553 2125 1739 2205 depressum
1760 2145 1897 2208 gerens;
1912 2148 1975 2192 nee

420 2232 534 2287 sentat.
565 2223 602 2285 Et
633 2224 704 2285 ideo
739 2222 788 2284 lex
816 2240 899 2284 nova
929 2220 1025 2283 habet
1052 2220 1166 2300 imagi·
1222 2220 1339 2303 lippus,
1356 2221 1452 2284 idest
1470 2221 1640 2285 carnaliter
1660 2224 1809 2305 sapiens;
1826 2245 1885 2289 nec
1907 2246 1979 2290 me·

420 2342 506 2401 nem,
528 2322 559 2384 id
579 2329 627 2383 est
646 2321 821 2403 perfectam
840 2318 1165 2400 repraesentationem,
1223 2319 1328 2381 culam
1355 2319 1477 2381 habens
1502 2320 1535 2381 in
1560 2321 1664 2401 oculo,
1690 2322 1723 2385 id
1747 2330 1797 2386 est
1821 2343 1978 2406 praesum-

421 2439 527 2483 rerum
551 2438 607 2483 seu
631 2419 811 2482 futurorum
836 2418 994 2481 bonorum
1020 2438 1027 2476 :
1054 2415 1167 2478 umbra
1222 2417 1364 2499 ptionem
1388 2418 1565 2482 sanctitatis
1589 2420 1623 2482 in
1648 2422 1754 2500 corde,
1772 2424 1915 2505 putando
1941 2444 1977 2486 se

420 2538 497 2583 vero
511 2518 678 2583 obscurior
696 2526 797 2581 exstat
816 2516 967 2598 imagine.
983 2516 1093 2579 Cultus
1119 2534 1167 2577 er·
1222 2516 1343 2596 aliquid
1362 2535 1443 2596 esse,
1460 2517 1510 2580 vel
1535 2517 1602 2580 suis
1626 2518 1747 2582 viribus
1771 2529 1826 2583 aut
1849 2522 1977 2585 meritis

419 2636 460 2701 go
474 2637 532 2680 seu
552 2624 653 2680 status
672 2616 752 2698 legis
772 2615 891 2697 gratie,
909 2615 1033 2678 medius
1052 2620 1100 2675 est
1120 2613 1167 2674 in·
1224 2614 1306 2677 bona
1320 2632 1339 2676 a
1353 2614 1417 2677 lleo
1432 2614 1492 2678 sibi
1507 2614 1623 2679 collata
1637 2617 1850 2699 attribuendo,
1867 2630 1977 2701 quate

419 2724 468 2779 ter
499 2724 614 2778 statum
647 2714 725 2795 legis
757 2714 883 2795 scripte
914 2721 945 2775 et
976 2712 1048 2775 vitre
1081 2711 1167 2772 lutu-
1223 2732 1283 2775 nus
1298 2713 1376 2775 illud
1392 2714 1531 2777 Danielis
1546 2714 1579 2776 in
1591 2714 1683 2778 ldissa
1698 2717 1855 2780 veraciter
1869 2719 1975 2782 dicat:
2127 2790 2128 2799 .

419 2832 473 2892 rae,
485 2812 752 2894 quemadmodum
768 2810 936 2893 Dionysius
950 2811 1052 2873 docet.
1070 2809 1166 2871 Porro
1222 2811 1257 2873 ln
1272 2811 1386 2893 spiritu
1402 2812 1591 2875 humilitatis
1606 2821 1638 2877 et
1652 2815 1685 2875 in
1704 2816 1812 2879 animo
1834 2818 1977 2881 contrito
1993 2802 2128 2897 mesi

420 2912 633 2975 sacerdotium
658 2909 758 2992 legale
782 2908 888 2991 figura
917 2907 1036 2971 exstitit
1063 2926 1166 2970 sacer·
1223 2908 1434 2991 suscipiamur
1452 2918 1527 2990 ate,
1544 2911 1688 2975 Domine.
1704 2911 1847 2996 llenique
1870 2934 1980 2978 sacer-

419 3010 499 3073 dotii
521 3009 648 3086 Christi,
668 3016 700 3072 et
722 3026 780 3090 per
804 3006 984 3088 corporales
1007 3004 1163 3081 defectus,
1187 3002 1281 3069 Cdos
1295 3006 1412 3069 habere
1431 3026 1495 3071 non
1520 3009 1615 3072 debet
1634 3008 1743 3092 jugem
1769 3012 1926 3095 scabiem,
1944 3015 1979 3077 id

420 3114 550 3189 propter
573 3125 654 3188 qnos
679 3104 741 3167 filii
762 3106 865 3169 Aaron
888 3105 927 3166 ad
953 3103 1165 3167 sacerdotium
1223 3112 1271 3167 est
1284 3105 1493 3186 petulantiam
1508 3106 1613 3169 cernis
1636 3110 1789 3172 tenaciter
1809 3112 1982 3175 adheren-

421 3206 636 3269 rcddebantur
660 3202 828 3281 inhabiles,
845 3202 1053 3283 designantur
1075 3201 1168 3283 spiri·
1223 3211 1308 3281 tem;
1331 3222 1390 3266 nec
1416 3203 1646 3287 impetiginem,
1664 3206 1695 3269 id
1720 3216 1769 3271 est
1792 3210 1980 3276 avaritiam.

420 3304 521 3367 tuales
553 3303 708 3379 defectus,
738 3300 854 3383 quibus
888 3301 1068 3363 sacerdotes
1096 3298 1170 3362 elfi-
1223 3300 1330 3382 Neque
1356 3302 1525 3366 herniosus
1545 3322 1615 3366 esse
1639 3304 1744 3383 debet,
1767 3306 1798 3370 id
1824 3316 1874 3371 est
1895 3328 1982 3390 pon-

420 3402 550 3466 eiuntur
578 3400 701 3481 indigni
729 3400 769 3462 ad
801 3397 990 3461 celebranda
1019 3397 1169 3480 mysteria
1224 3400 1366 3478 derosns,
1382 3400 1534 3464 videlicet
1553 3403 1678 3485 pondus
1696 3405 1907 3486 turpitudinis
1930 3417 1983 3471 at-

421 3499 547 3563 Christi.
1224 3516 1286 3579 que
1318 3498 1447 3562 malitie
1472 3508 1601 3581 portans
1629 3500 1663 3563 in
1691 3504 1798 3581 corde,
1824 3508 1982 3587 quamvis

361 3638 405 3676 m,
460 3600 568 3680 ltaque
583 3595 780 3679 prohibitum
795 3594 857 3657 fuit
871 3595 905 3656 in
920 3592 989 3676 lege
1004 3613 1045 3656 ne
1067 3612 1170 3656 sacer·
1224 3613 1288 3658 non
1308 3605 1497 3678 exsequatur
1511 3597 1544 3660 in
1563 3616 1669 3681 opere.
1692 3600 1780 3664 Unde
1808 3601 1842 3664 in
1872 3604 1982 3667 Evan-

420 3699 478 3760 dos
499 3704 584 3760 esset
601 3714 704 3758 caecus
729 3694 780 3757 vel
806 3693 950 3771 claudus,
965 3700 997 3755 et
1020 3710 1062 3755 ne
1086 3700 1171 3753 esset
1224 3693 1309 3777 gello
1329 3694 1446 3757 dicitur
1466 3719 1472 3757 :
1492 3696 1595 3770 Quum
1613 3696 1713 3761 offers
1738 3718 1856 3763 munus
1881 3711 1981 3766 tuum
2007 3740 2120 3786 mg,

420 3797 572 3877 grandem
594 3793 645 3857 vel
670 3812 804 3876 parvum
829 3800 884 3855 aut
907 3799 1025 3854 tortum
1047 3790 1169 3852 hebens
1225 3793 1264 3855 ad
1289 3792 1399 3870 altare,
1421 3793 1501 3856 vade
1525 3794 1614 3875 prius
1647 3797 1849 3860 reconciliari
1879 3798 1979 3865 fratri
1998 3808 2033 3854 ²³·
2049 3806 2079 3845 ἢ
2126 3848 2127 3851 ¹

421 3912 546 3971 nasum,
576 3912 617 3955 ne
645 3892 740 3955 etiam
769 3897 853 3952 esset
880 3890 981 3953 fracto
1009 3890 1090 3970 pede
1118 3888 1169 3950 vel
1224 3901 1301 3967 tq03
1318 3899 1350 3953 et
1373 3892 1478 3954 denuo
1496 3914 1502 3952 :
1520 3892 1674 3956 Dimittite
1695 3894 1721 3957 si
1746 3896 1824 3977 quid
1846 3897 1982 3963 hebetis
2007 3939 2080 3983 ,π
2096 3910 2127 3979 „J

423 4011 531 4068 manu,
557 4010 598 4053 ne
622 3997 707 4052 esset
729 3989 882 4070 gibbosus
906 3988 957 4050 vel
985 3988 1103 4069 lippus,
1129 4005 1169 4049 ne
1225 3989 1377 4052 adversus
1398 3989 1546 4070 aliquem.
1572 3992 1674 4072 Atque
1697 3993 1866 4075 Apostolus
1888 4019 1895 4057 :
1919 3996 1982 4061 Sol
1998 4005 2033 4044 ²⁵·

421 4090 554 4152 haberet
580 4088 739 4150 maculam
768 4088 801 4149 in
829 4086 933 4164 oculo,
963 4105 1005 4149 ne
1038 4084 1170 4147 haberet
1225 4086 1356 4168 (inquit)
1387 4106 1451 4151 non
1485 4088 1610 4151 occidat
1644 4108 1740 4171 snper
1774 4093 1981 4159 iracundiam
1998 4064 2083 4170 ,⁸5⁸³
2096 4076 2127 4149 ³·ss

421 4188 531 4270 jugem
546 4185 687 4249 scabiem
702 4185 753 4249 vel
769 4184 999 4267 impetiginem,
1012 4202 1072 4247 nec
1088 4190 1171 4246 esset
1185 4180 1211 4243 D
1226 4194 1374 4251 vestram.

421 4286 602 4349 herniosus,
1265 4285 1444 4347 Heauton
1469 4284 1601 4349 virtutes
1626 4287 1743 4368 quibus
1769 4289 1857 4353 indui
1881 4291 1985 4357 decet

462 4382 680 4448 Pariforrniter
694 4382 842 4445 sacerdos
856 4381 971 4443 Christi
991 4399 1056 4445 non
1077 4380 1171 4443 debet
1226 4382 1415 4463 sacerdotes,
1446 4383 1611 4464 signantur
1637 4405 1695 4468 per
1723 4396 1826 4450 vestes
1852 4408 1982 4471 sacras,

423 4502 493 4546 esse
513 4502 626 4563 cecus,
644 4480 739 4543 idest
761 4480 918 4544 indoctus.
935 4480 1065 4562 Propter
1085 4479 1170 4560 quod
1226 4481 1341 4565 quibus
1366 4480 1400 4543 in
1429 4480 1641 4547 celebratione
1670 4484 1851 4549 divinorum
1880 4498 1986 4553 utun-

284 4608 406 4660 oseena.
422 4583 456 4644 in
471 4581 548 4644 Osee
567 4580 687 4644 dicitur
703 4603 709 4641 :
726 4580 805 4655 Quia
818 4588 852 4642 tu
867 4578 1033 4642 scientiam
1053 4576 1171 4659 repuli·
1226 4589 1301 4644 tur:
1318 4580 1358 4642 de
1378 4579 1495 4661 quibus
1515 4581 1656 4644 vestibus
1680 4590 1712 4645 et
1735 4583 1982 4665 significatione

423 4681 474 4759 sti,
484 4698 543 4762 ego
557 4689 588 4742 te
603 4679 768 4761 repellam,
779 4698 820 4741 ne
835 4676 1010 4740 sacerdotio
1024 4674 1171 4756 fungaris
1226 4699 1334 4742 earum
1363 4678 1483 4742 idcirco
1514 4684 1800 4761 pertranseundum
1835 4684 1979 4766 videtur,

275 4804 407 4855 nram.
422 4779 524 4856 mibi3
550 4786 582 4841 et
605 4778 690 4840 idem
717 4801 724 4840 ε
751 4776 996 4840 Misericordiam
1021 4774 1119 4853 volui,
1141 4781 1172 4837 ct
1225 4778 1301 4860 quia
1315 4777 1348 4839 in
1363 4776 1519 4840 Rationali
1535 4777 1717 4843 divinorum
1738 4780 1832 4862 plene
1853 4791 1886 4845 et
1904 4786 1983 4866 pul-

423 4896 489 4940 non
521 4877 730 4959 sacrificium,
759 4885 792 4941 et
818 4876 985 4939 scientiam
1012 4875 1068 4939 Dei
1097 4874 1170 4957 plus
1226 4877 1301 4940 chre
1322 4876 1362 4937 de
1382 4875 1430 4938 eis
1452 4874 1493 4937 fit
1511 4896 1626 4940 sermo.
1649 4878 1709 4941 Sed
1728 4887 1760 4941 et
1774 4880 1805 4943 S.
1821 4880 1978 4965 Thomas,

423 4994 519 5057 quam
533 4975 730 5039 holocausta.
747 4975 899 5038 Sacerdos
913 4992 1040 5055 quoque
1054 4972 1169 5035 Christi
1225 4975 1328 5057 prima
1346 4974 1504 5053 secunda,
1521 4975 1560 5038 de
1581 4976 1679 5038 sacris
1702 4978 1844 5041 vestibus
1870 5000 1981 5045 sacer-
1995 5031 2018 5075 ς,
2035 5031 2070 5061 0,
2081 5018 2120 5059 ι,

423 5094 493 5137 esse
518 5093 584 5138 non
602 5073 697 5136 debet
715 5073 859 5151 claudus,
876 5072 909 5134 id
927 5080 977 5135 est
996 5071 1167 5135 instabilis.
1225 5074 1302 5138 dotii
1322 5072 1444 5156 legalis,
1461 5080 1493 5136 et
1512 5091 1607 5154 super
1624 5085 1771 5157 quartum
1797 5077 2088 5144 Sentenfifflw.

268 5197 409 5250 reama,
424 5173 545 5236 Stultus
560 5172 647 5236 enirn
661 5179 802 5235 mutetur
815 5180 850 5234 ut
864 5171 951 5249 luna,
967 5170 1095 5253 sapiens
1117 5189 1171 5233 ve·
1226 5192 1306 5251 rum,
1323 5174 1362 5235 de
1378 5170 1476 5235 sacris
1492 5172 1633 5235 vestibus
1654 5174 1877 5241 ministrorum
1899 5179 1983 5245 alta-
1996 5209 2049 5252 na,
2071 5218 2111 5249 m

268 5264 302 5307 ¹²·
424 5292 460 5336 ro
487 5280 653 5357 permanet
679 5274 715 5334 nt
743 5269 802 5334 sol.
832 5271 893 5333 Sed
920 5278 1070 5333 constans
1098 5288 1168 5332 esse
1225 5271 1268 5333 ris
1290 5289 1379 5334 nove
1401 5270 1480 5351 legis
1501 5279 1682 5352 pertractet.
1996 5274 2111 5329 ew
