4309 6259
638 510 797 560 aurosum
817 510 916 559 nunni
939 512 946 558 :
969 510 1057 571 onos,
1080 512 1219 561 cumaea
1238 514 1357 562 omen
1713 492 1772 562 toi

224 680 452 766 imaginatione
481 693 510 747 et
535 684 619 748 foeda
644 684 847 749 inclinatione
873 693 903 746 et
927 684 974 747 in·
987 684 1013 747 Α
1028 684 1105 749 lilio
1120 706 1190 749 esse
1209 687 1352 751 absolute
1372 688 1526 771 majorem
1546 686 1668 750 mentiti
1687 697 1771 751 sunt.

223 781 445 848 flammatione
461 782 601 847 sensitivi
616 784 773 866 appetitus
792 786 875 865 (quaa
891 802 973 865 saepe
1027 788 1154 847 Christi
1166 788 1345 866 Patrisque
1362 790 1543 863 Spiritum,
1558 786 1589 850 id
1611 794 1660 849 est
1679 786 1775 868 Spiri-

225 880 416 963 oontingunt
439 882 470 943 in
497 902 619 957 somno,
640 882 672 945 in
697 902 770 965 quo,
789 882 883 963 ligato
907 882 971 963 jam
1027 893 1094 947 tum
1110 884 1260 947 Sanctum
1279 905 1317 948 ea
1336 895 1470 968 utroque
1490 888 1538 965 (ut
1561 904 1657 966 supra
1680 897 1881 966 expondit&

225 983 356 1045 rationis
370 982 500 1063 judicio,
515 982 613 1045 utitur
627 982 721 1045 homo
737 981 901 1063 speciebus
917 1000 972 1043 seu
1028 983 1122 1045 situm
1137 984 1198 1061 est)
1213 984 1448 1065 procedentem.
1469 988 1577 1047 Unum
1589 993 1776 1060 potemper

224 1081 484 1145 similitudinibus
507 1089 537 1143 et
567 1080 837 1162 phantasmatibus
868 1100 972 1142 rerum
1027 1083 1151 1151 omnia,
1165 1084 1239 1156 sose
1259 1092 1442 1159 precantes,
1461 1084 1609 1145 Trinitas
1629 1102 1640 1140 .·
1660 1082 1691 1144 id
1714 1089 1773 1159 est,

225 1199 287 1261 pro
316 1180 408 1242 rebus
437 1180 513 1261 ipsis
537 1188 569 1241 et
592 1188 742 1260 tanquam
773 1179 865 1242 rebus
894 1198 973 1259 quas
1029 1188 1073 1255 tu,
1100 1202 1117 1238 a
1148 1180 1282 1243 Trinitas
1312 1204 1329 1239 »
1358 1180 1616 1262 superaltissima‚
1642 1198 1713 1261 quae
1741 1199 1776 1243 es

226 1286 465 1359 repraesentant,
488 1278 596 1359 sicque
620 1278 775 1355 illuditur)
797 1300 804 1339 ι
827 1276 872 1339 sic
897 1295 973 1357 ergo
1029 1300 1045 1335 a
1069 1297 1168 1339 unum
1192 1301 1209 1337 n
1235 1298 1292 1341 cns
1316 1278 1508 1355 absolutum,
1525 1298 1589 1341 una
1613 1278 1773 1359 majestas,

225 1396 243 1432 a
272 1374 375 1436 cordis
397 1372 460 1436 alta
485 1396 501 1433 s
526 1392 544 1435 a
574 1372 756 1436 carnalitate
781 1380 873 1435 exuta
899 1395 915 1431 u
942 1381 972 1433 te
1029 1395 1112 1437 unus
1126 1376 1219 1453 Deus,
1236 1400 1253 1436 «
1271 1386 1382 1458 potens
1397 1396 1455 1459 per
1468 1378 1575 1441 omnia
1591 1399 1619 1455 a,
1634 1377 1665 1439 id
1680 1384 1729 1439 est
1742 1376 1774 1438 in

225 1472 386 1534 somnient
401 1494 429 1549 a,
447 1471 550 1547 idest,
568 1489 625 1553 pro
640 1471 762 1535 somnio
782 1478 811 1533 te
833 1478 974 1534 contem·
1030 1474 1186 1537 universis
1205 1475 1416 1557 omnipotens,
1434 1498 1452 1535 a
1468 1476 1541 1539 love
1563 1481 1729 1557 precantes
1744 1496 1773 1551 a,

223 1569 355 1651 plentur
369 1577 399 1631 et
414 1568 655 1649 apprehendant
667 1568 783 1642 divina,
794 1588 830 1630 ex
846 1567 974 1629 irradia·
1029 1572 1059 1635 id
1089 1580 1148 1650 ost,
1180 1573 1312 1644 custodi,
1340 1572 1492 1650 refocilla,
1524 1574 1628 1636 enutri
1657 1592 1716 1637 nos
1744 1582 1775 1635 te

223 1668 312 1729 tione
339 1686 486 1749 superna,
518 1674 572 1728 aut
600 1666 694 1729 etiam
724 1665 907 1729 fortitudine
942 1673 970 1728 ct
1029 1671 1214 1734 invocantes
1228 1691 1265 1733 ac
1280 1673 1457 1735 adorantes.
1474 1677 1591 1743 Amen,
1608 1672 1638 1734 id
1654 1680 1713 1751 est,
1730 1674 1776 1736 sic

224 1765 458 1828 assuefactione
483 1763 696 1845 perlectorum
720 1764 895 1841 habituum,
919 1764 974 1827 do
1029 1768 1085 1831 siat
1107 1778 1137 1832 et
1159 1790 1232 1833 vere
1254 1771 1293 1832 sit
1314 1770 1366 1833 ita.

223 1882 341 1926 nomm
365 1872 396 1925 et
421 1862 581 1937 virtutum,
608 1882 678 1945 quie
701 1871 820 1945 quanto
847 1864 917 1945 plus
941 1863 972 1923 in
992 1856 1016 1919 B

224 1961 335 2043 vigilia
348 1970 536 2025 exercentur
549 1970 579 2025 et
599 1970 767 2025 actuantur
780 1970 873 2043 atque
888 1962 918 2023 in
940 1981 973 2023 se
1070 1958 1278 2037 Praeterea,en
1289 1960 1390 2041 primo
1406 1960 1562 2024 versiculo
1578 1961 1673 2043 hujus
1688 1962 1777 2043 hym-

224 2060 417 2123 intensiores
440 2060 708 2142 perfectioresque
728 2059 821 2139 liunt,
838 2079 876 2123 eo
898 2060 974 2121 iaci·
1031 2058 1062 2120 ni
1088 2059 1247 2121 discamus
1270 2067 1302 2121 et
1324 2058 1587 2140 contemplemur,
1609 2060 1776 2123 timeamus

225 2158 300 2235 lius,
318 2159 431 2241 sapius
450 2178 487 2221 ac
513 2158 624 2222 lortius
648 2159 771 2239 erigunt
793 2168 822 2221 et
847 2166 975 2221 actuant
1030 2176 1066 2219 ac
1096 2176 1284 2220 veneremur
1307 2157 1569 2239 omnipotentiam
1593 2157 1647 2219 Dei
1671 2158 1703 2219 in
1729 2178 1777 2220 re·

226 2266 368 2319 mentem
394 2258 426 2319 in
451 2258 548 2321 Deum
575 2266 716 2339 tempore
741 2258 854 2335 somni,
882 2265 975 2338 prout
1031 2274 1101 2316 rum
1124 2256 1293 2330 creatione,
1311 2256 1496 2336 sapientiam
1516 2256 1587 2337 ejus
1610 2256 1642 2317 in
1668 2275 1776 2318 earum

224 2356 332 2419 dehis
352 2356 471 2437 prolixe
490 2356 597 2419 scribit
616 2356 762 2418 hibertus
783 2356 815 2417 in
836 2356 915 2418 libro
935 2355 974 2417 de
1030 2352 1245 2434 dispositione,
1270 2353 1442 2415 honitatem
1466 2360 1499 2415 et
1523 2354 1777 2418 benevolentiam

224 2454 370 2518 llomine.
392 2456 443 2517 Ne
466 2456 565 2515 hostis
585 2456 695 2514 invidi
713 2456 797 2524 ricto,
817 2454 847 2515 id
868 2460 916 2515 est
935 2472 975 2513 ne
1031 2450 1062 2511 in
1087 2452 1270 2513 eammdem
1289 2452 1329 2513 ad
1350 2460 1489 2514 nostram
1510 2452 1675 2515 utilitatem
1695 2452 1778 2515 ordi-

225 2572 265 2615 ex
288 2550 473 2633 deceptione
493 2552 671 2615 daemonum
694 2551 972 2627 invidissimorum‚
1031 2548 1158 2611 natione
1188 2550 1392 2613 relucentem.
1420 2548 1531 2613 Omnia
1555 2570 1692 2632 namque
1720 2570 1779 2633 per

221 2670 330 2727 pauor
352 2652 477 2729 quietos
499 2652 642 2719 saintet,
663 2650 693 2712 id
719 2656 777 2727 est,
800 2648 976 2730 perterritio
1031 2666 1121 2710 suam
1144 2649 1405 2730 omnipotentiam
1434 2668 1472 2710 ex
1502 2649 1601 2712 nihilo
1625 2649 1775 2724 condidit,

226 2748 462 2812 machinatione
489 2747 616 2811 illorum
645 2748 772 2810 incussa
800 2748 929 2810 suscitet
957 2766 975 2808 a
1031 2745 1148 2807 coelum
1172 2755 1204 2808 et
1227 2756 1343 2809 cuneta
1367 2748 1532 2829 gubernat,
1549 2748 1634 2809 diem
1657 2746 1777 2809 lumine

226 2846 409 2908 necessario
437 2864 559 2908 somno.
585 2845 749 2908 Daemones
777 2845 894 2926 quippe
923 2864 976 2907 va·
1031 2844 1135 2921 vestit,
1153 2853 1278 2908 noctem
1302 2845 1437 2926 caligine
1455 2846 1568 2926 operit,
1585 2854 1616 2907 et
1635 2854 1778 2927 tentpora

228 2945 285 3006 riis
312 2944 414 3007 modis
446 2951 577 3024 possunt
607 2943 638 3003 in
674 2961 785 3007 somno
815 2944 972 3023 decipere,
1031 2942 1100 3023 ipsa
1133 2961 1191 3023 per
1218 2944 1304 3006 vices
1332 2942 1505 3023 distinguit,
1537 2952 1629 3025 prout
1662 2951 1777 3005 nostra

226 3043 414 3123 inquietare,
432 3043 568 3118 turbare,
588 3042 767 3104 inducendo
782 3040 1013 3123 imaginatio-(l
1031 3043 1177 3122 congruit
1192 3043 1370 3104 necessitati
1386 3050 1479 3123 atque
1494 3042 1628 3105 utilitati.
1641 3042 1728 3104 Unde
1743 3041 1776 3103 in

228 3160 290 3203 nes
314 3140 479 3217 terrilicas,
501 3149 593 3221 atque
618 3140 786 3203 simulacra
810 3140 977 3203 ostenden·
1032 3142 1275 3207 Deuteronomio
1289 3145 1409 3224 Moyses
1423 3150 1471 3204 est
1487 3143 1610 3205 locutus
1623 3165 1630 3203 :
1643 3140 1687 3205 Ne
1702 3160 1777 3205 ocu·
1804 3169 1872 3215 oio.
1891 3180 1922 3219 ιι,

226 3240 271 3302 do
294 3240 441 3301 terrentia
464 3262 470 3299 :
493 3238 563 3301 ideo
589 3246 663 3301 tunc
686 3239 777 3301 valde
800 3239 977 3319 indigemus
1033 3242 1070 3304 lis
1099 3241 1229 3304 elevatis
1258 3242 1297 3304 ad
1327 3241 1454 3319 coelum,
1481 3242 1589 3304 videas
1618 3241 1717 3303 solem
1746 3233 1825 3303 etll·

227 3338 372 3401 custodia
386 3358 422 3400 ac
442 3336 626 3400 defensione
645 3336 788 3418 angelica
803 3345 833 3399 et
853 3354 913 3417 ope
932 3335 978 3399 di·
1033 3340 1140 3401 lunam
1155 3349 1186 3401 et
1201 3340 1308 3403 omnia
1326 3347 1420 3417 astra,
1437 3348 1469 3401 et
1487 3358 1594 3402 errore
1613 3339 1776 3421 deceptus,

227 3437 314 3499 vina.
340 3436 412 3498 ldeo
436 3456 508 3499 cum
534 3436 652 3516 ingenti
682 3435 801 3499 alleotu
830 3446 861 3499 et
885 3458 978 3520 gran·
1033 3438 1119 3500 colas
1144 3446 1173 3499 et
1204 3439 1316 3501 adores
1345 3458 1393 3514 ea,
1418 3457 1489 3519 qua
1517 3437 1669 3501 Dominus
1698 3438 1780 3501 Deus

226 3535 260 3598 di
290 3534 463 3627 devotione·
487 3534 551 3597 haec
578 3535 784 3597 decantemus
809 3555 845 3598 ac
867 3538 979 3618 depre-
1034 3546 1106 3600 tuus
1127 3538 1245 3599 creavit
1260 3538 1292 3599 in
1308 3537 1518 3600 ministerium
1538 3537 1661 3600 cunetis
1680 3536 1781 3618 genti-

226 3652 348 3696 cemur.
1035 3638 1103 3699 bus.
1129 3636 1205 3698 Cum
1235 3645 1321 3699 metu
1345 3654 1421 3717 ergo
1449 3644 1481 3698 et
1509 3635 1684 3699 reverentia
1712 3636 1780 3697 haec

269 3734 438 3794 Christum
455 3754 602 3811 rogemus
617 3744 647 3795 et
662 3738 808 3797 Patrem.
822 3734 977 3799 Christum
1034 3739 1249 3812 decantemus,
1277 3743 1309 3797 et
1331 3734 1556 3816 omnipotentis
1585 3733 1638 3796 liei
1667 3752 1781 3799 accen·

227 3832 373 3895 nominat
401 3839 474 3894 anta
503 3832 636 3910 Patrem,
663 3834 701 3895 ad
731 3835 978 3897 confutationem
1033 3837 1147 3898 damur
1161 3853 1280 3912 amore,
1297 3834 1350 3915 qui
1367 3840 1412 3896 tot
1430 3842 1461 3895 et
1479 3840 1566 3895 tanta
1583 3832 1675 3895 nobis
1695 3832 1781 3895 exhi-

226 3939 260 3993 et
287 3930 507 3993 confusionem
533 3931 751 3995 hareticomm
779 3934 831 4013 qui
857 3932 978 3995 Patrem
1034 3934 1102 3996 buit
1124 3934 1206 3997 bona
1226 3943 1257 3996 et
1278 3934 1425 3997 exhibere
1447 3952 1511 3995 non
1533 3931 1658 3995 desinit.

590 4239 670 4335 rto
720 4240 1109 4339 NOCTURNUll
1159 4246 1421 4341 llYllNUS

341 4508 372 4568 l.
390 4506 525 4569 AEtcme
539 4524 649 4570 rerum
665 4506 834 4585 Conditor,
1144 4513 1175 4574 3.
1192 4512 1264 4573 Hoc
1278 4512 1452 4590 excitatus,
1466 4511 1599 4575 Lucifer

318 4604 458 4668 Noctem
474 4604 628 4685 diemque
642 4604 700 4686 qui
716 4606 814 4685 regiS,
1122 4608 1230 4672 Solvit
1244 4609 1359 4690 polum
1374 4609 1534 4690 ealigine3

319 4703 361 4765 Et
375 4704 564 4785 temporum
580 4702 638 4766 das
653 4704 815 4784 tempora,
1122 4708 1193 4770 Hoc
1209 4708 1318 4770 omnis
1337 4724 1483 4771 errorum
1503 4708 1625 4772 chorus

319 4801 363 4863 Ut
382 4802 503 4866 alleves
523 4801 704 4865 fastidium.
1122 4804 1220 4867 Viam
1241 4804 1380 4869 nocendi
1399 4806 1533 4869 deserit.

340 4996 372 5060 2.
390 4996 503 5059 Praeeo
518 4996 584 5059 diei
600 4996 671 5076 jnm
691 5000 797 5077 sonat,
1143 5002 1175 5063 4.
1192 5002 1264 5064 Hoc
1283 5004 1384 5065 nauta
1397 5002 1487 5065 vires
1505 5001 1642 5083 colligit,

318 5094 434 5157 Noctis
452 5094 625 5175 prolundae
646 5096 797 5176 pervigil,
1120 5099 1285 5180 Pontique
1304 5100 1483 5163 mitescunt
1502 5100 1604 5182 lreta;

318 5192 487 5255 Nocturna
505 5192 563 5255 lux
583 5192 749 5257 viantibus
1121 5198 1204 5277 Hoc,
1227 5198 1300 5278 ipsa
1317 5198 1415 5261 Petra
1429 5198 1597 5277 Ecclesiae,

318 5290 349 5353 Α
368 5292 463 5355 nocte
482 5292 612 5357 noctem
631 5309 819 5375 segregans.
1122 5296 1276 5373 Canente,
1295 5296 1426 5377 culpam
1441 5296 1549 5361 diluit.
