4309 6259
445 468 484 535 ⁸6
880 484 1036 533 annosum
1056 483 1156 530 urum
1180 488 1187 525 z
1210 481 1385 528 nrsrammr
1406 478 1556 527 recursus

444 676 482 723 ae
495 656 765 740 speciosissimam
776 656 918 719 Ursulam
935 665 966 718 et
980 673 1108 719 omnem
1121 654 1190 735 ejus
1205 652 1231 715 Α
1246 660 1316 734 pter
1343 650 1458 714 Christi
1487 649 1730 729 humanitatem)
1753 665 1879 710 summe
1909 664 1995 709 ame·

445 754 666 819 felicissimam
687 756 880 832 societatem,
897 754 961 817 imo
983 762 1016 816 et
1037 751 1191 815 alfectuo
1245 769 1327 829 mus,
1354 748 1586 830 jucundissime
1615 748 1783 810 laudemus
1812 765 1850 810 ae
1879 744 1996 807 salute-

446 852 605 916 sissimam
620 872 656 916 ao
672 851 1042 935 contemplativissimam
1061 850 1190 913 Mariam
1245 867 1327 926 mus,
1349 848 1605 911 reverentissime
1620 865 1820 909 veneremur.
1837 844 1910 927 lpsa
1924 851 1997 926 post

446 952 626 1033 Magdalene
644 975 650 1012 r
667 970 763 1033 quam
778 950 999 1013 ardentissime
1019 958 1050 1012 et
1070 948 1191 1030 specia—
1244 946 1343 1009 Deum
1359 946 1401 1008 sit
1420 965 1493 1028 spes
1509 954 1615 1009 nostra
1631 944 1801 1028 praecipua,
1819 942 1995 1007 consolatio

448 1049 570 1112 lissima
589 1050 722 1131 diligere
740 1067 798 1112 nos
818 1056 941 1131 oportet
960 1049 1042 1112 banc
1062 1047 1190 1109 unicam
1246 1044 1392 1123 maxima,
1419 1044 1578 1126 refugium
1607 1043 1779 1125 singulare.
1806 1042 1853 1105 Ad
1878 1041 1993 1123 ipsam,

447 1156 479 1210 et
496 1147 747 1211 amantissimam
771 1146 838 1225 llei,
856 1146 907 1210 cui
931 1155 996 1209 tam
1022 1144 1192 1209 inaestima-
1246 1152 1396 1223 tanquam
1423 1143 1462 1205 ad
1487 1142 1612 1205 stellam
1636 1141 1745 1219 maris,
1768 1141 1801 1203 in
1826 1138 1915 1205 omni
1940 1139 1995 1202 tri·

446 1247 521 1310 bilis
536 1247 686 1310 sanctitas
701 1254 733 1309 et
746 1246 934 1309 excellentia
949 1253 996 1309 est
1011 1264 1075 1328 prae
1090 1244 1192 1306 omni·
1246 1241 1419 1321 bulaticnc,
1440 1241 1626 1320 tentatione,
1646 1239 1848 1316 necessitate,
1870 1238 1995 1321 perple-

445 1345 504 1408 bus
525 1344 613 1407 illisi
1246 1340 1352 1417 nitate,
1369 1338 1578 1402 fluctuatione
1592 1338 1903 1420 adspiciamus3eam
1918 1356 1993 1399 enm

485 1443 585 1523 Certe,
616 1450 651 1504 ut
678 1441 861 1524 philosophi
886 1458 1012 1522 quoque
1040 1439 1190 1517 latentur,
1247 1436 1367 1519 ingenti
1383 1435 1790 1513 conlidentiainvooemus,
1806 1435 1877 1516 ejus
1892 1434 1995 1496 humi-

445 1547 564 1621 quanto
584 1547 631 1602 est
655 1538 776 1619 aliquid
800 1538 910 1620 primae
937 1556 1039 1600 causae
1063 1536 1192 1618 propin·
1246 1535 1379 1613 litatem,
1408 1534 1696 1614 mansuetudinem,
1726 1532 1992 1609 misericordiam,

445 1638 550 1719 quius,
578 1645 664 1700 tanto
693 1645 741 1700 est
764 1636 793 1699 ei
824 1638 857 1699 in
887 1636 1011 1699 ouuctis
1041 1636 1189 1698 similius.
1246 1634 1480 1712 castimoniam,
1497 1632 1661 1695 caritatem
1678 1632 1752 1696 totis
1767 1630 1891 1695 viribus
1908 1631 1995 1713 jugi-

443 1736 539 1799 Porro
552 1736 682 1799 Mariam
703 1736 785 1799 hanc
806 1734 934 1797 unicam
953 1735 1017 1797 Deo
1035 1733 1191 1796 altissimo
1246 1741 1295 1794 ter
1313 1750 1532 1813 assequamur.
1559 1730 1720 1793 Postremo
1734 1730 1827 1793 valde
1843 1729 1994 1812 pertime-

444 1834 653 1897 indioibiliter
672 1852 741 1897 esse
760 1832 972 1915 propinquam
993 1850 1057 1913 praa
1076 1832 1191 1894 ceteris
1208 1828 1231 1889 B
1247 1849 1373 1894 scamus
1397 1849 1469 1893 eam
1495 1830 1698 1909 inhonorare,
1725 1850 1766 1892 ne
1792 1830 1862 1912 ipsa
1890 1830 1996 1893 olien-

443 1931 578 2012 Sanotis,
609 1950 673 1995 non
708 1932 811 1995 solum
839 1929 1035 2007 hominihuS,
1066 1929 1131 1992 imo
1161 1937 1192 1992 et
1247 1949 1292 2009 sa,
1318 1929 1529 1991 destituamur
1556 1936 1650 1991 tantae
1677 1929 1839 1991 advocatae
1865 1936 1995 2009 tamque

444 2030 568 2113 angelis
583 2029 702 2092 sanctis
716 2028 886 2106 universis,
904 2028 1065 2110 ambigere
1080 2027 1192 2109 nequit
1247 2027 1485 2109 benignissimae
1514 2025 1620 2088 llatris
1654 2026 1792 2088 auxiliis.
1825 2025 1904 2088 Nam
1933 2028 1994 2088 etsi

443 2148 548 2210 neque
576 2146 693 2209 negare
718 2126 781 2189 nisi
806 2126 860 2207 qui
884 2144 949 2189 non
978 2126 1079 2188 credit
1106 2127 1190 2206 quod
1247 2126 1317 2206 ipsa
1340 2144 1405 2188 non
1424 2124 1519 2187 facilc
1541 2124 1735 2201 offendatur,
1751 2143 1812 2187 nec
1832 2143 1932 2206 prona
1954 2125 1997 2187 sit

443 2226 514 2307 ipsa
540 2225 581 2287 sit
605 2224 773 2288 verissima
797 2223 938 2287 (ianitrix
963 2224 1078 2286 summi
1103 2223 1159 2286 Dei
1183 2246 1190 2285 :
1248 2223 1373 2303 ulcisci,
1391 2231 1530 2285 attamen
1550 2222 1648 2284 Filius
1668 2223 1749 2304 ejus,
1767 2222 1867 2284 ludex
1885 2241 1997 2304 supre-

444 2323 528 2405 quod
558 2322 613 2403 qui
643 2341 706 2385 non
732 2321 842 2401 credit,
859 2329 913 2383 aut
936 2329 1139 2384 convertatur
1162 2330 1194 2383 et
1247 2341 1329 2399 mus,
1338 2340 1395 2404 pro
1410 2322 1504 2383 llatre
1520 2340 1576 2382 sua
1591 2320 1684 2382 valde
1699 2320 1816 2399 zelans,
1825 2320 1895 2401 ejus
1910 2320 1996 2402 inju-

445 2422 626 2499 credat,aut
641 2429 750 2502 pereat
764 2420 797 2481 in
813 2420 1088 2501 aeternumlpsam
1103 2437 1191 2501 crgo,
1247 2420 1322 2500 rias,
1333 2417 1874 2501 inhonorationes,parvipensiones
1888 2418 1997 2481 distri-

445 2526 518 2600 post
540 2536 651 2581 verum
671 2518 782 2597 Deum,
799 2536 863 2599 prae
881 2517 968 2580 omni
989 2524 1134 2579 creatura
1158 2517 1191 2578 in
1247 2526 1296 2581 cte
1318 2517 1494 2597 ulciscitur,
1512 2526 1543 2579 et
1565 2524 1653 2580 tanto
1677 2516 1854 2579 districtius
1874 2525 1996 2598 quanto

444 2635 514 2679 esse
543 2624 648 2679 creato
678 2615 869 2679 subsistente
895 2616 992 2696 (quod
1020 2614 1093 2679 dico
1121 2634 1193 2697 pro
1248 2616 1317 2697 ipsa
1339 2615 1507 2697 gratiosior
1528 2615 1760 2696 benigniusque
1781 2613 1938 2678 consistit.

804 2944 885 3037 ΑΙ)
935 2942 1327 3040 NOCTURNUM
1374 2944 1635 3039 HYMNUS

556 3240 587 3300 1.
605 3236 801 3316 Mysterium
821 3236 989 3315 Ecclesiae,
1338 3237 1424 3311 Quia
1442 3237 1545 3318 Virgo
1564 3238 1751 3318 conciperet

534 3335 707 3415 Hymnum
720 3334 851 3397 Christo
865 3334 1051 3414 referimus,
1336 3338 1378 3399 nt
1396 3337 1526 3416 pareret
1542 3336 1751 3399 Emmanuel.

532 3433 639 3506 Quem
657 3433 773 3513 genuit
790 3433 968 3513 Puerpera,

532 3529 679 3593 Verbum
698 3530 807 3593 Patris
826 3529 861 3591 in
880 3529 999 3593 lilium.
1358 3532 1389 3593 4.
1407 3530 1604 3610 Mysterium
1622 3532 1685 3593 hoc
1699 3546 1858 3611 magnum
1875 3534 1927 3595 est

1335 3629 1447 3692 Mariae
1467 3629 1557 3709 quod
1575 3645 1769 3692 concessum
1788 3631 1848 3707 est,

554 3728 585 3791 2.
607 3727 685 3791 Sola
704 3727 738 3789 in
757 3744 839 3790 sexu
859 3727 984 3790 femina
1335 3728 1379 3789 Ut
1398 3727 1518 3804 Deum,
1538 3742 1716 3807 perquem
1735 3727 1859 3807 omnia,

532 3824 645 3887 Electa
664 3843 699 3887 es
717 3825 753 3886 in
771 3825 906 3903 saeculo,
1338 3827 1387 3888 Ex
1408 3843 1443 3888 se
1462 3824 1595 3905 prodire
1614 3826 1771 3888 cerneret.

533 3924 577 3985 Et
594 3922 747 3985 meruisti
766 3922 948 3984 Dominum

533 4020 653 4083 Sancto
673 4020 804 4101 portare
823 4018 857 4081 in
877 4020 982 4083 utero.
1358 4022 1390 4083 5.
1408 4020 1522 4084 Gloria
1539 4020 1612 4100 tibi,
1632 4021 1787 4100 Domine,

1336 4118 1450 4181 Gloria
1467 4118 1658 4199 Unigenito‚

556 4216 587 4279 3.
605 4213 707 4279 Vates
726 4214 853 4295 antiqui
872 4216 1033 4297 temporis
1336 4216 1408 4277 Una
1427 4234 1504 4279 cum
1523 4216 1642 4280 Sancto
1662 4217 1801 4298 Spiritu,

534 4313 762 4377 Praedixerant
779 4313 869 4394 qnod
888 4313 1014 4378 lactum
1033 4316 1084 4379 est
1105 4333 1112 4376 :
1335 4315 1374 4377 In
1394 4313 1595 4395 sempiterna
1613 4315 1746 4379 saecula.
1765 4316 1882 4379 Amen.

945 4606 1261 4693 uxl’osl'llo
1308 4607 1497 4692 HYMNI

485 4866 692 4928 harnaomua
706 4863 740 4926 in
761 4881 798 4926 eo
819 4863 970 4946 praeclara
984 4864 1135 4945 mysteria
1154 4858 1231 4926 deG
1331 4865 2001 4943 YSTERIUMEcclesica,hymnumchri·

445 4971 538 5046 partu
553 4962 625 5025 Filii
641 4961 708 5040 Dei,
725 4961 813 5042 juxta
834 4960 1059 5044 Prophetarum
1082 4961 1193 5024 vatici·
1338 4972 1386 5022 sto
1415 4963 1601 5039 referimus.
1633 4984 1650 5021 (ι
1679 4961 1859 5044 llysterium
1884 4962 1999 5027 Eccle-

444 5064 546 5142 nium,
568 5080 605 5123 ex
628 5060 725 5123 llario
744 5058 881 5140 virgine,
898 5060 989 5140 cujus
1012 5060 1193 5141 praerogati—
1246 5059 1301 5122 siae
1330 5081 1347 5119 »
1377 5066 1425 5121 est
1453 5077 1578 5121 sacrum
1607 5066 1640 5120 et
1668 5058 1998 5139 incomprehensibile

443 5181 499 5225 vas
527 5159 701 5243 gratiarum
738 5165 769 5221 et
803 5156 972 5239 privilegia
1006 5157 1189 5223 divinorum
1245 5158 1323 5224 illud
1349 5165 1505 5221 secretum
1530 5158 1615 5239 quod
1639 5156 1741 5221 credit
1763 5157 1905 5221 Ecclesia
1934 5178 1998 5224 seu

441 5278 611 5326 munerum
632 5254 846 5343 prosequitur.
1242 5256 1379 5339 populus
1398 5255 1601 5335 christianus,
1618 5255 1769 5320 videlicet
1789 5255 1997 5323 sanctissima

2062 4874 2073 4929 ¹
2125 4945 2126 4948 ,
