4309 6259
328 484 369 531 nn
389 482 592 531 sacmumrro
612 483 743 531 acrama
763 483 801 530 nr
820 484 918 530 mssa
938 482 1165 530 canaanarvcus
1186 483 1343 531 aracaeus.
1368 500 1408 513 -
1428 482 1496 528 aar.
1518 482 1571 528 xrv
1662 464 1719 527 tot

171 649 270 715 routis
284 650 489 715 includentur
502 649 649 729 caminis,
661 650 812 732 jacebunt
825 653 961 733 superb
1016 653 1187 716 Samaeos.
1206 688 1247 697 -
1265 650 1339 726 Quis
1363 650 1409 713 sic
1434 651 1542 715 vivere
1564 651 1667 715 valeat
1689 651 1722 713 in

170 748 380 813 lundomenta
394 750 676 832 supercelidissimi
693 749 838 813 laciNec
854 758 921 811 tan-
975 748 1081 813 medio
1108 750 1298 813 bominuml
1328 750 1365 811 Et
1393 748 1539 831 quamvis
1568 748 1723 829 religiosis

170 854 239 909 urm
260 846 487 910 cruciabuntur
507 846 733 910 intensissimis
747 846 920 929 frigoribus
974 848 1121 910 videatur
1143 856 1207 909 ‘tam
1232 846 1373 910 virtuosa
1393 847 1592 911 conversatio
1617 846 1724 927 aliquo

170 943 522 1026 vehementissimisqne
556 946 710 1026 gebennas
750 945 919 1023 incendiis,
974 945 1069 1008 modo
1095 944 1267 1026 possibilis,
1293 945 1495 1007 secularibus
1522 952 1627 1007 tamen
1655 963 1725 1026 pre·

169 1050 324 1122 quantum
348 1042 506 1123 pressuris
534 1059 570 1104 ac
595 1042 845 1105 desolationibus
869 1061 922 1105 ex·
974 1041 1109 1123 sbyteris
1124 1041 1330 1124 impossibilis
1346 1062 1415 1106 esse
1431 1043 1568 1121 videtur,
1586 1050 1640 1105 aut
1660 1042 1724 1105 val-

42 1162 155 1210 varum.
170 1147 292 1218 bema,
307 1138 514 1202 amarissimae
533 1140 775 1221 desperationis.
791 1140 921 1203 Revela·
974 1140 1014 1202 de
1034 1140 1194 1203 difficilis.

169 1236 252 1299 bunt
265 1237 339 1301 coeli
353 1236 537 1319 iniquitates
548 1246 708 1319 eorum,et
721 1247 803 1301 terra
813 1238 922 1301 adver·
1014 1238 1160 1302 Vnmrus.
1176 1276 1217 1285 -
1230 1240 1367 1302 Advorte
1381 1241 1466 1321 quod
1481 1239 1635 1321 scriptum
1652 1246 1720 1303 est:

170 1355 226 1397 sus
250 1354 306 1399 cos
326 1343 509 1417 consurget,
524 1344 557 1399 et
579 1336 749 1399 manifesta
772 1336 920 1399 omnibus
974 1335 1043 1399 Non
1057 1336 1198 1399 declines
1215 1356 1270 1400 cor
1288 1357 1394 1401 meum
1414 1338 1448 1399 in
1468 1338 1564 1401 verba
1584 1336 1869 1417 melitiae,p„01„,a,

46 1455 155 1513 sapsas.
170 1442 266 1497 erunt
288 1452 399 1497 eorum
418 1432 583 1510 lacinora3
604 1435 821 1516 pugnabitque
845 1452 922 1497 con·
976 1435 1014 1497 ad
1042 1436 1238 1497 excusandas
1266 1436 1485 1499 excusationes
1509 1436 1542 1497 in
1571 1434 1722 1517 peccatis.

171 1539 220 1595 tra
247 1550 303 1595 eos
326 1551 384 1614 pro
403 1551 454 1595 me
476 1532 668 1595 universitas
691 1541 917 1596 creaturarum.
974 1533 1069 1597 Porro
1092 1552 1152 1615 ego
1174 1534 1339 1597 ostendam
1364 1532 1421 1595 tibi
1447 1553 1541 1615 quem
1563 1532 1725 1615 possibilis

212 1630 260 1691 Tu
284 1648 370 1711 ergo,
394 1630 420 1691 si
446 1630 561 1711 quaeris
586 1638 743 1694 tormenta
765 1630 825 1693 ista
848 1650 922 1694 eva·
975 1630 1017 1692 sit
1039 1631 1135 1693 etiam
1160 1631 1303 1695 saeculari
1328 1631 1511 1713 presbytero
1540 1631 1725 1713 hujusmodi

170 1728 260 1807 dere,
282 1728 321 1791 ad
346 1728 593 1792 celebrationem
612 1727 773 1810 ,condigne
797 1747 855 1810 pro
876 1730 921 1791 vi·
975 1729 1050 1791 vita.
1067 1729 1170 1808 Certe,
1187 1730 1214 1791 si
1230 1730 1324 1793 talem
1340 1750 1377 1793 ac
1393 1738 1512 1792 tantem
1527 1729 1725 1811 diligentiam

169 1825 262 1888 ribus
285 1833 316 1887 te
339 1826 473 1908 dispone
497 1850 504 1887 :
528 1845 605 1889 cave
629 1846 670 1889 ne
693 1834 842 1909 gravetur
866 1845 920 1889 cor
938 1827 1164 1891 Badbiberent
1177 1829 1216 1891 ad
1239 1828 1404 1891 vitandum
1420 1828 1630 1909 perditionem
1653 1830 1727 1892 vitas

169 1932 264 1986 tuum
280 1924 523 1988 immoderantia
536 1925 599 1988 cibi
614 1945 651 1988 ae
667 1933 760 2008 potus
773 1933 830 1988 aut
842 1944 923 1987 som-
975 1926 1084 2009 gratie
1112 1925 1358 2008 divitiarumque
1386 1926 1550 2005 virtutum,
1578 1926 1662 1989 sicut
1685 1927 1725 1991 ad

169 2023 202 2083 ni
217 2043 227 2100 ;
244 2022 312 2085 noli
327 2041 384 2103 per
397 2041 434 2086 oa
449 2023 528 2085 illud
550 2031 694 2086 ventrem
709 2030 799 2085 tuum
815 2022 923 2104 ingur-
976 2026 1218 2107 praecavendum
1239 2025 1445 2089 amissionem
1461 2026 1533 2088 vitae
1554 2034 1673 2088 naturae
1687 2044 1724 2087 ac

167 2120 285 2201 gitare,
314 2138 373 2202 per
398 2121 483 2201 quod
518 2139 634 2203 corpus
667 2129 699 2184 et
733 2120 922 2201 sanguinem
977 2122 1200 2204 temporalium
1229 2121 1397 2203 bonorum,
1427 2142 1499 2187 mox
1527 2122 1726 2185 sanctitatem

166 2236 279 2280 meum
303 2217 425 2296 sumis;
448 2218 515 2281 noli
539 2218 682 2301 lingnam
703 2225 789 2281 tuam
814 2219 923 2299 loqua·
976 2222 1177 2302 attingerent.
1199 2220 1359 2303 Recogita,
1381 2222 1408 2283 si
1435 2220 1536 2283 iturus
1559 2240 1646 2283 esses
1671 2240 1727 2303 per

166 2315 278 2393 citata,
301 2315 451 2379 otiosisve
473 2316 588 2395 verbis,
604 2325 659 2379 aut
680 2317 778 2398 (qnod
802 2316 924 2380 abomi-
977 2338 1124 2401 campum
1149 2327 1203 2382 aut
1226 2319 1340 2381 silvam
1364 2319 1509 2382 hostibus
1534 2320 1661 2402 plenem
1684 2319 1729 2381 la-

165 2413 405 2477 nabilissimum
430 2417 527 2495 esset)
552 2415 759 2496 detractione,
786 2415 923 2478 semina·
976 2416 1183 2499 trabibusque
1212 2416 1371 2495 vallatam,
1399 2436 1471 2480 cum
1501 2418 1639 2499 pretioso
1669 2415 1726 2479 tibi

165 2510 258 2574 tione
301 2512 478 2591 discordie,
521 2513 701 2594 mendacio,
744 2513 921 2595 pungitivis
976 2534 1115 2597 precare
1137 2516 1297 2595 thesauro,
1322 2516 1458 2596 qualiter
1482 2524 1513 2578 te
1537 2515 1724 2595 custodires,

165 2609 409 2673 scandalosisve
443 2611 548 2674 verbis
583 2612 829 2690 commaculare,
865 2631 922 2694 per
975 2632 1071 2694 quem
1091 2612 1295 2678 formidolose
1315 2622 1347 2677 et
1366 2614 1598 2696 circumspecte
1617 2632 1728 2695 proce-

166 2726 268 2787 quam
289 2707 502 2771 sacratissima
522 2709 622 2773 Missae
640 2729 678 2773 ac
700 2710 832 2773 canonis
851 2728 923 2792 pro-
976 2712 1077 2774 deres.
1095 2710 1127 2773 Si
1148 2731 1221 2774 cum
1241 2720 1328 2775 tanto
1347 2712 1402 2775 Dei
1425 2713 1537 2775 timore
1556 2719 1650 2792 atque
1673 2731 1727 2773 cu-

166 2805 234 2867 iers
249 2806 371 2882 verba,
387 2825 442 2869 cor
456 2815 546 2869 tuum
562 2807 601 2870 ab
616 2809 703 2871 omui
722 2806 920 2889 evagatione,
977 2809 1079 2871 stodia
1093 2809 1271 2873 ambulares
1287 2810 1443 2891 perviam
1459 2818 1577 2872 arctam
1592 2808 1728 2871 lelicita-

167 2904 390 2984 distractione,
406 2904 628 2985 dissolutione,
643 2907 809 2989 potissime
824 2906 857 2967 in
874 2906 923 2967 di·
977 2908 1030 2985 tis,
1046 2925 1152 2970 nonne
1174 2907 1324 2989 praedicta
1345 2908 1489 2989 protinus
1511 2907 1727 2989 adimpleresl
1784 2956 1788 2961 .

166 3002 270 3081 vinis,
292 3003 334 3065 ab
355 3002 442 3066 omni
464 3021 590 3085 quoque
613 3004 784 3067 allectione
810 3003 920 3065 illicita
941 3005 1050 3079 GOuae
1074 3014 1123 3067 est
1149 3005 1207 3067 ista
1231 3005 1366 3087 torporis
1390 3005 1528 3086 ignavia,
1555 3024 1596 3067 ne
1620 3004 1726 3066 dicam

165 3100 417 3181 diligentissime
439 3102 574 3184 reprime
596 3110 628 3165 et
648 3102 771 3166 custodi
785 3126 793 3181 3
809 3101 919 3165 oeulos
977 3102 1194 3183 perversitatis
1216 3103 1346 3182 malitia,
1362 3102 1546 3185 diligentius
1567 3102 1726 3166 custodire

164 3218 184 3260 a
220 3198 512 3281 circumspectione
539 3208 572 3263 et
597 3199 765 3263 intuitione
794 3200 921 3262 incauta
977 3201 1076 3263 vitam
1101 3200 1297 3283 corporalem
1327 3200 1623 3282 possessionemque
1648 3209 1727 3263 tem-

165 3296 304 3378 ubique,
320 3296 457 3359 maxime
470 3298 504 3359 in
518 3298 666 3376 ecclesia,
678 3297 813 3375 cobibc3
832 3298 921 3361 inde-
976 3299 1131 3380 poralem,
1147 3318 1241 3381 quam
1262 3298 1361 3361 vitam
1382 3298 1579 3380 spiritualem
1599 3307 1630 3361 et
1649 3318 1727 3382 opu-

165 3395 316 3457 sinenter
339 3395 506 3459 considera
528 3395 761 3478 omnipotentis
785 3415 922 3478 praesen·
977 3396 1108 3459 lentiam
1134 3396 1304 3458 salutarem
1329 3414 1367 3458 ac
1389 3395 1592 3459 aeternaleml
1614 3396 1726 3460 Nonne

165 3493 260 3571 tiam,
288 3500 383 3574 atque
409 3493 441 3555 in
466 3495 582 3556 summi
606 3514 643 3557 ac
668 3494 921 3558 metuendissimi
976 3495 1061 3575 quod
1083 3493 1267 3577 diligentius
1291 3494 1478 3573 custoditur,
1502 3494 1604 3576 magis
1626 3495 1724 3557 amari

164 3591 294 3655 ludicis
322 3591 369 3654 tui
397 3600 570 3673 conspectu
602 3593 739 3658 sollicite
768 3592 852 3673 vive,
883 3592 922 3653 ti·
976 3592 1125 3655 videturl

165 3697 295 3753 morata
314 3689 437 3768 incede,
454 3690 676 3773 exemplariter
695 3691 836 3769 ambula,
855 3689 922 3753 lru-
1017 3690 1186 3753 Sacsnnos.
1212 3724 1252 3737 -
1279 3688 1470 3752 Conclusam
1497 3697 1545 3753 est
1573 3690 1664 3770 mibi,
1694 3698 1728 3754 et

165 3797 283 3851 ctuose
307 3794 340 3849 et
361 3788 506 3851 ordinate
531 3796 561 3852 te
585 3808 718 3871 occupa,
742 3808 779 3852 ac
803 3788 922 3870 jugiter
977 3788 1097 3851 victum
1121 3807 1172 3851 me
1191 3787 1343 3869 gratulor.

164 3884 331 3968 proficere
353 3886 454 3948 stude.
1017 3886 1165 3951 Vsnrras.
1177 3921 1218 3932 —
1231 3886 1341 3950 Adbuc
1357 3885 1472 3949 clarius
1487 3885 1545 3949 tibi
1560 3887 1724 3950 ostendam

206 3986 385 4047 Sacranos.
410 4020 450 4029 —
474 3984 570 4062 Bona,
595 3984 708 4065 leteor,
734 3984 921 4067 praeparatio
976 4003 1072 4066 quam
1094 3993 1203 4047 sancta
1227 3983 1340 4047 debeat
1363 4002 1432 4047 esse
1457 3985 1656 4050 conversatio
1677 4005 1726 4048 sa-

164 4083 265 4161 talis;
297 4100 357 4164 ego
383 4090 489 4145 autem
517 4089 549 4145 et
576 4082 698 4145 similes
726 4082 790 4145 mei
823 4101 921 4163 quum
976 4083 1152 4165 cerdotum‚
1173 4090 1206 4146 et
1225 4081 1363 4165 qualiter
1383 4082 1423 4146 ad
1442 4083 1669 4148 celebrandum
1692 4101 1725 4147 se

163 4187 424 4263 praeparamenta
451 4188 558 4243 nostra
582 4180 764 4261 legerimus,
791 4180 922 4244 arbitra·
936 4187 962 4249 l)
976 4182 1112 4245 debeant
1134 4200 1321 4264 preparare.

164 4298 242 4341 mur
256 4296 318 4341 nos
332 4296 526 4361 preparasse
540 4278 580 4342 ad
594 4278 831 4360 celebrandum,
848 4297 922 4343 con-

165 4376 315 4440 fessione
335 4376 510 4459 premissa.

207 4476 360 4539 l'nurras.
384 4510 426 4521 -
451 4473 612 4558 Numquid
639 4475 828 4559 preparatio
853 4475 921 4541 bec
1168 4443 1414 4510 ARTICULUS
1437 4442 1530 4509 XIV·

164 4572 299 4636 sufficit
317 4572 476 4636 verbalisl
491 4577 554 4636 Aut
573 4574 729 4655 numquid
750 4592 826 4638 vera
846 4593 922 4637 con·
991 4601 1095 4668 Quam
1128 4598 1288 4665 virtum,
1314 4602 1426 4654 ,ancta
1454 4602 1485 4653 et
1513 4592 1710 4669 eoeempzarpg

164 4671 271 4735 lessio
296 4670 365 4733 sine
388 4670 577 4735 contritione
602 4679 656 4735 aut
676 4672 921 4754 compunctione
1042 4688 1154 4747 debeat
1169 4687 1372 4745 sacerdotum
1388 4684 1456 4742 vica
1471 4683 1654 4742 consistere.

165 4768 290 4853 peterit
313 4771 405 4831 esset
430 4768 537 4843 Qualis
564 4777 669 4833 autem
695 4771 843 4835 contritio
867 4779 922 4834 aut

166 4867 379 4949 compunctio
405 4874 455 4930 est
481 4867 515 4930 in
539 4867 595 4932 illo
618 4868 673 4950 qui
701 4878 773 4951 post
797 4868 921 4933 conles
1016 4874 1163 4936 Vamras.
1184 4904 1224 4917 -
1242 4871 1377 4933 Adverte
1397 4868 1481 4950 quod
1501 4886 1592 4932 carus
1612 4876 1644 4931 et
1662 4868 1724 4931 ele-

165 4967 297 5030 sionem
320 4984 394 5029 mox
417 4966 500 5029 redit
526 4968 566 5029 ad
591 4967 741 5049 pristinus
766 4966 920 5047 levitates,
977 4980 1047 5035 ctus
1062 4989 1154 5033 meus
1169 4988 1303 5050 magnus
1318 4967 1486 5049 Dionysius
1507 4974 1721 5049 protestatur:
1808 5015 1812 5025 .

165 5064 386 5147 negligentias
407 5075 460 5128 aut
481 5068 633 5149 peccatal
647 5066 759 5131 Nonne
781 5067 923 5130 virtuosa
976 5069 1044 5133 Non
1059 5077 1108 5131 est
1125 5068 1302 5149 (inquiens)
1321 5066 1501 5129 audendum
1520 5064 1592 5127 aliis
1610 5064 1725 5127 ducem
1749 5089 1779 5133 ῃ.
1794 5088 1852 5133 aaa.

166 5163 349 5245 requiritur
367 5163 443 5243 vita,
463 5164 661 5229 conscientia
681 5167 810 5245 munda,
830 5185 922 5229 mens
977 5167 1050 5231 lieri
1066 5167 1099 5229 in
1115 5164 1225 5229 salutis
1239 5163 1362 5243 cllicio,
1380 5162 1441 5225 nisi
1456 5163 1528 5244 quis
1550 5162 1726 5224 secundum
1739 5150 1794 5196 ¹¹³³·
1805 5164 1824 5195 ⁶·
1833 5165 1862 5197 ¹¹¹·

166 5262 324 5328 timorata
344 5271 375 5325 et
395 5267 504 5345 gratal
979 5283 1107 5330 omnem
1135 5263 1285 5327 virtutem
1313 5260 1580 5325 deiformissimus
1608 5258 1650 5321 sit
1681 5259 1728 5322 el-

303 5396 336 5448 τ.
354 5398 394 5452 ss.
1571 5393 1603 5447 ac
1629 5382 1631 5386 '
