4309 6259
296 500 336 547 DE
356 500 558 547 SAGRAHENTO
578 501 708 547 attams
728 500 766 546 BT
785 500 883 547 1188AE
904 500 1132 547 ustmuurtuuu
1154 502 1313 549 ulatotttm.
1336 521 1377 532 -
1397 502 1466 549 ΛΒΤ.
1489 504 1552 549 XXV
1638 484 1695 550 Μ

158 671 239 734 tibus
251 668 378 733 nostris.
395 669 477 734 Ecce
497 669 682 752 unigenitus
703 670 803 732 llilius
825 677 899 732 tuus
912 670 939 732 Α
953 670 1052 734 tentia
1071 679 1127 734 tna
1144 689 1202 735 nos
1221 671 1422 735 defectuosus
1443 690 1480 735 ac
1501 672 1644 755 fragiles,
1660 674 1699 734 ad

157 790 193 832 ex
216 768 427 832 inaestimabili
452 788 508 830 sua
536 768 667 830 caritate
694 770 734 831 ad
762 786 832 846 nos,
859 768 899 831 ad

157 887 274 931 sacram
295 867 344 929 sui
367 866 627 930 communionem
647 885 706 929 nos
728 866 851 946 invitat,
868 876 900 928 et

156 966 291 1029 fructum
318 964 489 1048 pollicetur
515 965 749 1047 multiplicem3
779 973 812 1027 et
840 983 899 1027 nos

158 1064 288 1146 improbi
307 1082 345 1126 ac
365 1062 520 1145 perversi,
537 1064 577 1126 ab
601 1063 672 1145 ipso
695 1062 896 1145 diffugimus,

156 1162 377 1244 negligentiam
391 1179 517 1243 quoque
531 1169 563 1223 et
576 1160 738 1244 pigritiam
757 1170 897 1225 nostram

156 1278 338 1323 excusamus
365 1266 398 1322 et
425 1258 605 1341 palliamus,
635 1259 779 1322 dicentes
813 1259 898 1340 quod

156 1356 366 1440 periculosum
401 1356 443 1419 sit
472 1358 635 1435 accedere,
665 1376 763 1439 quum
793 1364 897 1419 tamen

155 1456 242 1518 valde
268 1455 469 1518 fructuosum
495 1454 537 1517 sit
560 1455 688 1519 obedire
712 1474 749 1518 ac
774 1462 897 1517 tantum

156 1560 385 1616 sacramentum
420 1572 493 1615 cum
529 1552 636 1615 debita
669 1554 899 1635 preparatione

156 1651 323 1733 suscipere.
339 1650 502 1733 Propriam
525 1668 601 1732 ergo
620 1650 898 1732 indispositionem

155 1770 190 1811 er
204 1757 310 1812 nostra
325 1748 519 1829 negligentia
533 1756 628 1829 atque
644 1748 773 1829 pigritia
783 1757 895 1825 ortam,

952 787 1047 833 omne
1063 770 1181 832 malum
1198 769 1367 853 proclives,
1383 777 1448 833 tam
1463 778 1619 853 potenter,
1635 779 1699 834 tam

953 868 1127 931 clementer
1141 867 1311 931 effectibus
1326 869 1405 931 tanti
1427 869 1617 932 sacramenti
1632 887 1700 933 cor-

952 967 1076 1045 robora,
1100 974 1135 1029 ut
1160 966 1353 1029 constabiliti
1379 966 1412 1028 in
1435 967 1536 1049 gratia
1560 975 1625 1048 tua,
1643 966 1700 1029 tibi

952 1064 1094 1145 quotidie
1120 1064 1264 1128 stabilius
1298 1065 1525 1146 adhaereamus,
1555 1085 1701 1129 reveren-

952 1162 1059 1225 tialius
1084 1162 1312 1242 ministremus
1336 1164 1573 1246 praecordialius
1597 1182 1701 1245 regra-

952 1262 1118 1340 tiemur,et
1131 1270 1186 1325 tuo
1198 1260 1317 1343 jugiter
1330 1261 1569 1325 inflammemur
1582 1281 1700 1325 amore.

997 1359 1021 1422 0
1048 1360 1131 1422 Deus
1162 1367 1289 1437 aeterne,
1319 1367 1438 1440 quanta
1471 1369 1519 1423 est
1550 1361 1612 1423 ista
1644 1360 1703 1423 im-

954 1458 1107 1540 probitas,
1125 1459 1184 1520 ista
1205 1458 1345 1537 fatuitas,
1367 1458 1432 1522 imo
1455 1467 1487 1522 et
1511 1459 1702 1539 perversitas

955 1555 1026 1633 ista,
1038 1556 1123 1636 quod
1143 1556 1199 1619 tibi
1217 1555 1349 1619 Domino
1368 1556 1432 1620 Deo
1447 1565 1555 1621 nostro
1575 1564 1638 1619 tam
1654 1557 1702 1619 in-

954 1654 1212 1735 comparabiliter
1237 1653 1331 1733 bono,
1358 1661 1423 1717 tam
1449 1654 1577 1717 infinite
1603 1657 1702 1719 hono

955 1752 1065 1829 rando,
1091 1760 1156 1813 tam
1181 1752 1378 1813 incessanter
1404 1752 1635 1816 considerando
1664 1772 1701 1816 cc

154 1865 299 1910 accusare
314 1846 586 1909 debemusssorda
600 1855 707 1909 nostra
721 1846 816 1929 plene
831 1846 899 1908 illu·
914 1848 937 1909 B
954 1850 1136 1927 metuendo,
1167 1857 1230 1911 tam
1266 1868 1389 1912 summe
1420 1869 1458 1912 ac
1486 1850 1608 1914 fervide
1638 1858 1702 1915 toto

155 1946 238 2007 mina
251 1946 292 2007 ad
307 1944 573 2009 considerandum
588 1952 680 2007 acute
694 1962 768 2007 eum
781 1952 900 2027 quanta

155 2044 286 2126 puritate
312 2061 350 2105 ac
372 2043 550 2105 reverentia
564 2051 709 2124 oporteat
731 2061 789 2107 nos
810 2042 901 2106 Crea-

155 2150 250 2205 torem
271 2160 310 2202 ac
335 2140 530 2204 Salvatorem
554 2147 699 2203 nostrum
724 2141 896 2222 suscipere,

155 2240 244 2321 cujus
258 2240 433 2301 adventum
448 2238 550 2301 sancti
565 2238 671 2301 Patres
685 2238 764 2301 olim
779 2238 813 2299 in
828 2238 898 2320 lege

155 2339 268 2419 scripta
282 2356 321 2400 ac
335 2336 473 2399 naturali
496 2343 559 2399 tam
581 2336 758 2400 affectuose
772 2344 900 2418 optave-

156 2445 234 2499 mnt.
250 2436 344 2499 Omni
363 2435 483 2499 effectu
502 2443 534 2498 et
552 2436 654 2517 gratia
677 2455 714 2498 ac
738 2436 826 2498 omni
849 2455 901 2497 su-

154 2552 250 2614 perno
284 2532 477 2595 charismate
511 2530 609 2612 hujus
646 2531 900 2613 praestantissimi

155 2630 342 2693 sacramenti
357 2648 417 2692 nos
432 2628 532 2692 refice
546 2636 579 2691 et
593 2648 747 2711 perunge,
760 2628 847 2693 nutri
862 2649 899 2692 ac

156 2728 274 2791 robora.

192 2828 416 2889 Verumtamen
431 2826 626 2889 confitemur
639 2843 698 2889 nos
720 2834 784 2888 tam
807 2846 898 2909 pura,

156 2925 292 2988 coelestia
310 2943 349 2987 ac
368 2924 478 2987 divina
492 2925 576 2987 dona
596 2942 661 2988 nou
683 2942 777 3006 posse
800 2924 900 2986 susci-

955 1949 1051 2011 corde
1071 1949 1218 2025 amando,
1235 1965 1294 2010 nos
1315 1947 1498 2027 miserrimi,
1516 1949 1622 2031 potius
1643 1949 1703 2011 im-

954 2046 1063 2129 pudici
1093 2064 1188 2108 canes
1221 2064 1316 2126 quam
1346 2046 1524 2109 sacerdotes
1552 2046 1700 2125 vocandi,

954 2144 1046 2207 toties
1074 2152 1195 2207 ettam
1224 2143 1312 2206 facili
1341 2143 1520 2223 occasione,
1546 2152 1611 2207 tam
1640 2144 1703 2207 levi

954 2242 1129 2306 tentatione
1145 2240 1344 2323 praeferimus
1358 2241 1419 2303 ista
1440 2242 1579 2304 carnalia
1600 2250 1632 2305 et
1653 2261 1704 2305 ca-

954 2341 1047 2419 duca,
1064 2360 1147 2403 vena
1161 2347 1193 2402 et
1207 2338 1295 2419 vilia,
1312 2338 1425 2401 illicita
1446 2347 1541 2421 atque
1563 2341 1704 2423 probibi-

954 2447 1007 2502 tat
1023 2440 1202 2501 Redeuntes
1224 2457 1242 2499 a
1267 2456 1377 2499 mensa
1402 2436 1457 2499 illa
1482 2438 1614 2517 coelesti,
1631 2457 1703 2501 mox

955 2538 1053 2617 leves,
1074 2536 1233 2615 dissoluti,
1254 2536 1415 2617 loquaces,
1443 2536 1627 2600 incustoditi
1652 2557 1704 2600 su-

954 2655 1026 2699 mus
1045 2643 1081 2697 ut
1099 2642 1192 2712 onte;
1215 2634 1248 2696 in
1273 2634 1357 2714 cibo,
1374 2642 1449 2716 potu
1470 2641 1501 2696 et
1520 2652 1631 2697 somno
1651 2654 1704 2697 ex-

955 2733 1115 2811 cedimus,
1131 2750 1196 2796 nou
1211 2732 1314 2795 solum
1329 2731 1429 2794 multa
1443 2740 1475 2794 et
1488 2750 1604 2813 magna
1618 2751 1704 2795 corn-

954 2831 1111 2893 mittimus
1136 2830 1229 2907 mala,
1256 2830 1311 2891 sed
1336 2838 1368 2892 et
1397 2830 1497 2893 multa
1526 2849 1563 2893 ac
1588 2849 1704 2912 magna

954 2928 1131 2992 omittimus
1153 2928 1235 2991 bona
1252 2950 1259 2989 ε
1278 2927 1341 2991 imo
1363 2927 1534 3006 interdum,
1551 2928 1635 3009 quod
1649 2928 1704 2990 ab

154 3024 308 3105 pere,nisi
325 3024 358 3085 in
374 3022 486 3105 primis
501 3031 625 3085 mentes
639 3032 755 3085 nostrae
771 3042 899 3106 prorsus
917 3028 939 3091 (l
955 3026 1128 3089 ominabile
1143 3034 1192 3088 est
1205 3033 1237 3087 et
1255 3026 1448 3088 horrendum
1471 3032 1566 3106 atque
1586 3034 1703 3088 aeterna

154 3130 327 3203 purgentur
341 3140 360 3183 a
374 3120 474 3200 vitiis,
489 3120 531 3182 ab
550 3120 638 3183 omni
659 3120 798 3183 sensuali
820 3120 901 3183 affe-

155 3229 215 3299 ctu,
229 3240 248 3283 a
262 3220 384 3284 carnali
399 3237 520 3296 amore,
536 3238 554 3281 a
576 3218 779 3300 loquacitate,
796 3219 901 3301 dupli-

155 3319 244 3381 citate
267 3327 300 3382 et
324 3317 412 3381 omni
437 3316 615 3397 iniquitatis
640 3317 836 3398 obliquitate,
859 3318 899 3379 ab

154 3417 332 3480 incustodia
345 3415 451 3478 cordis
471 3423 504 3477 et
525 3434 689 3495 sensuum,
706 3415 747 3478 ab
769 3416 900 3497 ingrati-

155 3515 259 3577 tudine
283 3523 317 3578 et
341 3523 478 3596 torpore.
494 3513 576 3575 Hinc
600 3531 687 3595 ergo,
711 3532 730 3576 o
753 3514 898 3592 Domine,

154 3614 193 3675 ob
225 3622 313 3676 tuam
349 3612 551 3674 sanctitatem
579 3611 768 3674 immensam
797 3612 900 3675 tribue

154 3711 243 3775 nobis
262 3711 415 3774 universa
437 3717 569 3792 peccata
591 3718 710 3789 nostra,
727 3710 849 3791 maiora
870 3718 902 3771 et

154 3810 285 3891 minora,
295 3828 372 3871 vere
387 3826 592 3889 cognoscere,
602 3816 634 3870 et
647 3826 775 3870 omnem
790 3827 900 3870 eorum

155 3909 372 3971 enormitatem
387 3925 424 3970 ac
438 3906 627 3987 gravitatem
642 3907 815 3988 prudenter
827 3926 902 3989 pen·

154 4026 230 4084 sare,
247 4026 327 4088 pure
347 4012 380 4068 et
398 4005 520 4085 integre
539 4023 613 4065 cum
638 4004 760 4085 ingenti
785 4004 902 4069 contri-

155 4105 236 4168 tione
269 4124 308 4167 ac
346 4103 442 4185 pleno
476 4101 710 4165 emendationis
738 4103 900 4185 proposito

954 3124 1156 3187 damnatione
1191 3122 1427 3205 dignissimum,
1461 3125 1502 3185 ad
1535 3122 1704 3187 detractio-

953 3242 1039 3299 nem,
1052 3221 1219 3284 temeraria
1234 3239 1362 3303 pmrsus
1377 3220 1509 3303 judicia,
1520 3221 1559 3283 ad
1574 3231 1703 3285 conten-

954 3321 1087 3398 tionem,
1123 3318 1387 3400 indignationem,
1422 3318 1501 3381 iram
1537 3318 1704 3400 impatien-

954 3418 1095 3498 tiamque
1120 3416 1327 3498 prolabimur,
1345 3424 1377 3479 et
1396 3415 1496 3478 instar
1520 3416 1701 3498 impiissimi

954 3515 1125 3598 proditoris
1154 3522 1184 3577 te
1213 3533 1250 3576 ea
1278 3513 1395 3577 nostris
1420 3513 1608 3596 expellimus
1634 3533 1703 3578 cor-

955 3612 1060 3692 dibus,
1077 3610 1194 3693 corripi
1210 3618 1241 3673 et
1255 3610 1369 3692 corrigi
1386 3611 1604 3693 dedignamur.

994 3709 1141 3771 Miserere
1166 3708 1276 3784 nostri,
1301 3707 1445 3786 Domine,
1471 3708 1621 3771 miserere
1647 3727 1846 3782 no-rmmo.

955 3807 1024 3885 stri,
1040 3826 1082 3869 ne
1098 3813 1183 3869 tanta
1199 3806 1237 3869 de
1253 3814 1358 3868 cetero
1381 3805 1571 3887 impleamur
1591 3807 1707 3889 despe-

955 3906 1071 3970 ctione.
1089 3903 1237 3967 Illumina
1251 3904 1361 3966 oculos
1377 3911 1499 3967 nostros
1521 3904 1699 3983 interiores,
1714 3930 1847 3979 ramas.

954 4024 996 4068 ne
1015 4006 1059 4066 ita
1079 4002 1316 4067 obdormiamus
1339 4001 1372 4063 in
1396 4008 1530 4065 mortem
1553 4002 1703 4084 iniqnita-

956 4104 1007 4182 tis,
1033 4122 1073 4165 ne
1099 4102 1206 4164 dicant
1225 4102 1331 4164 hostes
1352 4100 1451 4163 nostri
1477 4100 1700 4181 crudelissimi,

155 4202 313 4280 confiteri,
340 4200 473 4276 deflere,
499 4198 625 4281 punire,
650 4219 686 4262 ac
716 4200 785 4283 ipsa
812 4201 1181 4264 dein-DPraevaluimus
1208 4207 1319 4264 contra
1346 4218 1423 4277 eos;
1449 4218 1489 4261 ne
1518 4199 1557 4262 de
1585 4200 1702 4264 nostris

156 4320 237 4382 ceps,
261 4306 418 4381 quantum
441 4298 579 4359 bumana
603 4297 758 4380 permittit
781 4298 902 4379 fragili-

156 4408 211 4477 tas,
225 4399 347 4480 Jngiter
365 4396 495 4473 evitare,
512 4404 547 4457 ut
566 4395 773 4459 saluberrimo
798 4416 901 4459 sacra-

154 4506 270 4576 mento,
300 4503 334 4558 et
362 4494 419 4556 tibi
452 4512 509 4575 per
540 4492 630 4569 illud,
661 4494 802 4574 quotidie
830 4514 902 4577 pro-

154 4593 304 4675 pinquius
334 4591 542 4671 intimiusque
565 4590 749 4671 jungamur,
775 4592 900 4673 atejus

156 4692 269 4754 virtute
288 4711 327 4753 ac
347 4687 448 4771 gratia
467 4688 506 4751 ad
525 4688 723 4770 spiritualem
747 4688 900 4752 virtutum

156 4789 353 4852 altitudinem
369 4806 622 4863 concrescamus,
638 4807 657 4849 a
671 4787 814 4869 pristinis
836 4788 902 4850 cul·

51 4904 143 4960 'araga
156 4887 204 4969 pis
217 4895 248 4949 et
262 4886 352 4950 vitiis
366 4886 454 4949 omni
468 4885 547 4947 bora
561 4903 732 4962 cessemus,
749 4894 780 4947 et
795 4904 902 4948 coram

158 4994 186 5048 te
206 4984 345 5048 sollicite
366 4983 576 5046 ambulemus.

194 5084 315 5147 ODeus
329 5081 544 5164 omnipotens,
560 5080 614 5162 qui
629 5100 687 5163 per
701 5089 787 5145 tuam
802 5084 905 5146 omui-

159 5182 332 5264 potentiam
356 5190 403 5244 tot
429 5187 460 5241 et
484 5186 571 5241 tanta
598 5178 758 5242 mirabilia
785 5180 818 5241 in
842 5182 903 5244 boc

161 5287 357 5344 sacramento
376 5277 530 5361 operaris,
546 5278 606 5340 bae
625 5279 735 5341 eadem
759 5279 904 5361 omnipo

956 4298 1138 4361 excessibus
1153 4297 1329 4377 glorientur
1342 4320 1350 4375 3
1367 4316 1407 4359 ne
1422 4304 1453 4359 et
1468 4304 1594 4359 sanctos
1608 4317 1703 4379 enge-

956 4399 1004 4461 los
1038 4415 1096 4459 nos
1124 4395 1267 4477 piissime
1297 4394 1510 4457 custodientes
1538 4396 1704 4457 contriste-

957 4515 1044 4573 mus,
1060 4502 1093 4557 et
1107 4494 1203 4575 (quod
1224 4492 1442 4574 superomnia
1461 4500 1509 4555 est
1524 4493 1703 4572 vitandum)

957 4614 997 4656 ne
1025 4600 1124 4669 tuam,
1153 4610 1172 4654 o
1200 4591 1282 4653 Deus
1310 4590 1475 4668 altissime,
1502 4590 1702 4672 praesentiam

956 4700 1021 4753 tam
1050 4688 1190 4771 graviter
1222 4686 1435 4766 offendamus,
1465 4688 1520 4751 sed
1548 4689 1702 4770 quidquid

957 4788 1153 4852 offensivum
1169 4795 1216 4847 est
1230 4795 1290 4848 tuae
1306 4786 1482 4848 sanctitatis
1501 4805 1537 4849 ac
1557 4788 1704 4869 majesta-

958 4888 1010 4964 tis,
1035 4884 1280 4967 diligentissime
1305 4902 1484 4964 caveamus,
1510 4903 1574 4949 non
1600 4886 1703 4949 solum

957 4993 1099 5067 peccata,
1117 4983 1219 5045 sedet
1239 4982 1391 5065 peccandi
1413 4983 1596 5045 occasiones
1618 4984 1705 5047 solli-

958 5084 1020 5146 cite
1048 5081 1258 5159 declinemus,
1285 5099 1411 5161 semper
1439 5080 1577 5143 salubria
1604 5082 1704 5145 medi-

958 5190 1073 5260 temur,
1087 5180 1228 5243 virtuosa
1242 5187 1399 5261 optemus,
1412 5186 1505 5260 teque
1520 5180 1621 5242 oculis
1636 5200 1705 5245 cor-

959 5280 1008 5343 dis
1022 5278 1255 5342 incessabiliter
1269 5295 1493 5360 proponamus,
1510 5277 1542 5339 in
1563 5278 1705 5343 adversis
