4309 6259
435 490 494 555 tto

720 510 761 554 ΒΕ
782 508 983 556 sathanaco
1004 508 1214 555 eumantsrtm
1236 507 1392 554 setthoitas
1414 508 1480 553 SEX.
1504 526 1544 537 -
1565 508 1698 555 SEMOV

435 678 515 741 bilia
528 679 682 742 miracula
700 679 921 761 copiosissime
942 679 1115 762 approbata
1135 686 1183 740 est
1197 678 1223 739 A
1238 677 1384 740 altissimi
1401 678 1589 742 sacramenti
1600 678 1846 760 indignumlloc
1860 679 1971 743 atenim

435 786 469 841 et
481 778 618 841 firmata.
635 778 707 840 llaec
722 786 753 840 te
768 779 939 856 latuerunt,
955 796 974 841 o
996 777 1130 859 reprobe
1152 785 1183 839 et

435 875 548 939 infelix
572 878 754 954 Avcrroes;
780 882 812 938 ct
836 876 942 956 plane,
963 875 989 937 si
1016 882 1182 958 praetactos

435 973 571 1037 effectus
586 982 617 1037 ct
631 973 753 1037 fructus
768 974 989 1055 gloriosissimi
1002 975 1183 1037 Sacramen-

435 1072 458 1133 ti
485 1092 635 1155 unquam,
657 1073 769 1135 saltem
795 1073 905 1153 semel,
925 1081 1097 1154 gustasses,
1119 1091 1182 1135 non

434 1177 500 1233 tam
522 1171 707 1253 blaspheme
729 1170 853 1234 locutus
873 1170 1001 1233 luisses.

475 1269 593 1349 ltaque,
610 1270 649 1332 ad
668 1268 877 1332 obtinendum
899 1267 1035 1331 effectus
1057 1269 1125 1345 hos,
1143 1269 1181 1329 ad

436 1368 667 1448 degustandum
683 1366 806 1429 fructus
821 1366 968 1449 praefatos
987 1366 1181 1429 Sacramenti

437 1483 494 1527 nos
511 1472 638 1527 strenue
653 1484 882 1546 praeparemus3
899 1483 1005 1527 coram
1020 1464 1182 1526 Altissimo

437 1562 655 1624 indesinenter
668 1562 819 1639 timorati,
837 1562 985 1627 custoditi
1007 1582 1043 1625 ac
1066 1562 1182 1625 fervidi

437 1661 659 1743 persistamus3
675 1678 803 1723 ornnem
820 1661 1066 1740 simulationem,
1079 1661 1183 1742 dupli-

436 1760 575 1837 citatem,
592 1758 774 1838 vanitatem,
798 1759 1027 1837 carnalitatem,
1051 1759 1183 1822 diaboli-

1238 786 1481 857 sacramentum,
1505 778 1587 840 sicut
1610 786 1774 841 ostensum
1797 786 1854 857 est,
1870 779 2073 861 preci-acum
2102 784 2103 787 ’

1237 894 1299 956 pue
1314 882 1362 936 est
1377 882 1609 937 sacramentum
1624 874 1764 938 caritatis
1786 883 1818 938 et
1837 876 1971 955 unitatis,
1982 858 2072 962 fim‘*

1238 972 1326 1053 pacis
1346 980 1377 1034 et
1395 972 1614 1035 unanimitatis
1632 997 1638 1035 :
1656 992 1694 1036 ex
1717 972 1835 1054 quihus
1858 982 1972 1037 constat

2002 922 2068 963 ficta

1238 1070 1372 1134 effluere
1395 1071 1519 1135 viscera
1543 1072 1682 1152 pietatis,
1705 1080 1800 1155 atque
1828 1072 1971 1135 aflectum

1237 1168 1426 1231 dulcedinis.
1443 1169 1523 1232 Hinc
1538 1189 1556 1231 a
1571 1172 1773 1252 susceptione
1793 1171 1971 1234 sacramenti

1239 1266 1330 1328 istius
1359 1268 1538 1349 impediunt
1566 1269 1740 1350 prasertim
1770 1289 1807 1332 ca
1834 1288 1903 1350 quaa
1930 1269 1972 1332 his

1238 1366 1471 1427 contrariantur
1502 1366 1685 1445 virtutibus,
1715 1376 1828 1448 utputa
1860 1368 1970 1447 odium,

1237 1481 1360 1541 rancor,
1386 1463 1517 1543 invidia,
1542 1464 1711 1543 dissensio,
1732 1465 1857 1544 divisio,
1878 1466 1972 1528 turba-

1238 1562 1292 1642 tio,
1310 1562 1478 1639 discordia,
1496 1563 1676 1643 crudelitas,
1693 1563 1881 1626 amaritudo.

1277 1658 1419 1741 Insuper,
1445 1679 1543 1741 quum
1572 1660 1655 1723 istud
1684 1661 1726 1723 sit
1751 1670 1971 1724 sacramentum

1238 1756 1381 1819 maximae
1406 1758 1646 1840 spiritualitatis,
1664 1759 1702 1821 ad
1728 1758 1821 1841 cujus
1845 1759 1972 1822 celebra·

436 1875 568 1937 eamque
583 1858 904 1937 ambitionem,quam
920 1857 1021 1939 culpae
1036 1858 1182 1919 innume
1198 1858 1221 1920 B
1239 1853 1355 1916 tionem
1372 1874 1408 1917 ac
1424 1855 1698 1937 participationem
1713 1858 1839 1921 devotio
1850 1857 1973 1939 exigitur

434 1954 551 2017 nabiles
566 1956 832 2033 concomitantur,
845 1955 973 2019 infinita
988 1956 1183 2018 detestemur

433 2054 576 2132 horrore,
593 2063 624 2116 ct
646 2072 751 2116 coram
772 2054 882 2116 Judice
904 2072 1028 2116 summo
1049 2054 1083 2115 in
1104 2074 1182 2116 cun-

435 2152 495 2214 ctis
520 2151 637 2215 sinceri
662 2152 762 2213 simus
782 2171 819 2214 ac
837 2152 927 2233 justi,
949 2160 1042 2233 atque
1063 2153 1095 2214 in
1117 2152 1182 2214 sin-

435 2250 636 2311 cerissimum
661 2249 814 2312 affectum
838 2250 935 2312 totius
958 2250 1033 2313 honi
1055 2252 1180 2314 honesti

436 2347 633 2429 integraliter
661 2348 888 2426 transformati,
919 2368 955 2410 ac
983 2349 1050 2413 zelo
1078 2350 1180 2412 divini

436 2444 565 2507 honoris
586 2464 623 2507 ac
643 2445 718 2507 boni
738 2446 917 2507 communis
942 2445 1181 2527 inexstinguibi-

436 2543 509 2605 liter
532 2542 733 2606 inflammati.
760 2544 806 2605 Ad
834 2544 961 2606 laudem
986 2553 1017 2607 et
1047 2545 1179 2627 gloriam

435 2640 491 2703 Dei
513 2640 752 2723 omnipotentis.

702 2924 848 2988 SERMO
871 2924 913 2986 V.

436 3073 484 3131 De
498 3071 739 3145 impedimentis
755 3073 981 3131 celebrationis
994 3082 1025 3132 et
1043 3093 1183 3133 comma·

476 3160 605 3226 aiamim·
615 3168 645 3217 et
659 3160 844 3233 specialiter
858 3180 901 3219 an
915 3162 1101 3221 bominibus
1111 3181 1184 3237 pas·

475 3249 625 3316 siccatis,
634 3250 892 3310 amaritudinem
904 3252 941 3310 ia
951 3253 1046 3310 corde
1056 3260 1184 3327 pestan-

477 3338 575 3406 tibus,
582 3338 677 3397 liceat
687 3342 927 3399 communicare
941 3348 1000 3399 aut
1009 3342 1181 3401 celebrare.

497 3528 756 3588 ACERDOTES
771 3528 830 3605 qai
847 3531 1003 3587 accedant
1016 3531 1061 3587 ad
1073 3532 1183 3589 Domi-

511 3644 604 3693 nam,
619 3625 878 3700 sanctificentur,
889 3628 1107 3701 repercutiat
1122 3647 1181 3688 eos.

435 3722 533 3785 Exod.
550 3739 614 3794 x1x,
630 3718 681 3784 22.

475 3817 677 3881 Manifestum
702 3827 750 3880 est
773 3820 811 3881 ad
839 3820 1110 3884 consecrationem
1137 3842 1185 3885 sa-

438 3918 592 3981 cramenti
612 3917 704 3979 istius
723 3917 861 3980 debitam
877 3919 1041 3980 materiam
1064 3920 1183 4001 requiri

437 4034 475 4077 ac
501 4015 636 4077 formam
655 4022 749 4093 atque
769 4012 978 4077 intentionem
993 4038 1000 4093 ;
1018 4016 1072 4077 scd
1098 4036 1183 4079 nunc

437 4113 477 4176 de
492 4111 729 4193 impedimentis
751 4111 838 4193 loqui
860 4112 1001 4190 intendo,
1019 4114 1088 4177 sine
1108 4135 1185 4197 quo-

1238 1952 1382 2032 actualis,
1399 1952 1474 2015 hinc
1490 1953 1568 2016 vitia
1584 1955 1700 2033 carnis,
1718 1962 1750 2017 et
1764 1974 1801 2018 ca
1815 1974 1885 2037 quaa
1899 1974 1973 2018 men·

1238 2058 1301 2112 tem
1317 2051 1521 2114 vehementer
1535 2052 1729 2134 deprimunt,
1745 2053 1916 2135 implicant,
1932 2053 1973 2115 in-

1238 2148 1390 2229 quietant,
1412 2149 1540 2230 abipso
1564 2150 1719 2231 impedire
1744 2152 1971 2214 noscuntur.h

1239 2264 1373 2327 quorum
1403 2245 1551 2327 figuram,
1583 2248 1616 2308 in
1650 2249 1750 2311 veteri
1786 2250 1972 2312 Testamenta

1239 2344 1367 2425 quidam
1387 2346 1426 2407 de
1446 2345 1545 2426 stirpe
1564 2346 1638 2409 Levi
1659 2354 1691 2409 et
1709 2348 1813 2411 Aaron
1835 2350 1877 2411 ab
1898 2349 1973 2413 ohla-

1239 2443 1323 2505 tione
1339 2443 1511 2505 hostiarum
1533 2445 1785 2526 prohibebantur
1804 2447 1945 2528 legalium
1964 2470 1969 2507 :

1240 2540 1323 2603 inter
1350 2560 1430 2621 quos
1463 2543 1644 2623 specialiter
1671 2544 1826 2607 nominati
1857 2544 2073 2613 fuemntmmn

1239 2636 1393 2717 herniosi,
1408 2640 1464 2720 qui
1486 2639 1609 2703 scilicet
1632 2643 1756 2724 pondus
1781 2642 1973 2725 turpitudinis

1239 2735 1348 2799 ferunt
1370 2736 1404 2798 iu
1430 2738 1534 2800 cordo.
1556 2739 1781 2803 Sacerdotibus
1804 2760 1890 2823 ergo,
1905 2760 1973 2823 pra

1240 2834 1349 2896 sertim
1365 2834 1534 2916 religiosis,
1544 2856 1667 2900 summe
1682 2838 1838 2901 incumbit
1853 2839 1973 2921 implere

1239 2932 1323 3013 quod
1339 2932 1384 2995 ait
1397 2934 1565 3014 Apostolus
1583 2935 1712 2999 :Estote
1737 2936 1908 3001 imitatores
1926 2936 1971 2999 Dei
1993 2961 2071 3017 reae

1203 3031 1325 3100 Gsicut
1343 3030 1405 3093 filii
1427 3033 1592 3111 carissimi,
1609 3042 1641 3096 et
1664 3035 1825 3098 ambulate
1849 3036 1882 3098 in
1906 3036 1974 3097 dile·
1986 3028 2022 3071 ¹³*

1242 3128 1345 3191 ctione
1361 3130 1445 3192 sicut
1458 3138 1489 3192 et
1503 3131 1644 3195 Christus
1659 3132 1771 3195 dilexit
1792 3152 1870 3212 nos;
1885 3142 1974 3197 estote
1984 3146 2074 3194 ratast

1242 3226 1381 3289 invicem
1406 3228 1549 3309 benigni,
1575 3230 1808 3311 misericordes,
1833 3233 1974 3295 donantes

1242 3325 1380 3388 invicem
1403 3326 1486 3388 sicut
1504 3335 1535 3389 et
1554 3327 1636 3390 Deus
1656 3328 1689 3391 in
1709 3328 1833 3394 Christo
1857 3330 1974 3394 donavit

1242 3423 1354 3503 vobis3
1371 3424 1510 3505 itemque
1528 3425 1688 3490 :Obsecro
1712 3446 1770 3491 vos
1794 3430 1829 3490 in
1853 3428 1975 3492 Domino
1986 3442 2061 3487 rana

1242 3530 1276 3584 ut
1299 3522 1394 3603 digne
1420 3522 1589 3586 ambuletis
1612 3526 1778 3590 vocatione
1803 3545 1865 3608 qua
1884 3526 1974 3591 vocati

1242 3620 1329 3698 estis,
1346 3639 1418 3683 cum
1439 3622 1525 3683 omni
1547 3622 1726 3686 humilitate
1751 3632 1784 3686 et
1808 3632 1976 3687 mansuetu-

1242 3720 1327 3798 dine,
1345 3738 1418 3781 cum
1433 3720 1597 3801 patientia,
1611 3730 1835 3803 supportantes
1849 3723 1975 3787 invicem

1242 3817 1274 3878 in
1290 3817 1430 3897 caritate,
1448 3818 1577 3881 solliciti
1600 3838 1727 3883 servare
1748 3823 1901 3885 unitatem
1921 3822 1976 3903 spi-

1242 3916 1320 3977 ritus
1345 3915 1377 3977 in
1403 3916 1531 3980 vinculo
1556 3917 1655 3998 pacis.
1672 3918 1743 3981 llaec
1768 3928 1799 3982 et
1823 3920 1911 4003 plura
1933 3920 1975 3982 his

1241 4014 1419 4077 consimilia
1447 4016 1575 4097 scripsit
1602 4017 1783 4099 Apostolus,
1814 4038 1878 4082 nan
1908 4018 1975 4082 solis

1242 4111 1411 4193 religiosis,
1439 4112 1494 4174 sed
1518 4112 1678 4176 universis
1701 4114 1865 4195 fidelibus,
1890 4116 1973 4179 etiam

438 4230 508 4273 rum
532 4208 707 4272 remotione
732 4227 769 4270 ac
792 4209 962 4272 evitatione
987 4230 1051 4274 non
1081 4215 1223 4293 potestll
1242 4209 1444 4271 secutaribus
1459 4218 1491 4271 et
1506 4211 1750 4292 conjugatisAd
1765 4231 1876 4278 omnes
1890 4214 1976 4296 igitur

437 4308 510 4389 quis
529 4306 614 4370 licite
633 4306 793 4369 celebrare
812 4327 915 4389 neque
935 4310 1182 4375 communicare.

437 4406 476 4468 Et
497 4413 621 4470 canstat
640 4405 673 4467 in
693 4405 804 4487 primis
824 4406 943 4487 requiri
967 4409 1050 4487 quod
1075 4409 1182 4490 homo,

437 4505 523 4567 facta
543 4504 648 4567 debita
667 4503 865 4567 discussione
885 4504 1087 4569 conscientias
1107 4526 1181 4587 suae,

437 4621 502 4665 non
518 4602 560 4664 sit
574 4602 634 4664 sibi
649 4603 690 4664 de
703 4601 830 4664 mortali
846 4602 995 4665 conscius
1009 4604 1105 4686 culpa
1120 4624 1183 4669 non

437 4699 574 4762 contrita
592 4718 652 4762 nec
675 4699 833 4778 confessa,
849 4700 995 4779 quamvis
1019 4702 1052 4763 in
1076 4704 1183 4784 aliquo

437 4816 513 4860 casu
529 4797 627 4878 possit
638 4796 790 4860 sufficere
805 4796 1004 4879 propositum
1027 4799 1184 4863 confiten-

436 4896 469 4958 di
485 4904 628 4977 tempore
647 4903 837 4977 opportuno.
854 4890 933 4957 ilinc
955 4913 1049 4959 omne
1072 4916 1184 4979 pecca-

437 5002 504 5056 tum
520 4994 652 5056 mortale
666 4993 931 5075 impedimentum
947 5002 995 5057 cst
1010 4998 1184 5059 communi-

436 5093 529 5155 candi
545 5111 581 5155 ac
597 5090 902 5154 celebrandi.Nihilo
918 5092 1023 5155 minus
1038 5095 1181 5174 quaedam

436 5198 566 5273 peccata
581 5188 711 5272 speciali
726 5188 847 5252 ratione
862 5190 1025 5253 hominem
1047 5192 1182 5255 reddunt

436 5289 476 5351 ad
497 5289 735 5371 perceptionem
759 5295 790 5351 et
815 5287 1059 5353 celebrationem
1084 5290 1180 5372 hujus

1240 4307 1432 4370 Christianos
1448 4308 1610 4391 pertinent
1624 4309 1695 4387 ista,
1713 4310 1795 4373 sicut
1809 4322 1841 4375 et
1855 4312 1886 4375 id
1900 4311 1974 4393 quod

1241 4426 1348 4468 rursus
1377 4406 1462 4469 idem
1486 4407 1630 4470 hortatur
1654 4409 1824 4490 Apostolus
1851 4435 1857 4471 :
1884 4409 1974 4474 Nolite
1991 4428 2073 4469 rmu-

1240 4524 1309 4567 esse
1338 4506 1508 4587 prudentes
1537 4506 1620 4588 apud
1653 4508 1875 4590 vosmetipsos,
1905 4490 2036 4570 nutti'ffi

1240 4604 1359 4667 malum
1383 4622 1440 4685 pro
1465 4604 1549 4667 malo
1578 4605 1756 4687 reddentes,
1785 4608 1975 4689 providentes

1239 4700 1322 4764 bona
1346 4720 1410 4765 non
1435 4710 1556 4763 tantum
1581 4721 1687 4765 coram
1711 4704 1787 4782 Deo,
1814 4705 1975 4769 sedetiam

1240 4818 1346 4862 coram
1362 4800 1508 4863 omnibus
1524 4800 1726 4881 hominihus;
1742 4803 1767 4865 si
1784 4802 1855 4866 lieri
1871 4810 1974 4885 potest,

1239 4899 1323 4979 quod
1342 4917 1380 4959 ex
1401 4898 1489 4961 vobis
1509 4906 1567 4976 est,
1584 4918 1658 4961 cum
1677 4900 1827 4963 omnibus
1850 4900 1977 4965 homini-

1238 4995 1297 5058 bus
1312 5014 1423 5076 pacem
1438 4997 1602 5060 habentes.
1619 4997 1685 5061 lmo
1700 5008 1731 5062 ct
1747 5000 1790 5062 ita
1811 5001 1850 5062 ad
1872 5019 1977 5062 unum-

1237 5113 1396 5176 quemque
1421 5102 1542 5175 spectat
1566 5096 1763 5159 credentium
1789 5100 1871 5179 quod
1894 5098 1976 5179 jubet

1237 5194 1380 5255 Salvator
1406 5216 1412 5255 :
1439 5193 1565 5275 Diligite
1597 5194 1742 5258 inimicos
1773 5204 1905 5274 vestros,
1928 5195 2081 5257 terassa

1238 5289 1375 5353 nefacite
1408 5290 1458 5353 his
1491 5291 1543 5373 qui
1574 5292 1709 5355 oderunt
1739 5311 1805 5375 vos,
1836 5303 1868 5357 et
1898 5301 1975 5358 orate
