4309 6259
472 476 534 544 556
746 504 786 550 ll!
807 504 964 551 rucuma
985 503 1022 549 ΕΤ
1042 503 1206 551 orabamus
1227 504 1343 567 uttam,
1365 504 1453 553 blacta
1473 506 1517 553 111.
1540 524 1581 535 -
1600 505 1670 551 aar.
1692 505 1747 551 m

472 677 606 752 poterat,
630 673 757 754 plenius
781 674 881 754 novit,
908 682 940 737 et
963 674 1064 757 ipsam
1089 675 1217 737 demum
1234 676 1259 737 A
1275 674 1410 757 ideoque
1425 676 1458 738 in
1472 676 1532 739 bac
1546 675 1641 739 etiam
1661 682 1751 758 parte
1771 672 1894 737 cunctis
1913 674 2002 736 bumi-

472 769 590 834 divinso
614 774 909 853 superexaltationis
930 774 1117 855 dignitatem
1141 794 1220 857 prae-
1275 773 1337 837 lior
1357 774 1636 855 proportionaliter
1656 782 1733 837 erat.

473 870 590 933 clarius
617 872 871 955 profundiusque
900 874 1057 956 concepit,
1085 883 1117 937 et
1144 875 1219 937 itam
1313 871 1483 936 Enimvero
1512 871 1769 956 contemplativis
1798 870 2001 933 sanctissimis·
2101 934 2103 961 ἐ

473 1065 513 1127 de
541 1068 702 1149 condigno
728 1088 834 1151 neque
861 1069 1040 1133 efficaciter
1064 1070 1219 1133 meruisse
1275 1076 1385 1149 terque
1412 1070 1584 1132 deductum
1609 1076 1668 1148 cst,
1693 1069 1752 1131 boc
1776 1065 2000 1130 consuetudina-
2102 1150 2103 1155 ἵ

473 1164 631 1244 pensavit,
654 1186 691 1229 eo
720 1168 829 1249 utique
850 1169 1003 1231 humilior
1029 1168 1102 1231 fuit.
1125 1168 1219 1233 Porro
1276 1167 1356 1229 rium
1371 1175 1431 1245 est,
1447 1176 1483 1229 ut
1496 1186 1530 1229 se
1545 1175 1621 1229 tunc
1642 1166 1817 1249 presertim
1840 1164 1998 1241 humilient,

473 1280 508 1324 se
536 1262 771 1345 sapientissima
799 1266 984 1348 plenissime
1012 1267 1103 1330 novit
1135 1286 1216 1346 esse,
1275 1265 1351 1327 dum
1379 1283 1413 1327 se
1441 1264 1475 1326 in
1503 1264 1621 1327 divinae
1650 1270 1822 1347 prospectu
1854 1262 1999 1345 Sapientia

472 1378 566 1441 posse
594 1368 625 1423 et
651 1382 755 1444 agere.
782 1363 977 1446 Omnemque
1005 1365 1134 1427 demum
1164 1363 1219 1427 bo-
1275 1365 1530 1444 contemplantur
1542 1371 1596 1425 aut
1615 1370 1766 1425 statuunt.
1782 1360 1865 1424 Hinc
1884 1379 1999 1441 namque

473 1460 603 1522 nitatem
627 1468 721 1542 atque
742 1462 890 1524 virtutem
912 1463 1050 1543 desuper
1068 1482 1102 1525 se
1125 1464 1221 1525 scivit
1275 1459 1374 1523 Deum
1401 1460 1652 1543 omnipotentem
1681 1458 1774 1522 affari
1806 1478 1896 1522 orsus
1921 1458 1999 1520 Aba·

472 1558 627 1637 sortitam,
653 1568 685 1621 ct
709 1560 742 1621 in
767 1560 902 1641 singulis
927 1560 978 1622 his
1003 1580 1037 1623 se
1061 1580 1080 1622 a
1103 1560 1219 1624 divinae
1275 1558 1347 1621 bam
1362 1558 1503 1639 :loquar
1516 1558 1648 1639 (inquit)
1662 1559 1701 1620 ad
1716 1557 1885 1621 Dominum
1898 1576 1996 1631 meum,
2017 1578 2088 1627 aare

471 1653 613 1719 bonitate
641 1657 888 1720 manutenentia
916 1658 1136 1721 vehementius
1172 1658 1220 1720 in-
1274 1675 1373 1737 quum
1394 1656 1453 1718 sim
1475 1656 1581 1739 pulvis
1602 1664 1633 1719 et
1653 1656 1745 1719 cinis.
1766 1655 1805 1718 Et
1827 1656 1939 1737 Moyses
1954 1642 2031 1717 betl-

472 1754 722 1835 cessablliusque
737 1755 969 1837 dependentem
984 1756 1219 1838 contemplaba-
1273 1754 1383 1817 fruens
1407 1754 1578 1835 colloquio,
1593 1754 1661 1836 qui,
1682 1762 1717 1816 ut
1736 1752 1866 1835 Origeni
1888 1752 1997 1835 placuit,

472 1858 534 1930 tur,
560 1871 654 1933 quam
678 1872 698 1915 a
724 1852 812 1916 fonte
840 1855 1018 1936 dependeat
1041 1856 1139 1934 rivus,
1165 1856 1255 1919 autll
1275 1853 1428 1933 eloquens
1456 1851 1518 1913 fuit
1545 1852 1678 1934 (quippe
1706 1852 1746 1914 de
1773 1869 1841 1932 quo
1867 1851 1997 1931 scriptum
2102 1868 2103 1871 ’

472 1968 491 2011 a
519 1950 585 2012 sole
614 1950 731 2013 radius.
761 1952 886 2014 Etenim
916 1962 1039 2015 constat
1066 1954 1219 2036 quoniam
1274 1960 1323 2014 est
1336 1976 1342 2012 :
1356 1952 1394 2013 Et
1407 1950 1549 2014 eruditus
1564 1960 1613 2013 est
1626 1951 1746 2032 lloyscs
1760 1949 1850 2013 omni
1865 1950 1998 2031 sapientia
2011 1972 2088 2013 rara

471 2046 498 2108 si
514 2048 563 2110 vel
579 2048 619 2110 ad
634 2059 829 2113 momentum
845 2051 949 2113 lucem
965 2050 1102 2131 auferaS,
1119 2052 1220 2133 splen·
1274 2050 1501 2131 AEgyptiorum,
1519 2057 1649 2130 eratque
1671 2056 1783 2131 potens
1809 2048 1844 2110 in
1870 2048 1955 2111 verbo
1975 2054 1999 2109 et

472 2146 553 2209 dor
545 2165 613 2228 rpse
635 2147 805 2211 confestim
826 2148 985 2211 transibit.
1003 2150 1054 2212 Sic
1075 2168 1217 2231 prorsus,
1273 2150 1416 2229 operc):
1441 2145 1494 2209 bic
1523 2147 1642 2227 itaque,
1668 2148 1744 2209 dum
1768 2146 1908 2209 lerbum
1931 2144 1998 2225 quod
2016 2163 2088 2209 um

472 2265 498 2307 sr
490 2244 595 2307 'vel'
588 2264 620 2307 rn
636 2246 701 2307 ictu
723 2246 808 2309 oculi
829 2247 946 2310 divinae
961 2248 1131 2310 clementia
1146 2267 1221 2311 oon·
1273 2253 1341 2309 erat
1356 2244 1387 2307 in
1407 2244 1565 2327 principio
1584 2245 1668 2325 apud
1687 2243 1786 2306 Deum
1808 2243 1950 2320 audisset,
1963 2242 2044 2303 di-
2009 2228 2044 2269 ¹·

471 2343 660 2406 servationis
688 2344 729 2406 ab
757 2344 922 2407 intellectu
946 2354 1052 2409 creato
1076 2345 1217 2424 deficiat,
1273 2342 1345 2405 xit:
1369 2342 1517 2421 Obsecro,
1537 2341 1681 2423 Domine,
1701 2359 1765 2405 non
1781 2361 1855 2403 sum
1870 2341 2027 2459 eloquens¹0
2017 2355 2089 2399 rae.

471 2441 576 2504 omnis
591 2442 743 2506 continuo
755 2443 856 2506 virtus
870 2444 941 2553 ejus
956 2453 1049 2525 atque
1064 2444 1220 2525 perfectio
1273 2442 1313 2504 ab
1328 2441 1397 2504 beri
1413 2449 1444 2503 et
1459 2440 1704 2520 nudiustertius,
1720 2448 1753 2503 et
1766 2460 1805 2502 ex
1819 2458 1884 2522 quo
1898 2421 2033 2503 locutusl·
2080 2482 2083 2489 ·

472 2539 694 2620 discoloratur,
717 2540 857 2623 itemque
878 2542 912 2603 in
933 2542 1071 2604 nibilum
1094 2543 1221 2605 redacta
1273 2559 1308 2602 es
1332 2540 1371 2602 ad
1396 2558 1524 2601 servum
1549 2546 1651 2616 tuum,
1668 2537 1882 2618 impeditioris
1905 2537 2000 2617 lingua

472 2638 616 2701 tabescit.
643 2638 796 2720 Denique,
827 2639 887 2703 hoc
917 2648 1154 2721 agnoscentem,
1185 2660 1219 2703 se
1273 2656 1332 2719 ego
1355 2657 1436 2699 sum.
1454 2636 1506 2699 Sic
1521 2636 1772 2699 etlercmiasad
1787 2636 2001 2717 loquenduma

472 2735 642 2798 humiliare
657 2756 715 2819 par
728 2746 787 2799 est.
804 2736 934 2819 Nempe,
951 2738 1068 2799 nedum
1084 2738 1117 2799 in
1137 2757 1217 2817 esse,
1273 2736 1336 2799 Deo
1352 2734 1398 2797 irc
1412 2734 1532 2815 jussus,
1548 2734 1594 2796 ait
1610 2756 1617 2795 :
1634 2734 1671 2813 Α,
1687 2753 1716 2811 a,
1733 2752 1762 2811 a,
1779 2733 2076 2805 Dominelleus,ta.1.t

472 2836 527 2897 sed
550 2835 581 2896 in
604 2836 823 2917 permanentia
844 2853 971 2917 quoque
992 2844 1023 2898 et
1047 2836 1219 2899 stabilitate
1272 2833 1382 2896 nescio
1398 2832 1497 2913 loqui,
1513 2830 1589 2913 quia
1599 2850 1680 2913 puer
1693 2849 1752 2913 ego
1767 2832 1900 2894 sumllt
1912 2830 2000 2907 lsaias,

473 2931 678 3013 perfectionis
702 2933 835 3015 adeptae,
861 2952 879 2995 a
904 2934 967 2995 Deo
996 2932 1220 2996 indeficienter
1273 2950 1372 3012 quum
1386 2930 1503 2993 divinas
1518 2929 1600 2993 lucis
1615 2929 1785 3011 puritatem
1801 2930 1929 2993 vidisset
1944 2928 2068 2993 :laam

473 3030 664 3111 penitusque
686 3031 913 3112 dependemus.
934 3030 1070 3111 ldeoque
1092 3031 1219 3094 divinus
1236 3033 1257 3097 C
1274 3031 1351 3093 mibi
1367 3030 1508 3111 (iuquit),
1525 3029 1600 3111 quia
1620 3027 1669 3091 vir
1690 3028 1834 3110 pollutus
1853 3028 1940 3091 labiis
1955 3045 2000 3107 ego

327 3128 642 3209 rca.1v.r.bpostolus
659 3152 666 3189 :
683 3129 762 3203 Quid
781 3128 913 3210 (iuquit)
928 3129 1026 3191 habes
1047 3130 1132 3210 quod
1153 3148 1217 3192 non
1274 3148 1355 3191 sum.
1372 3129 1466 3191 Porro
1480 3126 1745 3208 psalmographus
1761 3146 1794 3189 se
1811 3127 1846 3189 in
1861 3126 1913 3189 Ilei
1933 3142 2000 3187 com·

473 3227 649 3308 accepistil
671 3227 703 3289 Si
728 3235 834 3288 autem
860 3227 1023 3308 accepisti,
1050 3228 1126 3308 quid
1152 3228 1219 3308 glo
1274 3227 1436 3308 paratione
1462 3225 1682 3307 contemplans
1710 3248 1716 3285 :
1743 3224 1924 3287 Substantia
1944 3224 2102 3301 (ait)a.1m.g

473 3323 565 3385 riaris
579 3324 669 3405 quasi
684 3343 749 3388 non
764 3326 944 3406 acceperisl
955 3324 1115 3388 Elucescit
1129 3344 1215 3406 ergo,
1272 3343 1344 3387 mea
1359 3332 1508 3405 tanquam
1524 3322 1661 3384 nihilum
1676 3330 1748 3385 ante
1764 3323 1854 3385 te.Et
1867 3322 1922 3385 lob
1934 3308 2023 3383 asse‘

472 3423 621 3505 quoniam
636 3442 711 3485 vere
725 3423 857 3485 humilis
876 3442 1003 3486 omnem
1019 3442 1148 3504 prorsus
1164 3424 1218 3486 bo·
1274 3424 1315 3484 rit
1346 3446 1352 3484 :
1384 3422 1457 3485 Scio
1486 3421 1570 3501 quod
1597 3440 1662 3483 non
1696 3420 1895 3502 justificetur
1923 3421 2083 3483 bonorare

472 3539 583 3584 norem
618 3530 650 3583 et
675 3522 810 3602 gloriam
838 3521 920 3585 fonti
948 3521 1126 3585 bonitatum
1154 3521 1218 3583 Deo
1274 3522 1469 3602 compositus
1483 3520 1557 3582 Deo.
1573 3518 1640 3591 Quo
1655 3536 1730 3600 ergo
1750 3518 1784 3581 in
1802 3518 1861 3582 Del
1882 3526 2001 3581 contem-

472 3628 581 3683 sancto
606 3620 758 3699 attribuit,
785 3639 884 3701 caque
908 3620 968 3683 sibi
996 3620 1136 3702 impendi
1166 3639 1218 3681 ve-
1274 3619 1413 3701 plutione
1428 3626 1495 3680 erat
1516 3616 1730 3679 sacratissima
1745 3617 1844 3699 Virgo
1866 3616 1952 3679 altior
1967 3624 2003 3677 at-

471 3719 637 3780 bementer
669 3718 855 3781 contemnit.
886 3718 1028 3799 Denique
1062 3718 1218 3799 quidquid
1274 3736 1335 3800 que
1350 3716 1506 3793 stabilior,
1523 3734 1561 3777 eo
1583 3722 1649 3777 erat
1663 3715 1828 3779 humilior.
1846 3714 1924 3777 Dixit
1928 3711 2003 3795 ,opi-

471 3815 540 3879 vitii
570 3817 709 3897 malique
737 3816 833 3877 babet
860 3816 1017 3879 habereve
1044 3816 1129 3879 valet
1157 3817 1217 3879 sibi
1274 3835 1343 3895 nor,
1374 3822 1427 3876 aut
1455 3813 1591 3876 ubertim
1621 3821 1675 3875 aut
1701 3832 1784 3895 pene
1813 3814 2002 3877 incessanter

472 3913 697 3991 adscribens,
689 3913 840 3993 injuriam
866 3913 974 3996 utique
999 3922 1030 3976 et
1055 3923 1219 3977 contume·
1275 3933 1347 3978 cum
1373 3912 1492 3975 sanctis
1520 3910 1671 3974 fratribus
1700 3912 1768 3974 suis
1795 3912 1901 3976 Eliseo
1927 3918 2067 3992 aquarias

472 4012 548 4074 lram
563 4031 675 4092 surque
690 4011 902 4092 abjectronem
924 4031 1125 4093 nequaquam
1145 4014 1220 4076 abo-
1274 4012 1367 4074 Elia:
1384 4010 1470 4073 Vivit
1493 4009 1681 4089 Dominus,
1674 4030 1707 4071 ιιι
1732 4010 1828 4092 cujus
1850 3979 2086 4092 conspectumuf‘l

472 4111 613 4173 minatur
641 4130 700 4171 nec
728 4110 806 4186 odit,
836 4110 891 4172 sed
920 4118 1072 4191 tanquam
1100 4111 1218 4191 justam
1274 4119 1322 4173 sto
1344 4108 1450 4171 hodie.
2100 4098 2101 4135 ¹

471 4228 599 4291 poenam
624 4207 896 4289 circumplectitur
919 4216 950 4271 et
972 4208 1089 4289 diligit.
1112 4209 1258 4291 ltaquell
1314 4208 1437 4285 Adbuc,
1454 4206 1550 4269 totius
1574 4206 1647 4269 vitae
1670 4206 1822 4269 Christi
1813 4227 1848 4269 ιιι
1873 4226 1960 4270 carue
1980 4212 2004 4265 et

472 4307 520 4369 sui
536 4305 774 4369 venerationem
786 4313 937 4387 tanquam
953 4306 1218 4369 nefandissimum
1274 4307 1351 4369 item
1379 4305 1412 4366 in
1441 4305 1560 4367 mundo
1588 4304 1742 4385 operatio,
1772 4314 1882 4369 nostra
1912 4304 2003 4385 utique

472 4403 592 4466 furtum
607 4404 702 4466 llater
720 4403 906 4485 justissima,
923 4423 1011 4466 sacra
1030 4405 1125 4467 Maria
1145 4424 1220 4467 con·
1274 4403 1411 4468 eruditio
1435 4411 1503 4479 est3
1530 4410 1562 4464 ct
1584 4403 1713 4464 demum
1742 4422 1806 4485 quo
1834 4404 1919 4466 illam
1946 4400 2004 4481 quis

472 4502 612 4583 tempsit,
633 4520 761 4565 omnem
787 4501 892 4564 sciens
916 4503 980 4564 lleo
1007 4504 1141 4584 gloriam
1165 4504 1219 4565 de
1274 4500 1473 4581 frequentius
1512 4499 1719 4581 sereniusque
1754 4501 1943 4583 speculatur,
1974 4514 2004 4559 eo

472 4601 540 4663 beri
565 4609 659 4681 atque
687 4600 852 4662 honorem.
878 4600 976 4663 Lucet
999 4620 1074 4681 ergo
1107 4601 1219 4681 quoni·
1274 4600 1361 4662 illius
1377 4596 1621 4661 imitatoreffici
1637 4598 1775 4679 amplius
1796 4600 1909 4681 satagit
1926 4608 2004 4677 atque

473 4719 524 4761 am
549 4719 587 4762 en
606 4700 665 4761 bac
687 4706 775 4780 parte
795 4698 889 4779 Virgo
911 4707 1020 4760 sancta
1039 4698 1220 4761 humillima
1274 4697 1406 4760 laborat.
1424 4694 1589 4776 Quumque
1615 4695 1697 4758 hanc
1721 4696 1828 4774 llario,
1845 4696 1956 4759 nedum
1978 4700 2006 4753 ut
2099 4700 2100 4705 ’

474 4798 545 4860 fuit.
1275 4795 1371 4858 ceteri
1393 4794 1459 4857 fide
1478 4794 1659 4875 montisque
1681 4785 1764 4874 visu,
1781 4796 1837 4857 sed
1862 4791 2006 4875 corporeis

513 4897 657 4976 lnsupcr,
676 4894 943 4975 quemadmodum
969 4893 1152 4957 ineffabiles
1173 4894 1220 4957 di·
1275 4911 1400 4975 quoque
1416 4892 1612 4955 felicissimis
1627 4892 1693 4954 suis
1708 4892 1822 4973 oculis,
1840 4900 1925 4955 taum
1942 4899 2007 4953 tem-

474 4994 556 5057 vinae
581 5001 702 5055 naturae
724 4990 932 5074 proprietatos
956 5010 994 5054 ac
1022 4993 1221 5073 superexcel-
1274 5010 1351 5074 pore
1376 4998 1408 5054 et
1425 5010 1444 5053 a
1463 4990 1638 5073 primordio
1662 5009 1763 5072 usque
1787 4992 1827 5054 ad
1852 4990 2006 5055 terminum

474 5112 542 5155 sam
566 5090 768 5153 altitudinem
792 5089 888 5151 llaria
912 5109 977 5171 prae
1001 5089 1125 5151 cunctis
1150 5100 1221 5170 post
1276 5089 1487 5170 conspexerit,
1503 5108 1574 5152 eam
1589 5096 1675 5152 certe
1696 5088 1960 5154 affectuosissima
1978 5104 2007 5147 ac

386 5221 460 5262 aaut,
474 5192 589 5254 llilium
615 5187 872 5270 splendidissime
895 5187 996 5266 novit,
1023 5187 1056 5248 in
1081 5188 1221 5251 secundo
1276 5188 1520 5271 praeminenter
1539 5195 1646 5251 secuta
1667 5196 1725 5250 cst.
1743 5187 1821 5267 Quo,
1839 5206 1957 5270 precor,
1972 5184 2009 5246 al·

364 5300 370 5312 ·
474 5287 625 5352 editionis
640 5285 732 5348 istius
747 5284 828 5348 libro
843 5304 900 5367 pro
911 5284 1031 5348 viribus
1043 5284 1217 5349 introduxi:
1277 5284 1591 5349 fectubumilitatem
1613 5286 1865 5368 amplectebatur
1885 5286 2008 5367 itemque
