4309 6259
521 665 667 817 DE
740 662 1351 818 PRAECONIO

490 1038 1111 1191 DIGNITATE
1199 1038 1602 1191 MARIAE

599 1408 853 1517 LIBER
915 1408 1275 1519 TERTIUS

926 2056 1143 2121 Araformatae
1163 2066 1238 2121 sunt
1255 2057 1455 2137 affectiones,
1471 2078 1563 2123 mens
1587 2078 1716 2143 quoque

966 2155 1067 2219 libera
1082 2163 1175 2238 atque
1189 2156 1355 2235 absoluta;
1372 2175 1442 2238 quae
1456 2156 1516 2221 sibi
1532 2178 1569 2221 ae
1584 2160 1715 2242 proprio

903 2300 910 2314 .
966 2253 1075 2316 animo
1089 2253 1256 2334 dominari,
1264 2262 1296 2317 et
1310 2271 1427 2337 sponso
1442 2254 1505 2337 ipsi
1520 2256 1612 2319 subdi
1628 2256 1716 2319 item·

966 2369 1028 2432 que
1042 2370 1155 2433 parere
1169 2351 1366 2430 didicerunt3
1379 2351 1574 2417 adulterinas
1589 2372 1715 2435 quoque

886 2468 898 2502 ἶ
967 2457 1195 2531 extraneasque
1229 2448 1362 2513 delicias
1396 2468 1460 2513 non
1491 2451 1713 2533 suscipientes,

967 2547 1075 2629 sponsi
1106 2547 1154 2610 sui
1184 2547 1361 2630 purissimis
1390 2550 1551 2611 dumtaxat
1583 2548 1716 2631 eupiunt

969 2645 1104 2707 recreari
1119 2645 1353 2709 dulcedinibus.
1371 2646 1423 2709 lla
1437 2654 1544 2709 autem
1562 2646 1716 2729 paucissi-

969 2762 1027 2804 mas
1040 2752 1126 2822 sunt,
1143 2751 1237 2826 atque
1253 2744 1370 2826 reginae
1384 2752 1555 2807 censentur
1571 2768 1578 2806 :
1596 2744 1715 2827 quippe

992 2861 1037 2904 rra
1062 2860 1195 2924 regnum
1221 2842 1432 2923 decoremque
1461 2842 1579 2921 saeculi,
1606 2842 1716 2923 sponsi

1032 2958 1139 3003 amore
1155 2947 1353 3022 spreverunt.
1370 2940 1451 3001 Sunt
1463 2938 1593 3022 insuper
1613 2941 1717 3022 perfe-

1055 3037 1230 3111 praesertim
1252 3036 1386 3100 aliarum
1411 3045 1568 3119 respectu.
1585 3037 1716 3101 Verum-

1097 3154 1154 3217 per
1177 3134 1396 3198 habitudinem
1416 3136 1456 3197 ad
1476 3134 1604 3197 unicam
1627 3135 1715 3199 illam

1066 3252 1226 3315 „remque
1248 3250 1410 3315 sponsam,
1428 3232 1583 3315 virginem
1598 3252 1635 3296 ac
1650 3253 1716 3295 ma-

969 3352 1060 3412 trem,
1077 3333 1154 3413 ipssa
1172 3350 1299 3412 quoque
1319 3330 1513 3413 imperfecte
1535 3331 1716 3413 reputandas

967 3439 1052 3493 sunt.
1078 3429 1198 3511 Nempe
1222 3429 1262 3491 de
1286 3448 1324 3493 ea
1351 3428 1470 3511 profari
1496 3448 1588 3492 orsus
1616 3428 1715 3491 Filius

625 3546 708 3589 ..urae
735 3526 915 3588 dilexerunt
968 3548 1104 3612 sponsus
1115 3552 1122 3589 :
1133 3527 1220 3589 Sicut
1235 3526 1336 3589 lilium
1353 3526 1482 3607 (inquit)
1498 3527 1581 3589 inter
1595 3527 1712 3609 spinae,
1730 3546 1852 3596 calena.

479 3668 498 3685 ..
524 3635 683 3688 intereas
707 3625 785 3688 ordo
810 3624 914 3688 consi·
967 3629 1013 3690 sic
1037 3626 1140 3688 amica
1164 3643 1234 3686 mea
1259 3624 1343 3687 inter
1366 3623 1462 3686 filias.
1488 3624 1537 3687 Uti
1567 3624 1714 3705 equidem

361 3726 448 3787 enim
474 3742 583 3786 earum
611 3723 726 3805 aliquas
757 3724 914 3804 incipien-
967 3725 1087 3808 optime
1120 3723 1159 3786 ab
1191 3722 1379 3803 Hieronymo
1412 3721 1533 3784 dietum
1568 3721 1712 3799 memini,

187 3862 226 3902 n,
239 3824 445 3903 nondumque
460 3822 653 3904 spirituales,
666 3822 769 3885 zelum
784 3821 913 3904 quidem
967 3822 1234 3905 quemadmodum
1260 3819 1495 3901 comparatione
1523 3820 1578 3883 Dei
1607 3820 1714 3882 nullus

168 3921 277 4003 sponsi
291 3921 455 3997 babentes,
471 3927 565 4000 atque
580 3919 609 3981 ei
624 3937 681 3999 per
695 3919 794 3982 fidem
810 3919 915 4002 bapti·
969 3922 1083 3999 bonus,
1100 3920 1145 3983 sic
1161 3918 1396 4001 comparatione
1410 3917 1511 3980 blariae
1524 3917 1613 3980 nulla
1626 3936 1715 4001 pror·

168 4019 292 4100 emique
315 4017 448 4099 gratiam
471 4015 579 4096 unitae,
600 4016 656 4079 sed
680 4016 914 4098 quodammodo
969 4038 1023 4081 sus
1051 4024 1152 4080 exstat
1175 4015 1328 4098 perfecta,
1354 4014 1499 4096 quamvis
1524 4014 1640 4079 eximia
1663 4035 1716 4080 ex-

168 4115 322 4179 animales
342 4115 445 4178 adbuc
464 4123 655 4191 censentur;
671 4123 703 4177 et
720 4115 832 4177 barum
856 4134 915 4177 nu·
969 4116 1069 4179 sistat.

167 4234 275 4279 merus
300 4213 459 4296 copiosior
476 4219 534 4275 est.
551 4212 694 4295 lienique
713 4222 825 4277 cetera
844 4233 914 4296 per·
1007 4214 1116 4296 lgitur,
1143 4211 1292 4295 quoniam
1319 4211 1352 4273 in
1376 4212 1541 4294 praesentis
1565 4210 1714 4275 editionis

168 4314 315 4377 fectiores
341 4310 608 4394 proficientesque
631 4310 831 4391 exsistentes,
846 4311 913 4394 jam
969 4313 1050 4376 libro
1064 4311 1179 4394 primo,
1196 4312 1235 4374 de
1256 4309 1409 4392 dignitate
1430 4317 1524 4390 atque
1546 4310 1714 4393 praeconiis

169 4430 321 4493 sponsum
341 4408 547 4491 spiritualiter
567 4408 684 4471 imitari
705 4417 799 4490 atque
817 4429 914 4492 appe
932 4410 1071 4474 Gllariae
1090 4409 1129 4471 ad
1149 4408 1248 4489 ipsius
1273 4408 1447 4488 virgineam
1471 4406 1714 4488 deificatamque

169 4518 235 4572 tere
262 4509 380 4571 edoetae
408 4515 492 4569 sunt.
523 4508 747 4569 Verumtamen
776 4509 912 4570 necdum
968 4528 1096 4573 carnem
1112 4507 1275 4589 potissime
1291 4506 1558 4587 spectantibus,in
1574 4507 1714 4569 seeundo

169 4607 304 4670 affectus
319 4624 426 4668 aarum
441 4622 528 4667 mere
550 4605 694 4667 sincerus
715 4614 747 4668 et
768 4605 849 4668 liber
869 4614 915 4668 at
968 4626 1094 4688 quoque
1122 4607 1161 4668 de
1191 4602 1431 4685 incomparabili
1460 4603 1530 4682 eJus
1558 4601 1715 4685 sapientia

169 4725 232 4787 que
246 4706 277 4767 in
292 4704 406 4767 dilecto
421 4702 580 4765 stabilitus
594 4711 652 4765 est.
667 4703 706 4765 Et
719 4704 768 4766 baa
786 4704 915 4785 paucio-
968 4724 1026 4788 pro
1041 4704 1163 4767 viribus
1178 4702 1325 4779 disserui,
1341 4702 1406 4783 jam
1422 4720 1508 4763 nunc
1530 4702 1569 4763 de
1590 4700 1715 4763 virtuti-

169 4824 221 4867 res
235 4802 363 4885 quidem
378 4808 472 4878 sunt3
488 4808 520 4863 et
540 4801 725 4864 concubinae
746 4801 914 4883 perbiben·
969 4804 1027 4866 bus
1042 4802 1113 4883 ejus
1127 4820 1217 4882 aequo
1231 4800 1341 4864 ordine
1356 4807 1489 4861 tractare
1503 4797 1671 4861 incumbit.

169 4910 221 4964 tur
239 4924 247 4963 ε
262 4900 412 4983 quoniam
431 4917 496 4962 non
517 4899 678 4979 continuo,
695 4901 750 4963 sed
772 4900 914 4963 vicissim
1009 4902 1081 4979 Sed,
1099 4900 1144 4963 uti
1160 4918 1243 4981 saepe
1257 4898 1334 4961 olim
1355 4897 1457 4961 fassus
1473 4916 1555 4975 sum,
1572 4896 1618 4958 sic
1634 4894 1715 4958 indi·
1741 4931 1761 4971 ρ.
1780 4916 1858 4969 saar.

170 5000 280 5081 sponsi
296 4998 445 5061 fruuntur
458 4996 575 5079 cupitis
589 4997 729 5078 itemque
744 4998 916 5060 mundissi-
969 5018 1062 5082 gnus,
1080 4999 1162 5061 beul
1181 4997 1319 5079 itemque
1340 4995 1520 5072 inidoneus,
1537 5002 1569 5057 et
1582 4996 1631 5074 (ut
1651 4994 1715 5056 for·
1729 4979 1800 5023 ⁵⁰⁴⁰·

168 5098 232 5160 mis
248 5094 462 5178 amplexibus3
478 5094 605 5157 demum
621 5114 679 5158 nee
695 5096 724 5158 ei
744 5097 915 5159 admodum
970 5098 1070 5175 mido)
1085 5096 1247 5177 improbus
1266 5112 1392 5175 quoque
1411 5102 1443 5156 et
1464 5094 1715 5157 contemnendus

170 5195 346 5259 familiares
360 5203 415 5257 aut
428 5194 605 5257 secretaria
626 5203 709 5256 sunt.
726 5194 826 5277 lgitur
845 5194 916 5257 alia
970 5195 1114 5257 laudator
1128 5194 1253 5256 exsisto.
1266 5191 1504 5255 Sanctissimsm
1519 5209 1657 5270 namque
1672 5197 1717 5251 at-

171 5294 323 5380 perfecta
336 5301 412 5357 sunt
424 5301 457 5357 et
469 5311 556 5357 mere
570 5292 768 5378 spirituales:
781 5313 916 5378 quarum
970 5312 1032 5375 que
1047 5292 1301 5370 mundissimam,
1309 5289 1529 5365 universarum
1543 5289 1639 5353 etiam
1654 5288 1718 5351 vir-
