4309 6259
461 485 521 552 m
792 505 833 551 os
852 506 942 553 roms
962 506 1098 553 scurrus
1119 504 1238 563 surcrr,
1260 504 1434 552 mauranus
1456 505 1499 551 ιιι.
1522 504 1645 551 -aar
1668 504 1685 549 n

315 692 448 751 ruma.
462 674 556 755 aiam,
581 675 635 757 qui
661 675 797 739 formam
821 676 904 739 servi
930 677 1099 759 dignanter
1122 695 1212 739 acce
1226 677 1252 738 Α
1267 694 1354 738 ιιιιιιο
1375 682 1509 757 quatuor
1526 674 1587 739 ista
1605 677 1689 738 dona
1710 674 1744 737 in
1768 673 1890 738 Christo
1908 672 2002 737 eonsi-

315 760 450 871 {fflm
463 772 530 856 pit3
547 783 578 837 et
593 782 665 856 post
679 792 780 855 pauca
792 797 799 835 :
813 774 915 857 Super
928 775 1066 857 lapidem
1082 775 1212 857 (inquit)
1267 783 1352 837 stunt
1364 776 1535 838 secundum
1547 775 1736 856 exigentiam
1748 780 1845 836 status
1857 773 1890 835 in
1902 772 1998 854 patria

316 881 450 934 frear-ae
465 892 567 935 unum
581 872 625 953 (id
640 880 689 935 est
702 872 873 952 Christum,
886 873 940 954 qui
957 881 1006 936 ast
1019 873 1101 955 lapis
1116 892 1213 954 angu-
1306 873 1477 952 Postremo,
1495 875 1533 937 de
1548 874 1634 937 dono
1655 872 1778 936 timoris
1793 872 1931 935 occurrit
1945 891 2000 935 am-

314 944 450 1058 2‘J'm
465 971 541 1033 laris
559 978 691 1053 utraque
711 970 834 1034 faciens
852 974 965 1052 unum)
983 971 1068 1035 oculi
1091 979 1211 1053 septem
1266 970 1403 1051 biguitas
1432 972 1591 1053 specialis.
1617 972 1719 1046 Quum
1742 969 1827 1033 enim
1853 971 1946 1032 timor
1967 970 1999 1031 sit

465 1078 550 1147 sunt,
567 1070 599 1131 id
614 1077 662 1131 est
676 1078 797 1150 septem
811 1070 895 1133 dona
910 1070 1046 1151 Spiritus
1061 1070 1179 1133 Sancti.
1266 1066 1342 1149 fuga
1363 1070 1438 1131 mali
1461 1069 1561 1132 futuri
1583 1068 1756 1151 possibilis,
1774 1068 1906 1130 minime
1926 1086 2000 1131 corn-

505 1167 566 1230 Sed
589 1167 676 1230 circa
699 1168 759 1231 hoc
784 1168 881 1231 dubia
903 1168 1003 1231 multa
1026 1176 1209 1232 occurrunt.
1267 1166 1345 1248 petit
1367 1166 1519 1231 Christo:
1541 1167 1735 1249 quippequi
1759 1167 1933 1229 secundum
1955 1185 2000 1228 na-

340 1290 405 1331 ama
433 1289 450 1341 ι,
463 1265 589 1328 Dictum
605 1273 653 1329 est
667 1266 765 1344 enim,
783 1268 868 1348 quod
888 1268 993 1329 omnis
1008 1268 1062 1348 qui
1077 1267 1211 1348 gratiam
1267 1273 1369 1327 turam
1391 1264 1563 1329 humanam
1586 1284 1650 1329 uon
1675 1265 1778 1328 solum
1801 1265 1939 1345 fruitive,
1954 1265 1998 1327 sed

337 1356 436 1396 ’Μ’
463 1372 588 1446 gratum
612 1364 781 1428 facientem
807 1365 946 1443 sortitur,
973 1372 1095 1446 septem
1119 1365 1211 1429 donis
1268 1362 1397 1444 insuper
1429 1364 1625 1446 hypostatice
1653 1364 1756 1427 Verbo
1791 1373 1858 1425 erat
1892 1362 1998 1425 unitus.

463 1462 599 1543 Spiritus
613 1463 719 1525 Sancti
733 1472 873 1526 ornatur.
890 1463 968 1538 Quid
983 1481 1059 1545 ergo
1072 1465 1113 1526 de
1127 1463 1213 1526 Chri·
1267 1460 1354 1524 Unde
1378 1480 1578 1543 nequaquam
1606 1462 1725 1525 malum
1752 1462 1853 1543 culpae
1877 1462 1907 1523 ei
1929 1461 2001 1524 acci-

464 1570 512 1624 sto
526 1560 738 1624 vaticinantur
751 1561 925 1643 Psophetae,
941 1562 1025 1644 quod
1041 1562 1073 1623 in
1088 1561 1212 1625 Christo
1266 1559 1341 1621 dere
1370 1560 1480 1623 valuit.
1510 1560 1612 1634 Quum
1642 1578 1717 1641 ergo
1745 1559 1799 1622 hic
1827 1559 1922 1622 timor
1945 1567 1999 1621 tam

462 1667 537 1721 sunt
560 1660 644 1723 dona
669 1659 806 1741 Spiritus
829 1659 948 1739 Sancti,
969 1660 1061 1741 quasi
1087 1660 1146 1723 hoc
1171 1660 1213 1721 sit
1267 1658 1431 1739 paululum
1453 1667 1613 1741 competat
1633 1658 1768 1737 Christe,
1791 1658 1887 1721 etiam
1908 1656 2001 1719 minus

462 1777 613 1839 magnum
633 1757 754 1838 aliquid
774 1777 811 1820 ac
836 1758 995 1839 singulare
1017 1767 1112 1840 atque
1134 1777 1211 1840 prae
1266 1775 1362 1837 quam
1377 1764 1482 1819 cetera
1502 1758 1595 1835 dona,
1613 1776 1671 1819 cur
1690 1758 1730 1819 de
1744 1758 1814 1837 ipso
1836 1755 2002 1838 specialiter

462 1855 721 1937 cipuuml—Et
742 1856 1011 1937 respondendum,
1028 1857 1113 1937 quod
1128 1857 1211 1919 dona
1228 1854 1251 1915 B
1266 1855 1310 1917 ait
1344 1855 1509 1937 Propheta,
1541 1856 1686 1937 lleplebit
1715 1875 1787 1918 eum
1817 1855 1944 1938 spiritus
1970 1856 2084 1917 ti-cca

462 1954 523 2015 ista
541 1954 574 2015 in
596 1954 719 2016 Christo
743 1962 894 2034 tanquam
915 1954 948 2015 in
972 1955 1088 2035 capite,
1109 1955 1211 2017 excel·
1266 1952 1364 2015 moris
1379 1953 1633 2015 Dominif-Et
1647 1953 2000 2035 respondendum,qu0d

462 2050 647 2128 lentissime,
655 2050 875 2113 indesinenter
888 2059 1012 2132 atquea
1028 2052 1131 2133 primo
1147 2071 1211 2115 suae
1265 2052 1384 2113 donum
1400 2051 1523 2113 timoris
1539 2051 1641 2113 solum
1656 2060 1723 2114 erat
1746 2052 1778 2112 in
1793 2050 1916 2115 Christo
1930 2050 2001 2113 sicut

462 2150 681 2230 conceptionis
697 2149 731 2210 in
746 2149 876 2230 Virgine
892 2159 1054 2213 momento
1069 2151 1208 2213 fuemnt.
1266 2156 1297 2210 et
1317 2168 1413 2225 nunc,
1430 2148 1697 2229 quemadmodum
1718 2150 1758 2211 de
1777 2149 1871 2212 donis
1891 2148 2001 2230 sapien-

341 2272 447 2323 rama.
462 2248 584 2311 Idcirco
608 2248 763 2328 Propheta
786 2248 969 2311 notabiliter
993 2249 1039 2311 ait
1063 2273 1071 2311 ι
1097 2248 1212 2330 Requi·
1267 2246 1426 2326 liceatque
1443 2246 1702 2328 intellectusjam
1719 2248 1830 2329 patuit.
1840 2248 1914 2310 Erat
1926 2266 2002 2309 nam-

462 2352 549 2408 escet
573 2363 669 2425 super
696 2364 770 2407 eum
798 2346 934 2427 Spiritus
962 2346 1100 2410 Domini.
1125 2347 1211 2410 Unde
1267 2363 1328 2426 que
1354 2344 1386 2405 in
1411 2364 1450 2407 eo
1478 2346 1597 2407 donum
1623 2345 1745 2408 timoris
1769 2363 1834 2408 non
1862 2353 2001 2427 quntum

313 2468 449 2519 amca.
464 2450 496 2505 et
517 2443 653 2505 loannes
672 2443 813 2524 Baptista
834 2453 1016 2508 contestans
1034 2469 1041 2507 ε
1059 2446 1131 2507 Vidi
1151 2446 1212 2524 (in-
1268 2444 1306 2505 ad
1336 2443 1411 2504 mali
1441 2443 1604 2526 possibilis
1632 2442 1751 2525 fugam,
1777 2445 1832 2507 sed
1861 2452 2002 2525 quantum

463 2541 707 2623 quit)Spiritum
722 2543 968 2605 descendentem
984 2552 1016 2605 et
1031 2552 1210 2606 manentem
1268 2542 1306 2603 ad
1330 2541 1629 2603 reverendissimam
1652 2530 1895 2622 subjectionem,
1916 2550 1944 2605 et
1964 2542 2004 2601 in-

339 2657 399 2701 raa.
416 2662 449 2702 rc.
464 2659 561 2721 super
573 2659 658 2702 eum.
674 2639 718 2702 lle
740 2640 833 2720 cujus
853 2640 1052 2721 plenitudine
1072 2659 1131 2704 nos
1146 2659 1213 2704 om·
1270 2639 1482 2720 superabilem
1501 2640 1533 2701 in
1549 2639 1747 2721 subjectione
1763 2639 2003 2703 stabilitioncm:

464 2757 522 2800 nes
544 2737 736 2818 accepimus.
1270 2737 1378 2817 sicque
1407 2736 1580 2818 perfectius
1610 2745 1678 2799 erat
1705 2746 1737 2801 et
1761 2744 1808 2800 est
1838 2738 1871 2799 in
1895 2737 2005 2800 Christo

330 2857 395 2898 aaa.
423 2854 450 2907 u.
505 2836 623 2898 Rursus
637 2834 791 2898 dubitatio
805 2835 915 2898 oritur.
927 2835 1052 2898 Dictum
1067 2844 1116 2899 est
1130 2837 1215 2918 equi·
1269 2853 1365 2915 quam
1391 2835 1422 2895 in
1447 2835 1553 2917 aliquo
1579 2854 1719 2916 unquam
1740 2835 1923 2899 electorum.
1945 2835 2004 2915 lpse

315 2921 451 3032 fflffnffi
465 2934 550 3009 dem,
571 2933 656 3013 quod
678 2933 843 3013 sapientia,
866 2932 1057 3011 intellectus,
1079 2934 1214 2996 scientia
1271 2932 1357 2994 enim
1373 2934 1552 3013 peremnia
1574 2933 1867 3015 incomparabiliter
1887 2941 1918 2997 et
1937 2932 2005 2995 emi-

316 3048 452 3096 mmm.
466 3040 561 3112 atque
584 3031 765 3112 consilium,
788 3031 888 3093 fidem
913 3030 1095 3113 perficiunt,
1119 3041 1150 3095 et
1174 3033 1250 3096 adC
1269 3030 1455 3093 nentissime
1484 3031 1629 3093 subditus
1654 3039 1721 3093 erat
1749 3031 1842 3111 Patri,
1870 3032 1951 3094 intus
1972 3049 2002 3091 ac

465 3128 537 3209 ejus
556 3128 778 3191 certitudinem
799 3128 1006 3205 ordinantur3
1023 3131 1119 3193 timor
1138 3150 1213 3193 vero
1270 3127 1359 3205 foris,
1383 3130 1649 3209 quemadmodum
1675 3130 1743 3212 ipse
1767 3139 1901 3193 testatur
1922 3130 2101 3210 :133ch

465 3246 556 3308 spem
581 3226 721 3307 respicit.
743 3226 884 3289 Christus
905 3236 1011 3290 autem
1034 3248 1094 3291 nec
1114 3228 1213 3291 fidem
1269 3226 1399 3307 (inquit)
1420 3227 1596 3291 honorifico
1617 3228 1738 3290 Patrem
1761 3247 1890 3305 meum3
1910 3238 1941 3291 et
1958 3224 2040 3289 del³¹

466 3343 607 3405 unquam
635 3323 755 3403 habuit,
786 3344 845 3387 nec
874 3343 974 3406 spem,
1005 3327 1060 3388 sed
1096 3327 1215 3407 plenis·
1269 3342 1333 3385 nuo
1365 3347 1372 3384 ε
1402 3323 1479 3397 Ouia
1506 3344 1576 3406 quae
1605 3324 1721 3407 placita
1754 3335 1828 3389 sunt
1861 3327 1901 3404 ei,
1930 3325 2081 3394 facianae

466 3422 580 3484 simam
604 3421 783 3484 Divinitatis
809 3422 1004 3485 fruitionem.
1031 3460 1072 3469 -
1100 3424 1138 3486 lit
1165 3444 1214 3487 re·
1270 3440 1405 3503 semper.
1433 3423 1574 3485 Christus
1602 3422 1688 3485 enim
1719 3424 1814 3486 etiam
1843 3433 1879 3487 ut
1907 3426 2002 3501 homo,

466 3519 697 3600 spondendum,
722 3520 807 3602 quod
836 3520 920 3582 dona
947 3521 1008 3583 ista
1035 3539 1099 3584 non
1124 3531 1213 3584 erant
1270 3540 1396 3602 semper
1411 3521 1479 3583 sine
1499 3522 1587 3584 omni
1607 3523 1837 3604 interruptione
1853 3524 2005 3587 actualiter

466 3618 598 3680 omnino
632 3618 664 3680 in
693 3617 816 3681 Christo
852 3618 935 3681 sicut
969 3618 1002 3679 in
1037 3620 1213 3682 viatoribus
1270 3619 1396 3696 meruit,
1414 3619 1612 3681 sanctissime
1632 3620 1868 3702 interiusvixit,
1886 3642 2004 3685 necun-

465 3716 591 3795 ceteris,
616 3735 676 3778 nec
704 3724 795 3778 erant
822 3715 855 3776 in
884 3734 923 3779 eo
945 3717 1108 3779 dumtaxat
1132 3718 1214 3780 sicut
1269 3734 1363 3796 quarn
1378 3716 1418 3777 ab
1433 3716 1549 3779 actuali
1572 3718 1750 3780 reverentia
1764 3718 1820 3781 Dei
1835 3720 2004 3782 Patrisces-

465 3814 499 3876 in
514 3814 834 3895 comprehensoribus
850 3822 943 3895 atque
957 3814 1072 3893 Beatis,
1086 3816 1140 3877 sed
1156 3815 1214 3877 mi·
1270 3813 1361 3875 savit.
1388 3813 1475 3876 Unde
1505 3824 1617 3877 natura
1645 3816 1716 3896 ejus
1745 3826 1907 3899 assumpta
1930 3837 2005 3881 com·
2109 3870 2110 3893 ,

465 3911 609 3975 rabiliter
631 3911 739 3989 nimis,
760 3920 792 3974 et
814 3911 904 3993 quasi
929 3912 1027 3976 mixto
1050 3932 1088 3975 ac
1109 3914 1214 3976 medio
1270 3919 1399 3992 paratur
1425 3913 1464 3974 ad
1490 3912 1628 3975 Verbum
1659 3912 1741 3976 sicut
1770 3915 2003 3979 instrumentum

466 4010 741 4090 modoSapientia
756 4029 870 4091 nempe
884 4018 917 4072 et
930 4010 1111 4073 intellectus
1126 4020 1215 4073 erant
1270 4010 1308 4073 ad
1332 4009 1502 4091 artificem,
1524 4020 1555 4073 et
1575 4030 1639 4075 non
1662 4020 1695 4073 ut
1716 4013 1945 4096 qualecumque
1964 4016 2005 4075 in-

467 4108 501 4170 in
523 4126 561 4170 eo
583 4107 666 4168 sicut
686 4115 718 4169 et
739 4108 832 4170 ruodo
855 4109 888 4169 in
908 4127 946 4171 eo
966 4117 1039 4170 sunt
1058 4117 1089 4171 et
1108 4109 1140 4171 in
1160 4130 1216 4171 an·
1271 4118 1493 4187 strumentum,
1516 4110 1571 4171 sad
1597 4116 1746 4190 tanquam
1772 4111 2005 4176 instrumentum

468 4205 549 4287 gelis
570 4205 755 4285 cunctisque
775 4205 888 4268 Reatis.
904 4206 1067 4270 Fortitudo
1088 4226 1164 4271 vero
1185 4211 1255 4272 etl)
1272 4206 1478 4287 conjunctum
1494 4215 1526 4269 et
1539 4207 1716 4289 proprium,
1734 4208 1766 4269 iu
1782 4210 1929 4274 omnibus
1943 4212 2007 4275 obe

470 4303 572 4383 pietas
586 4310 676 4364 erant
691 4302 724 4364 in
746 4321 784 4365 eo
805 4302 897 4365 aliter
911 4322 1006 4384 quam
1021 4324 1107 4368 nunc
1125 4329 1132 4367 z
1149 4314 1216 4367 erat
1270 4305 1433 4383 dientiale‚
1456 4324 1492 4367 ac
1517 4305 1692 4367 animatum
1715 4330 1721 4367 :
1744 4307 1826 4371 sicut
1848 4318 1880 4371 et
1904 4328 2006 4391 corpus
2108 4332 2109 4365 ι

470 4402 556 4464 enim
592 4401 624 4461 in
652 4419 691 4463 eo
718 4402 838 4463 donum
866 4400 1075 4481 fortitudinis,
1106 4423 1217 4485 aggre-
1271 4404 1385 4465 animae
1410 4404 1655 4465 instrumentum
1681 4413 1822 4483 vocatur,
1842 4408 2005 4487 prasertim

469 4500 586 4563 diendo
613 4500 838 4580 tolerandoque
866 4500 963 4562 ardua
990 4520 1027 4564 ac
1052 4501 1214 4582 perfecta,
1271 4501 1446 4563 secuudum
1476 4500 1668 4563 innocentiae
1698 4510 1826 4582 statum,
1853 4505 2005 4585 potissime

321 4599 570 4681 1⁶1„,20,pietas
589 4616 675 4675 vero,
691 4598 767 4679 quia
785 4597 990 4679 pertransivit
1010 4598 1215 4662 benefaciens
1270 4616 1346 4661 vero
1376 4599 1551 4661 secundum
1576 4606 1691 4661 statum
1718 4599 1871 4679 futurum,
1900 4603 1929 4663 in
1952 4620 2006 4683 quo

468 4715 505 4759 ac
525 4715 640 4758 sanans
653 4714 781 4758 omnem
797 4695 992 4777 languorem,
1013 4696 1131 4758 nedum
1147 4716 1215 4760 cor·
1269 4697 1302 4759 in
1326 4696 1474 4760 omuibus
1500 4696 1568 4759 sine
1592 4697 1679 4759 omni
1705 4698 1878 4763 rebellione
1900 4720 1934 4764 ac
1954 4699 2006 4763 dif-

468 4812 593 4876 pomm,
614 4793 669 4855 sed
690 4793 786 4854 etiam
807 4793 997 4855 animarum.
1013 4793 1065 4856 Sic
1087 4813 1214 4876 quoque
1269 4793 1410 4857 ficultate
1435 4794 1561 4857 obediet
1585 4794 1708 4857 animae.
1731 4796 1776 4858 Ad
1801 4797 1895 4877 cujus
1917 4806 2004 4860 status
2107 4846 2108 4871 ι

466 4892 635 4955 consilium
661 4898 693 4953 et
719 4890 854 4953 scientia
882 4890 915 4951 in
940 4909 979 4953 eo
1003 4889 1096 4954 aliter
1125 4902 1214 4954 erant
1268 4892 1408 4955 laetitiam
1430 4910 1488 4955 nos
1510 4892 1690 4974 unigenitus
1705 4893 1771 4971 Dei,
1788 4894 1938 4958 Dominus
1957 4914 2005 4959 no

464 5009 560 5071 quam
585 5007 681 5050 nunc.
703 4986 780 5050 Nam
805 4988 974 5050 consilium
993 4988 1213 5053 fortitudinem
1268 4998 1333 5053 ster
1351 4991 1440 5053 lesus
1462 4990 1604 5053 Christus
1626 4990 1787 5071 perducat,
1804 4993 1858 5073 qui
1880 5003 1926 5057 est
1940 5014 2002 5057 cum

463 5087 584 5169 dirigit,
596 5094 628 5147 et
641 5085 774 5148 scientia
788 5086 1077 5167 pietatemzsicque
1093 5096 1213 5151 utrum-
1267 5089 1355 5151 Patre
1383 5096 1501 5151 aterno
1530 5107 1567 5150 ac
1596 5088 1715 5170 Spiritu
1745 5090 1860 5154 Sancto
1888 5092 2004 5155 Creator

462 5204 525 5266 que
539 5192 607 5247 erat
625 5184 659 5245 in
678 5201 717 5246 eo
736 5203 793 5266 per
811 5184 1083 5265 comparationem
1100 5187 1140 5248 ad
1160 5207 1211 5249 ac·
1267 5186 1487 5248 universorum
1522 5186 1734 5267 omnipotens,
1772 5208 1870 5269 super
1908 5191 2002 5253 omnia

464 5293 514 5347 tus
528 5283 745 5365 praedictoset
759 5280 844 5344 circa
859 5282 987 5364 propria
1000 5283 1137 5364 objecta.
1149 5285 1209 5348 Sed
1266 5285 1348 5348 Deus
1363 5284 1506 5347 sublimis
1521 5292 1552 5347 et
1567 5283 1763 5349 benedictus.
1781 5288 1898 5365 Arnen.-
