4309 6259
496 522 536 569 us
558 522 656 570 sauna
677 524 875 573 cononicus
895 526 1150 581 raaouanrarsoa.
1173 546 1214 557 —
1234 528 1304 577 aar.
1329 529 1360 575 vr
1644 512 1704 575 tte

155 690 234 753 rexit
255 699 397 757 mortuus
419 691 489 755 iste.
506 693 589 757 Deus
609 702 715 757 autem
736 696 898 772 revelavit,
914 694 941 757 A
956 697 1115 761 celebrare
1131 700 1314 780 praesumit3
1332 698 1375 763 ita
1397 698 1572 762 mortaliter
1593 706 1704 781 peccat

154 788 238 868 quod
252 808 317 853 nou
332 798 462 871 propter
476 790 578 871 ipsius
591 792 828 869 abstinentiam,
845 793 900 855 sed
955 795 1010 875 qui
1039 796 1072 858 iu
1103 797 1196 877 culpa
1220 797 1374 859 exsistens
1400 798 1535 875 mortali,
1562 815 1704 860 commu-

154 893 283 967 propter
300 887 431 950 alterius
455 889 669 951 obedientiam
693 890 813 953 lactum
840 889 854 951 s
856 892 902 953 uit
955 892 1051 954 nicat.
1068 893 1234 974 Quumque
1248 895 1313 975 jam
1330 895 1451 958 dictum
1468 894 1519 973 sit,
1531 895 1615 975 quod
1632 894 1704 957 reli-

153 982 232 1045 illud
255 985 457 1047 miraculum.
479 986 531 1049 Sic
552 994 583 1049 et
604 987 635 1049 S.
652 988 776 1050 llaums
797 989 900 1051 adbuc
954 989 1043 1069 giosa
1056 1008 1193 1072 persona
1208 992 1267 1054 sub
1282 992 1423 1073 periculo
1442 992 1565 1073 peccati
1589 999 1702 1054 morta-

152 1080 420 1163 adolesceutulus,
440 1083 618 1147 obediendo
641 1085 825 1149 beatissimo
847 1087 901 1149 ab·
955 1086 995 1150 lis
1016 1096 1049 1150 et
1071 1090 1132 1151 sub
1155 1089 1310 1152 demerito
1337 1097 1462 1152 aeternae
1489 1089 1703 1153 damnationis

152 1178 216 1239 bati
231 1179 559 1259 suoBenedicto,sine
574 1183 792 1245 submersione
806 1202 902 1263 super
954 1185 1113 1266 obligetur
1141 1204 1198 1249 suo
1226 1186 1356 1250 obedire
1380 1186 1548 1268 superiori,
1579 1195 1703 1250 constat

151 1295 250 1357 aquas
275 1278 426 1341 cucurrit.
452 1279 635 1362 Discipulos
663 1300 791 1362 quoque
812 1280 898 1344 Pauli
954 1281 1038 1359 quod
1060 1300 1099 1345 eo
1119 1282 1188 1362 ipso
1209 1300 1272 1363 quo
1298 1290 1407 1346 contra
1430 1263 1700 1363 inlormat'ionem,

151 1376 275 1438 abbatis
301 1396 452 1459 magnum
481 1378 592 1460 ligavit
616 1387 647 1441 et
674 1379 806 1442 adduxit
829 1380 899 1443 dra-
954 1378 1112 1441 mammen
1128 1388 1160 1443 et
1174 1380 1371 1443 voluntatem
1394 1381 1443 1443 sui
1466 1380 1640 1463 superioris
1662 1381 1701 1443 ad

152 1493 277 1553 conam,
294 1476 471 1540 obediendo
491 1496 548 1541 suo
563 1477 681 1540 abbati.
697 1478 736 1539 llt
756 1478 836 1541 alter
850 1479 900 1542 vir
954 1493 1077 1537 sacram
1093 1477 1352 1541 communionem
1368 1477 1543 1555 accederet,
1566 1485 1620 1539 aut
1635 1497 1702 1541 cer-

150 1573 253 1635 bonus
268 1574 447 1638 obediendo
470 1576 589 1655 abbati,
606 1576 772 1657 proprium
794 1574 898 1639 lilium
954 1580 984 1635 te
1003 1574 1155 1637 accedere
1178 1594 1215 1637 en
1235 1575 1464 1639 deliberatione
1484 1583 1516 1637 et
1540 1576 1702 1657 proposito

151 1670 290 1752 projecit
306 1672 339 1733 iu
359 1673 522 1736 ardentem
542 1672 719 1754 fornacem,
741 1693 800 1737 nec
820 1694 900 1756 puer
953 1672 1049 1752 pleno
1069 1682 1272 1756 proponeret,
1289 1683 1436 1755 peccaret
1457 1675 1654 1751 mortaliter;
1671 1684 1703 1739 et

150 1768 203 1831 ille
218 1768 392 1833 ludebatur
406 1770 439 1833 in
454 1771 538 1853 igne.
555 1771 628 1847 Quas
647 1772 755 1836 omnia
774 1781 807 1835 et
825 1792 900 1837 con·
955 1769 997 1831 ita
1025 1789 1154 1851 prorsus
1183 1781 1266 1835 esset
1293 1772 1426 1853 indigna
1459 1772 1702 1854 participatione

151 1866 270 1930 similia
285 1869 386 1931 multa
400 1868 477 1931 lecit
491 1869 573 1932 Deus
588 1870 744 1950 gloriosus
762 1878 794 1933 et
808 1871 899 1933 bene-
917 1862 940 1925 B
953 1867 1130 1947 dignissimi
1145 1888 1182 1931 ac
1197 1868 1396 1933 saluberrimi
1412 1870 1607 1933 Sacramenti
1619 1894 1626 1931 ε
1637 1872 1702 1935 imo

150 1966 254 2029 dictus
268 1968 310 2029 ad
328 1968 575 2031 edificationem
594 1976 627 2031 et
649 1969 898 2034 consolationem
953 1973 986 2027 et
1009 1965 1088 2028 illud
1117 1968 1320 2049 suscipiendo
1349 1968 1507 2031 incideret
1534 1977 1700 2051 peccatum

151 2062 290 2127 fideliter
313 2066 543 2145 omdientium,
559 2076 591 2129 et
614 2067 653 2130 ad
676 2067 898 2131 confusionem
953 2064 1085 2126 mortale
1113 2084 1151 2127 ac
1179 2064 1271 2127 valde
1296 2066 1441 2147 mortale,
1466 2067 1505 2129 de
1529 2085 1592 2147 quo
1620 2066 1701 2128 dixit

150 2162 393 2244 gravioremque
421 2164 657 2229 damnationem
690 2165 900 2229 inobedienti·
954 2160 1123 2243 Apostolus
1140 2187 1146 2223 :
1164 2162 1361 2244 Quicumque
1385 2164 1625 2229 manducaverit
1646 2184 1847 2247 ρει-ωηατ.

151 2279 212 2338 um,
221 2260 434 2343 pertinacium
445 2270 540 2343 atque
551 2262 715 2327 rebellium
726 2264 898 2327 bominum.
954 2278 1028 2321 uem
1043 2260 1130 2323 hunc
1149 2260 1200 2323 vel
1220 2260 1338 2323 biberit
1357 2262 1491 2325 calicem
1511 2263 1636 2326 Domini
1652 2264 1700 2325 in-

188 2358 345 2440 Denique,
352 2360 392 2422 ad
408 2368 549 2423 sanctam
564 2362 779 2425 obedientiam
798 2362 899 2425 sancti
953 2356 1061 2438 digne,
1078 2377 1151 2421 reus
1165 2357 1226 2420 erit
1240 2359 1382 2442 corporis
1404 2367 1435 2421 et
1456 2360 1620 2441 sanguinis
1642 2362 1701 2425 Do-

150 2464 181 2518 et
195 2456 382 2520 electissimi
397 2466 502 2540 patres
516 2458 736 2541 Hieronymus,
752 2460 897 2538 Basilius,
954 2456 1055 2535 mini;
1082 2464 1114 2519 et
1137 2457 1244 2520 denuo
1265 2480 1271 2519 :
1292 2456 1350 2531 oui
1375 2458 1545 2521 manducat
1567 2467 1599 2521 et
1621 2459 1702 2521 bibit
1714 2477 1772 2521 rua.
1785 2480 1820 2521 aa.

150 2555 357 2637 Augustinus,
383 2564 415 2617 et
439 2556 507 2637 alii,
533 2575 685 2638 personas
709 2558 899 2638 religionum
954 2555 1096 2635 indigne,
1112 2554 1270 2635 judicium
1286 2555 1346 2618 sibi
1368 2556 1538 2619 manducat
1556 2563 1588 2619 et
1606 2556 1698 2634 bibit,

152 2673 280 2717 suarum
305 2653 542 2717 ferventissime
560 2675 598 2718 ac
618 2656 827 2719 seriosissime
846 2657 900 2719 ad·
954 2672 1019 2716 uon
1050 2653 1232 2734 dijudicans
1261 2672 1376 2735 corpus
1404 2653 1540 2717 Domini.
1571 2654 1701 2718 Conlor-

151 2762 368 2817 monuerunt:
385 2772 520 2834 quorum
539 2754 637 2817 verba
656 2754 689 2815 in
709 2754 781 2817 aliis
806 2773 901 2835 opus-
953 2750 1048 2813 miter
1068 2758 1234 2832 peccatum
1255 2749 1333 2814 illud
1353 2767 1416 2832 qno
1436 2761 1626 2834 proponeret
1650 2772 1701 2816 ac·

152 2850 230 2913 culis
259 2858 294 2913 et
322 2852 522 2915 sermonibus
556 2851 717 2915 multoties
750 2853 897 2933 allegavi.
954 2848 1067 2911 cedere
1088 2855 1144 2911 aut
1162 2850 1327 2911 accederet
1352 2857 1461 2912 contra
1486 2850 1699 2913 obedientiam

151 2948 289 3023 Quorum
314 2950 459 3013 omnium
483 2951 685 3030 documenta,
700 2951 899 3014 hortamenta
954 2946 1094 3010 debitam
1129 2946 1322 3029 praesidenti,
1353 2966 1419 3011 non
1451 2955 1536 3011 esset
1567 2947 1700 3011 mortale

151 3054 181 3108 et
194 3048 357 3129 jussiones
372 3047 546 3111 fundantur
567 3049 601 3110 in
622 3048 683 3112 hoc
705 3049 790 3130 quod
812 3049 935 3112 chri-c
954 3044 1099 3128 simplex,
1117 3046 1172 3109 sed
1187 3046 1280 3108 valde
1299 3064 1439 3124 enorme,
1456 3046 1606 3109 videlicet
1627 3065 1701 3110 con-

43 3162 137 3209 aus.
152 3153 216 3207 stus
241 3146 275 3209 iu
301 3146 473 3227 Evangelio
496 3146 573 3209 dixit
590 3171 597 3207 :
613 3146 672 3221 Qui
697 3146 766 3209 vult
789 3148 898 3210 venire
953 3144 1086 3205 trarium
1112 3152 1186 3207 voto
1205 3143 1396 3208 obedientias
1414 3152 1446 3206 et
1465 3142 1596 3207 violatio
1621 3145 1701 3207 tanti

150 3252 220 3325 post
247 3262 313 3325 me,
340 3244 476 3326 abneget
504 3245 723 3328 semetipsum,
749 3254 781 3308 et
808 3245 899 3309 tollat
952 3242 1030 3304 voti.

151 3360 277 3405 crucem
293 3361 384 3405 suam
399 3342 553 3424 quotidie,
570 3350 602 3405 et
616 3351 767 3425 sequatur
781 3363 843 3406 me.
860 3343 899 3407 Et
992 3339 1137 3421 Insuper,
1173 3356 1309 3421 persona
1342 3340 1415 3401 talis
1450 3339 1599 3420 religiosa
1636 3356 1700 3403 nou

152 3441 183 3501 in
201 3441 262 3514 boc
282 3458 410 3523 quoque
434 3440 563 3504 vicariis
583 3442 650 3504 suis
673 3449 721 3503 est
745 3442 894 3506 loeutus:
953 3437 1057 3499 solum
1080 3436 1230 3499 adstricta
1250 3446 1298 3499 est
1316 3436 1446 3500 obedire
1466 3456 1524 3501 suo
1543 3436 1700 3519 superiori

42 3548 137 3601 tanta.
150 3540 205 3614 Qui
220 3560 279 3604 vos
294 3541 394 3621 audit,
411 3559 462 3603 me
477 3540 585 3619 audil;
601 3550 633 3603 et
653 3541 708 3622 qui
731 3560 789 3605 vos
809 3562 897 3625 sper·
952 3542 987 3597 ul
1000 3534 1130 3615 praelalo
1144 3542 1176 3597 et
1188 3534 1270 3615 patri
1284 3533 1453 3615 spirituali,
1461 3534 1515 3597 sed
1528 3535 1624 3597 etiam
1636 3543 1702 3597 tan·

150 3638 268 3716 nit,me
285 3638 418 3721 spernit.
431 3638 477 3702 Ob
491 3639 552 3701 hoc
566 3639 694 3721 scripsit
708 3640 893 3721 Apostolus:
952 3650 1048 3713 quam
1067 3631 1168 3712 judici
1190 3651 1227 3693 ac
1252 3631 1375 3694 medico
1397 3631 1554 3714 spirituali
1576 3632 1609 3694 in
1630 3630 1700 3695 foro

42 3741 83 3788 a..
101 3759 137 3797 aa
150 3734 258 3802 omnis
282 3736 391 3798 suiuus
419 3736 628 3818 potestatibus
656 3736 896 3801 sublimioribus
952 3728 1186 3793 conscientioso
1205 3736 1237 3791 et
1255 3747 1350 3791 causa
1369 3748 1405 3792 ac
1429 3748 1502 3791 esca
1521 3748 1700 3793 sacramen-

42 3809 73 3856 ’ἰ
151 3834 274 3899 subdita
295 3832 346 3896 sit.
363 3832 432 3897 Non
453 3842 502 3897 est
521 3834 608 3897 enim
632 3843 772 3917 potestas
796 3836 896 3898 nisis
951 3828 1156 3908 tali.ldcirco,
1164 3827 1190 3889 si
1206 3836 1316 3891 contra
1330 3826 1416 3889 illius
1428 3827 1696 3907 informationem,

150 3930 229 4011 Deo,
258 3951 332 4013 quae
358 3940 465 3993 autem
492 3951 512 3994 a
546 3932 609 3996 Deo
637 3940 722 4013 sunt,
752 3934 896 3997 ordinata
950 3927 1108 4009 judicium
1122 3934 1155 3989 et
1169 3926 1364 3989 voluntatem
1378 3926 1417 3988 ad
1440 3926 1697 3990 communionem

152 4030 360 4111 sunttitaque
373 4030 428 4111 qui
444 4029 563 4092 resistit
576 4032 735 4112 potestati,
746 4032 801 4093 Dei
815 4032 897 4094 ordi·
951 4026 1102 4089 accedere
1121 4024 1309 4106 simpliciter
1332 4024 1509 4088 decreverit
1531 4032 1586 4087 aut
1608 4044 1698 4089 acce-

151 4128 267 4191 uationi
286 4127 427 4207 resistit3
443 4127 499 4209 qui
514 4137 620 4190 autem
636 4129 799 4208 resistunt,
812 4130 897 4193 dam·
950 4123 1014 4201 dat,
1031 4123 1126 4185 etiam
1142 4141 1181 4185 ex
1193 4122 1253 4185 bac
1268 4129 1357 4203 parte
1372 4120 1546 4185 mortaliter
1565 4138 1697 4203 peccare

42 4231 88 4277 ae.
100 4247 139 4288 1¹11.
152 4225 312 4289 nationem
331 4224 391 4287 sibi
407 4224 587 4307 acquirunt.
603 4226 642 4287 Et
662 4226 777 4289 iterum
794 4250 802 4289 ε
818 4227 935 4291 Oba-D
951 4228 1145 4285 monstretur
1175 4244 1182 4281 :
1212 4218 1301 4283 velut
1325 4220 1352 4281 si
1382 4219 1588 4301 corporaliter
1614 4236 1698 4301 eger

42 4296 56 4338 ''
152 4324 214 4387 dita
225 4322 357 4406 (inquit)
368 4324 546 4407 praepositis
561 4324 675 4387 vestris
689 4332 721 4387 et
736 4324 896 4407 subjacete
952 4329 1062 4385 contra
1075 4318 1192 4381 medici
1208 4318 1257 4380 sui
1273 4319 1450 4381 doctrinam
1472 4327 1575 4381 sumat
1590 4318 1697 4381 cibum

152 4421 224 4502 illis,
241 4422 304 4505 ipsi
324 4423 412 4487 enim
426 4423 619 4505 pervigilant
637 4433 786 4506 unquam
803 4424 897 4489 ratio-
951 4428 1006 4485 aut
1018 4427 1141 4501 potum,
1157 4436 1195 4480 ex
1211 4416 1303 4498 eujus
1325 4417 1506 4499 sumptione
1528 4436 1613 4481 mors
1636 4416 1698 4480 sibi

151 4539 222 4585 uem
251 4540 312 4604 pro
339 4522 507 4584 animabus
530 4522 643 4584 vestris
668 4523 836 4601 reddituri,
861 4532 898 4586 ut
951 4517 1107 4583 veraciter
1130 4516 1321 4593 immineret,
1338 4514 1410 4577 talis
1430 4534 1464 4577 se
1483 4514 1589 4597 ipsum
1613 4514 1699 4578 occi-

152 4638 222 4682 cum
237 4619 354 4701 gaudio
372 4620 433 4683 hoc
452 4618 571 4683 faciant
586 4628 616 4682 et
636 4639 699 4684 uon
718 4628 894 4703 gementes.
950 4618 1050 4696 deret,
1065 4622 1101 4677 ut
1122 4622 1250 4677 sanctus
1270 4612 1411 4694 loquitur
1431 4613 1638 4694 Augustinus.

991 4713 1075 4777 Talis
1095 4731 1170 4795 ergo
1189 4730 1324 4795 persona
1343 4710 1437 4775 debet
1458 4729 1516 4774 suo
1540 4708 1696 4793 superiori

359 4820 604 4887 ARTIGULUS
624 4822 681 4886 Vl.
951 4832 987 4876 ac
1018 4810 1193 4877 confessori
1222 4810 1387 4873 humiliter
1409 4810 1640 4891 obtemperare,
1665 4817 1697 4873 et

950 4912 1051 4993 ipsius
1066 4909 1251 4973 discretioni
1267 4929 1301 4972 se
1314 4908 1446 4972 omniuo
1468 4907 1501 4970 in
1522 4907 1581 4970 hac
1601 4926 1696 4971 causa

951 5010 1160 5089 committere,
1176 5017 1270 5090 atque
1285 5028 1318 5070 se
1332 5014 1429 5071 totam
1444 5007 1483 5070 ad
1502 5005 1697 5070 emendatio-

950 5128 1024 5172 nem
1049 5126 1218 5191 exponere,
1246 5107 1486 5188 suspeusionem
1509 5122 1636 5187 quoquc
1664 5112 1697 5167 et

219 5207 482 5273 damnabunt
505 5216 617 5292 peccat
640 5209 816 5273 mortaliter
839 5210 895 5291 qui
950 5207 1135 5270 dilationem
1155 5224 1251 5269 sacra
1275 5202 1510 5268 communionis
1535 5203 1696 5284 suscipere

234 5307 268 5370 in
283 5316 414 5390 peccato
428 5308 554 5373 mortali
568 5308 723 5372 exsistens
745 5308 893 5389 scienter,
951 5306 1119 5389 patienter,
1140 5313 1171 5368 et
1193 5306 1233 5369 de
1257 5304 1323 5367 suis
1347 5302 1486 5386 peccatis
1512 5302 1697 5384 compungi,

273 5441 306 5495 T.
322 5444 362 5495 35.
1542 5436 1574 5489 29

179 4953 272 5021 Quod
295 4970 336 5012 eu
356 4952 432 5029 jam
455 4954 554 5012 ds'ctis
574 4962 665 5030 patet
685 4964 866 5030 properie

323 5044 487 5119 responsio
507 5044 551 5103 ad
572 5044 719 5121 quaesita.
