4309 6259
461 467 522 533 ott
727 492 767 541 oa
787 492 944 541 rnncaum
963 493 1001 539 rr
1021 492 1185 541 orourrxra
1204 494 1321 553 annin,
1343 494 1431 542 ιιιιιι
1452 496 1472 543 ι.
1495 514 1536 526 -
1555 495 1626 543 ιιι.
1648 496 1743 543 xxxvi

464 664 571 728 clesia
592 682 729 747 sponsus
750 664 957 748 constringitt
979 664 1003 727 0
1021 663 1210 728 deliciarum
1224 664 1250 727 A
1266 685 1352 745 vum,
1369 674 1523 747 quantum
1544 668 1584 730 de
1605 686 1639 731 se
1660 676 1718 749 est,
1735 668 1927 751 applicatum
1946 666 1993 729 sibi

463 764 597 843 deliciae,
627 764 703 825 dum
738 763 909 826 tenerrima
943 763 1212 846 devotissimeque
1264 764 1428 843 assimilet,
1449 773 1481 827 et
1506 766 1539 827 in
1564 766 1681 847 ipsum,
1702 766 1729 828 si
1750 786 1849 849 capax
1868 766 1918 845 sit,
1937 785 1995 848 pro

463 862 572 925 Puella
601 861 874 925 condormicntam
908 862 969 925 sibl
1002 861 1142 925 vicissim
1177 872 1212 925 ut
1265 863 1367 945 priam
1389 864 1539 926 virtutem
1559 863 1781 943 transfundat;
1800 884 1840 927 ex
1861 864 1919 927 boc
1938 883 1995 947 per

464 961 564 1024 ὓιιιιιι
589 961 708 1041 ιιιοιιι,
734 969 765 1023 et
791 959 867 1024 itam
891 969 926 1023 ιιι
946 960 1076 1023 unicum
1102 969 1212 1024 natum
1265 961 1403 1042 pendere
1431 969 1526 1043 atqua
1554 962 1658 1025 metiri
1689 982 1746 1044 par
1773 971 1832 1041 est,
1859 970 1993 1043 quantun

464 1059 600 1123 ubertim
614 1059 788 1123 osculando
810 1059 1006 1122 circumdati
1023 1060 1062 1122 Et
1083 1058 1210 1141 quidem
1265 1080 1303 1125 ex
1319 1059 1480 1125 uberrimo
1494 1060 1826 1143 affectuosissimoque
1841 1061 1896 1124 Dei
1910 1062 1994 1123 incar-

464 1158 532 1222 hac
547 1157 624 1221 unio
642 1176 705 1239 quo
724 1158 879 1236 intimior,
894 1176 933 1221 eo
952 1157 1083 1239 purior3
1100 1166 1131 1221 ιι
1149 1176 1211 1239 quo
1265 1160 1331 1222 nati
1351 1167 1509 1239 contactu,
1526 1159 1701 1241 purissima
1720 1160 1763 1222 sit
1781 1160 1928 1224 deificata
1941 1160 1995 1221 Vir-

464 1274 592 1339 quoque
612 1256 821 1338 frequentior,
837 1275 875 1320 eo
897 1256 1064 1321 salubrior.
1265 1257 1351 1340 ginis
1365 1276 1449 1321 caro.
1462 1257 1643 1335 Enimvero,
1661 1257 1733 1339 quis
1748 1258 1911 1321 deiformis
1924 1257 1993 1319 illius

1266 1356 1407 1440 corporis
1431 1356 1514 1439 quod
1538 1357 1733 1439 superbeatae
1755 1357 1868 1420 animae
1889 1357 1994 1439 ipsique

1265 1454 1425 1518 divinitati
1451 1455 1660 1536 conjunctum
1685 1454 1814 1535 exstitit,
1841 1462 1930 1537 queat
1954 1474 1994 1517 ex·

626 1529 870 1594 ARTIGULUS
892 1528 1050 1592 XXXVI·
1266 1554 1386 1637 plicare
1414 1553 1587 1616 virtutemf
1611 1553 1695 1633 Erat,
1727 1554 1754 1615 si
1783 1554 1844 1616 rite
1871 1553 1995 1617 conside·

466 1680 559 1747 Quod
589 1698 631 1738 ec
663 1678 916 1737 contrectatione
948 1676 1072 1735 dioime
1099 1676 1213 1737 Prelio
1267 1671 1312 1729 ΓΟ,
1336 1651 1423 1715 ⁰¹¹¹¹¹i
1444 1651 1538 1714 nimis
1559 1652 1713 1715 vallatum
1737 1652 1855 1715 virtum
1872 1675 1878 1713 ²
1894 1652 1993 1733 quippe

505 1768 658 1844 deificata
686 1775 764 1826 sunt
792 1766 936 1825 membra
963 1773 1079 1824 cuncta
1112 1783 1213 1824 sccroe
1267 1750 1351 1832 quod
1365 1749 1481 1813 divina
1499 1750 1694 1831 operationis
1713 1751 1878 1832 proprium
1896 1750 1994 1831 dignis

509 1857 666 1933 Virqinis.
1230 1842 1446 1930 Bsimumque
1470 1848 1589 1911 exstitit
1612 1867 1778 1931 organum.
1801 1849 1905 1911 Virtus
1923 1847 1994 1929 equi-

1267 1949 1339 2011 dem
1368 1947 1483 2010 animae
1511 1947 1666 2009 redundat
1694 1946 1728 2009 in
1757 1965 1894 2028 corpns3
1918 1954 1946 2008 et
1968 1946 1993 2005 in

314 2052 449 2105 Cant-nat·
541 2048 613 2109 UIS
633 2045 719 2105 mibi
737 2047 791 2104 det
814 2051 844 2102 te
862 2045 1006 2120 fratrem
1027 2062 1146 2113 meula,
1162 2063 1213 2103 ιιι·
1267 2045 1391 2109 Christo
1406 2045 1516 2126 utique
1536 2044 1713 2108 divinitatis
1728 2045 1830 2107 virtus
1849 2046 1881 2107 in
1895 2052 1994 2107 utrum·

468 2042 676 2245 Opentem
700 2142 801 2202 ubera
824 2141 943 2200 matris
963 2160 1049 2209 mccc,
1069 2149 1107 2201 ut
1127 2141 1214 2200 inee-
1268 2162 1330 2226 quc
1359 2144 1556 2207 redundavit.
1581 2142 1764 2207 Tenerrima
1789 2143 1895 2224 itaqua
1918 2151 1994 2223 atqua

465 2246 556 2306 niam
581 2252 611 2302 te
632 2242 717 2318 soris
741 2249 771 2299 et
785 2242 963 2308 deosculer,
982 2247 1012 2298 et
1026 2240 1101 2315 jam
1123 2258 1214 2299 nemo
1268 2242 1464 2321 dulcissima,
1472 2241 1682 2304 mundissima
1695 2249 1789 2323 atque
1802 2240 1993 2315 sanctissima,

465 2362 516 2402 me
542 2340 726 2416 despiciat?
753 2336 823 2400 Non
851 2343 901 2399 est
926 2338 976 2415 (ut
1005 2335 1131 2418 opinor)
1159 2336 1213 2417 qui
1268 2340 1484 2404 causalissima
1499 2360 1535 2403 ac
1551 2339 1781 2403 virtuosissima
1794 2348 1940 2403 eratcaro
1953 2338 1996 2400 illa

466 2440 601 2523 ignoret,
624 2435 756 2499 rationis
784 2454 842 2497 cns
870 2452 1013 2515 compos,
1037 2453 1075 2496 ex
1103 2442 1213 2497 mutuo
1269 2439 1388 2518 electa3
1414 2447 1445 2501 et
1467 2458 1525 2520 per
1548 2458 1618 2501 eam
1643 2456 1679 2501 ao
1705 2439 1737 2500 in
1762 2457 1801 2501 ea
1826 2438 1908 2521 quod
1927 2437 1996 2499 intus

464 2536 689 2619 frequentique
710 2552 878 2616 corporum
900 2540 1059 2611 contactu,
1083 2532 1213 2595 alterius
1268 2535 1386 2598 latebat
1408 2534 1615 2616 resplenduit,
1641 2544 1673 2597 et
1700 2541 1735 2596 ut
1760 2534 1807 2597 sic
1832 2534 1937 2612 fatear,
1959 2552 1996 2594 re

464 2636 649 2718 qualitatem
676 2634 710 2695 in
739 2632 822 2695 aliud
856 2632 1004 2712 migrare,
1034 2648 1213 2712 novamque
1268 2633 1395 2696 dolebat
1422 2633 1674 2714 operabaturque
1699 2632 1763 2695 illis
1787 2632 1864 2695 solis
1887 2632 1996 2694 auribus

464 2732 704 2816 dispositionem
724 2748 822 2793 unum
847 2727 887 2790 ab
912 2727 975 2791 alio
994 2726 1100 2791 sortiri
1120 2736 1213 2810 atquo
1268 2733 1307 2795 de
1331 2731 1446 2813 quibus
1468 2731 1586 2793 dicitur
1611 2754 1618 2792 ε
1644 2730 1703 2806 Qui
1726 2730 1824 2793 habet
1847 2749 1934 2793 aures
1953 2748 1996 2791 an
2005 2751 2085 2795 mat.

465 2832 661 2896 contrahere.
685 2828 815 2912 Nempe,
838 2828 893 2909 qui
918 2826 1074 2909 pollutum
1100 2827 1210 2907 tangit,
1268 2830 1386 2909 diendi‚
1412 2828 1528 2907 audiat,
1555 2836 1615 2891 etc.
1642 2828 1731 2891 Illius
1755 2829 1853 2910 igitur
1880 2828 1996 2911 pudicis

466 2930 639 3016 polluitur3
665 2936 697 2991 et
720 2928 774 3010 qni
799 2933 944 2988 sanctum
969 2925 1118 3007 tetigerit,
1144 2926 1213 3007 ipsc
1268 2929 1356 2991 simae
1371 2927 1510 3010 Virginis
1524 2947 1561 2990 ac
1575 2927 1807 2991 honestissime
1821 2928 1996 3007 hiatusque

467 3048 594 3112 quoque
620 3025 883 3090 sanctificabitur.
907 3024 1014 3104 Porro,
1040 3025 1072 3085 in
1103 3043 1214 3106 corpo
1232 3025 1253 3088 G
1269 3026 1329 3110 ipsi
1345 3034 1522 3089 maternum
1538 3043 1632 3088 omne
1647 3025 1860 3089 ministerium
1875 3024 1997 3089 exhibuit

465 3129 553 3192 ribus
579 3126 696 3208 quibus
720 3124 867 3205 presidet
890 3122 1029 3203 itemque
1055 3122 1214 3185 inexsistit
1267 3134 1299 3188 ιι
1313 3127 1353 3188 ad
1368 3125 1564 3188 incrementa
1582 3142 1683 3205 usque
1702 3124 1843 3203 deduxit,
1859 3143 1926 3205 qua
1941 3122 1997 3184 dul·

464 3224 656 3289 dominatrix
671 3223 761 3300 ratio,
779 3221 863 3283 istud
879 3230 954 3283 tnnc
968 3221 1141 3303 prasertim
1162 3239 1214 3282 ve
1268 3225 1431 3287 cissimum
1446 3222 1599 3285 infantem
1615 3222 1943 3304 speciosissimumque
1955 3240 1998 3303 pu-

466 3324 590 3386 ritatem
613 3321 720 3399 habct,
746 3321 822 3383 dnm
848 3339 886 3382 ex
910 3338 1068 3382 consensu
1093 3318 1214 3401 appeti·
1268 3322 1391 3385 arulum
1407 3320 1499 3384 toties
1515 3320 1548 3382 in
1570 3320 1653 3382 ulnis
1672 3320 1824 3402 suscepit,
1842 3320 1875 3382 in
1894 3318 1997 3401 gremio

467 3432 566 3503 tuque
594 3419 737 3501 spiritus,
763 3437 932 3500 corporum
956 3418 1113 3499 contingit
1140 3436 1215 3480 con·
1269 3420 1359 3497 fovit,
1368 3420 1407 3481 ad
1422 3419 1520 3481 ubera
1535 3418 1647 3496 tenuit,
1658 3418 1784 3499 sibique
1798 3418 1997 3481 blandientem

466 3528 581 3582 tactus.
599 3516 745 3581 Vicissim
760 3534 887 3598 quoque
905 3535 944 3579 ex
958 3515 1068 3577 mundi
1084 3522 1213 3595 attactu,
1269 3537 1306 3581 ac
1331 3518 1523 3581 arridentem
1551 3516 1758 3597 infantulum,
1784 3525 1849 3579 tam
1879 3515 2000 3579 suaviter

468 3616 669 3679 immundum
689 3614 910 3677 vehementius
930 3612 1125 3694 inquinatur,
1138 3613 1214 3675 dum
1269 3617 1480 3692 osculabatur,
1503 3623 1568 3677 tam
1591 3614 1716 3697 placide
1737 3614 1927 3694 intuebatur,
1948 3622 2000 3675 tam

465 3714 616 3778 videlicet
636 3722 684 3777 est
704 3721 759 3776 aut
779 3712 913 3776 intentio
935 3731 1041 3794 prava,
1058 3720 1113 3775 aut
1134 3711 1215 3774 lidos
1270 3734 1414 3779 amorosa
1441 3713 1671 3795 alloquebatur,
1697 3732 1770 3776 cum
1795 3730 1859 3794 qua
1881 3722 1913 3776 ιι
1934 3713 2002 3773 inter

466 3813 600 3896 profana
624 3836 630 3874 :
654 3812 923 3893 quemadmodum
946 3811 998 3872 his
1022 3810 1075 3892 qui
1101 3809 1215 3873 Christi
1270 3814 1363 3895 cnjus
1392 3813 1521 3877 brachia
1548 3812 1643 3874 toties
1678 3812 1785 3874 suavis
1818 3812 2001 3890 coelestisqua

467 3912 710 3974 mundissimam
729 3929 858 3973 carnem
884 3909 1112 3973 crucifixerunt
1133 3908 1216 3970 acci·
1270 3932 1405 3995 sponsus
1420 3910 1579 3990 dormivit,
1587 3918 1619 3973 et
1634 3910 1716 3992 apud
1732 3909 1826 3991 cujus
1841 3918 2000 3973 maternum

467 4011 553 4073 disse
578 4011 682 4091 palam
711 4019 769 4073 est.
795 4009 834 4071 Et
861 4009 966 4072 denuo
990 4007 1150 4070 interdum
1179 4026 1217 4069 ex
1269 4019 1381 4094 pectus
1396 4009 1604 4092 virgineaque
1619 4009 1717 4071 ubera
1733 4017 1796 4071 tam
1817 4007 1950 4071 ubertim
1965 4025 2002 4067 re

468 4108 625 4171 immundi
642 4116 801 4185 contactu,
818 4107 902 4189 quod
924 4126 1039 4189 purum
1062 4114 1120 4184 est,
1138 4105 1216 4170 emi·
1270 4110 1393 4191 quievit
1416 4132 1423 4169 :
1444 4108 1553 4189 hujus,
1580 4106 1722 4188 inquam,
1749 4106 2002 4189 quemadmodum

468 4207 597 4270 nentius
615 4215 791 4291 purgatur:
809 4206 855 4267 uti
875 4206 1073 4287 leprosorum
1094 4206 1214 4286 oscula,
1229 4209 1254 4271 l)
1270 4207 1376 4271 nobile
1392 4226 1507 4289 corpus
1522 4225 1560 4268 ex
1574 4205 1630 4268 tali
1645 4214 1796 4286 tantaque
1815 4205 1931 4268 divina
1948 4222 2003 4265 car-

468 4308 655 4369 Sanctorum
683 4305 875 4386 quandoque
904 4323 1032 4367 carnem
1062 4313 1216 4367 mentem·
1271 4306 1321 4369 nis
1336 4305 1582 4369 contrectatione
1597 4303 1782 4367 deificatum
1795 4303 2004 4384 ccnseriopor·

468 4423 530 4486 quc
546 4402 1085 4483 sanctificaverunt.Verumtamen,
1101 4403 1215 4467 horum
1270 4407 1336 4467 teti
1356 4404 1509 4478 Quantam
1532 4402 1734 4465 dulcedinem
1758 4410 1853 4484 atque
1879 4402 2004 4482 fragran-

467 4502 592 4565 nnllum
613 4522 651 4565 ex
672 4501 789 4565 virtute
810 4502 952 4583 corporis
975 4500 1076 4579 effici,
1093 4509 1214 4564 certum
1270 4503 1358 4581 tiam,
1375 4508 1526 4583 quantam
1545 4499 1734 4563 munditiam
1753 4508 1849 4582 atquc
1869 4500 2002 4563 virtutem

466 4609 526 4664 est.
542 4600 650 4681 Neque
664 4600 749 4663 enim
765 4602 932 4678 mundum,
949 4618 1035 4663 exse
1056 4600 1216 4663 maculare
1269 4601 1383 4664 exinde
1405 4600 1552 4663 sortitum
1573 4602 1642 4662 esti

468 4699 558 4763 novit
586 4699 787 4762 immundum
817 4722 825 4761 ε
856 4699 912 4761 sed
947 4700 1214 4779 quemadmodum
1309 4699 1482 4761 Osnmma
1509 4697 1614 4775 llaria,
1642 4697 1734 4779 cujus
1759 4696 1892 4759 inferior
1915 4691 2003 4777 portio

468 4797 579 4859 mnndi
602 4805 777 4875 contactus,
795 4796 940 4878 perfidia
961 4804 993 4859 ιι
1014 4796 1090 4860 ἰιιιιι
1112 4797 1216 4859 inten-
1269 4801 1411 4878 (carnem
1432 4796 1557 4876 loquor)
1580 4803 1645 4857 tam
1669 4794 1825 4873 amabilis,
1851 4804 1914 4855 tam
1938 4808 2003 4873 pura

468 4894 550 4957 tioni
577 4892 715 4975 obliqua
747 4894 932 4975 permixtus,
962 4901 1145 4975 tangentem
1175 4893 1216 4957 ob
1269 4904 1398 4976 tamque
1422 4893 1529 4957 suavis
1554 4900 1647 4976 atqua
1673 4894 1788 4957 decora
1811 4892 1927 4956 effecta
1944 4892 2002 4951 est!

468 5010 533 5054 sua
561 4991 677 5054 mentis
704 4991 783 5053 vitia
808 4990 928 5069 ludat,
957 4992 1004 5054 sic
1032 4991 1080 5070 (ni
1109 4991 1215 5071 fallor)
1269 4992 1400 5074 Nempe,
1417 4992 1443 5054 si
1458 4991 1559 5055 virtus
1581 4991 1687 5054 exibat
1707 4992 1747 5054 de
1763 4990 1819 5054 illo
1840 4997 1873 5052 et
1887 4986 2089 5051 sanabatoent

467 5089 625 5153 immundi
650 5090 837 5168 attrectatio,
864 5090 906 5152 ob
932 5091 1091 5172 tangentis
1117 5090 1215 5153 fidem
1269 5090 1473 5172 omnes,quid
1489 5089 1644 5173 ntiquein
1659 5087 2003 5169 macmavirgineaquc

469 5196 502 5252 et
523 5187 599 5252 item
622 5188 795 5266 caritatem,
812 5189 960 5251 eumdem
982 5189 1144 5251 emundat.
1270 5209 1376 5267 carne,
1393 5188 1510 5252 divina
1523 5187 1702 5250 influentia
1717 5185 1935 5268 capacissima,
1951 5182 2005 5242 vir

509 5288 610 5364 Quum
625 5286 721 5371 igitur
739 5288 987 5370 unumquodque
1006 5306 1122 5372 corpus
1141 5287 1217 5352 acti-
1270 5296 1322 5352 tus
1340 5287 1396 5351 illa
1415 5286 1529 5351 Christi
1550 5286 1694 5370 paregitl
1708 5284 1856 5368 Legimus
1876 5280 2005 5347 vicissim
