4309 6259
509 502 547 551 on
569 502 658 551 nonis
680 502 814 551 srmrros
836 502 954 566 sancrr,
977 478 1151 553 macrinus
1172 506 1194 552 r.
1215 524 1257 535 -
1276 505 1348 552 aar.
1370 505 1401 549 vr
1672 488 1731 553 {63

177 670 282 749 ciunt,
312 689 377 735 non
405 671 587 735 immediate
615 692 718 755 neque
745 673 863 737 directe
892 674 930 737 ad
946 675 971 737 Α
988 674 1038 739 tia
1059 694 1156 758 egens
1180 676 1233 755 sit,
1254 695 1311 757 per
1333 694 1428 758 quam
1449 675 1489 737 de
1510 673 1589 756 ipsis
1611 672 1731 739 divinis

177 770 416 849 exsequendam
445 771 660 853 operationem
687 771 847 853 potentian,
874 772 928 833 sed
987 782 1108 837 rectum
1123 792 1371 857 saporosumque
1393 773 1542 836 sortiatur
1560 771 1731 852 judicium,

178 866 221 927 ad
238 875 383 949 prompte
394 870 626 949 exsequendam
641 868 856 953 operationem
869 870 931 931 vir·
985 880 1079 954 atque
1094 891 1151 955 per
1160 871 1221 935 boc
1236 871 1356 935 alienas
1367 870 1499 933 delicias
1513 870 1659 932 vitandas
1669 869 1734 931 dis·

178 972 296 1027 tutum.
313 964 598 1047 contemplandum
613 975 661 1029 est
680 986 827 1049 namque,
845 967 928 1049 quod
986 976 1105 1030 cernat.
1126 968 1178 1030 Sic
1198 986 1325 1050 quoque
1346 967 1379 1028 in
1401 965 1537 1048 singulis
1556 966 1648 1029 donis
1667 966 1735 1048 ple·

179 1062 264 1125 sient
278 1063 379 1143 gratia
393 1071 517 1145 gratum
532 1063 653 1127 faciens
666 1064 847 1127 immediate
859 1084 929 1147 pcr-
986 1067 1058 1129 nius
1082 1066 1265 1144 innotescit,
1287 1066 1313 1129 si
1339 1065 1475 1148 Spiritus
1498 1065 1651 1145 veritatis,
1676 1065 1731 1147 qui

178 1158 254 1223 ficit
281 1160 382 1242 ipsam
410 1162 582 1225 essentiam
608 1162 831 1225 intellectualis
856 1163 929 1225 sub·
986 1182 1079 1226 verus
1094 1172 1142 1227 est
1156 1164 1250 1243 Deus,
1266 1163 1431 1227 infuderit.

178 1257 316 1337 stantia,
347 1276 469 1341 ponens
500 1278 570 1323 eam
605 1260 639 1322 in
673 1278 742 1323 esse
771 1260 928 1343 spirituali

175 1365 273 1439 atque
295 1356 415 1436 divino,
437 1358 634 1441 reddensque
659 1378 728 1421 eam
752 1366 873 1439 gratam
897 1368 930 1422 et

175 1454 327 1537 placitam
349 1454 424 1535 Deo,
447 1456 543 1518 etiam
565 1465 637 1518 ante
659 1474 787 1519 omnem
808 1464 926 1535 actum,
1192 1436 1438 1501 ARTICULUS
1461 1436 1519 1499 VI·

174 1559 212 1660 uf
247 1550 279 1613 in
311 1552 422 1663 puefis,
446 1551 630 1663 baptizatis}
661 1554 793 1663 Vlftuoes
821 1562 927 1663 {ntem
984 1587 1076 1654 Quod
1091 1586 1180 1645 inter
1194 1587 1334 1645 virtutes
1349 1586 1541 1662 theozoqicas
1555 1593 1732 1664 atquemo-

174 1648 297 1713 dlfflssle
312 1650 484 1732 pefflssfflfll
506 1660 662 1734 Ρθῖθῃῑῑ1ιὸ
676 1652 821 1732 elUSdssm
836 1652 928 1713 ¹¹¹⁸*ss
1023 1678 1111 1734 rales
1129 1683 1160 1735 et
1183 1676 1431 1744 intellectuales,
1452 1676 1539 1734 donc
1562 1676 1598 1735 in
1621 1677 1733 1753 digni-

175 1747 322 1811 lectualis
342 1750 537 1829 Slleillsstlae‚
558 1758 594 1812 ul
613 1749 696 1813 fides
716 1749 924 1827 inlellsssslllm,
1028 1772 1095 1823 tate
1108 1764 1213 1823 medio
1228 1765 1320 1822 modo
1333 1782 1366 1821 se
1379 1763 1525 1823 habeam,

174 1848 292 1910 caritas
317 1847 524 1930 voluntatem,
547 1848 756 1931 temperantia
778 1848 969 1930 concupi-B

174 1945 321 2009 scibilem
339 1970 346 2009 :
369 1947 415 2009 sic
434 1948 519 2011 dona
540 1947 686 2030 quamvis
708 1947 928 2028 subjectentur
1045 1948 1146 2011 ORRO
1160 1946 1313 2009 virtutum
1328 1947 1399 2010 alio
1413 1947 1599 2029 theologica
1614 1968 1670 2011 scu
1684 1948 1732 2011 di·

173 2043 210 2105 in
227 2043 348 2107 viribus
363 2044 396 2107 in
410 2044 528 2127 quibus
543 2045 761 2127 subiectantnr
782 2046 925 2124 virtuteS,
1058 2047 1142 2109 vinea
1156 2065 1192 2108 ac
1208 2046 1465 2128 supernaturales
1478 2046 1644 2124 dicuntur3
1660 2046 1731 2110 aliae

173 2160 243 2206 non
267 2152 371 2207 tamen
396 2144 516 2207 directe
540 2154 736 2208 concernunt
757 2145 925 2226 potentias,
982 2156 1088 2210 autem
1111 2146 1259 2223 morales,
1279 2164 1349 2227 qua
1370 2145 1457 2207 circa
1477 2146 1641 2228 passiones
1662 2165 1732 2209 ver-

173 2260 237 2303 nec
263 2241 444 2305 immediate
470 2242 642 2324 perficiunt
672 2262 736 2323 eas,
761 2244 815 2305 sed
845 2244 927 2306 ordi-
983 2254 1094 2309 santur
1108 2264 1224 2326 easque
1239 2244 1448 2321 modificant3
1465 2244 1534 2307 alia
1548 2263 1625 2308 vero
1639 2244 1732 2307 intel-

173 2347 294 2401 nantur
316 2338 435 2402 directe
460 2340 499 2401 ad
524 2340 734 2421 perficiendas
758 2340 928 2423 expedien-
982 2344 1192 2421 lectuales,ut
1206 2342 1610 2425 prudentia,ars.Virtutes
1625 2342 1731 2424 itaque

173 2439 297 2518 dasque
312 2438 396 2519 ipsas
412 2438 555 2501 virtutes.
569 2439 646 2522 lpsae
660 2439 779 2521 quippe
794 2440 926 2501 virtutes
982 2440 1169 2522 theologica
1183 2459 1247 2503 uon
1261 2441 1327 2521 jam
1349 2441 1511 2502 dumtaxat
1525 2441 1640 2503 ceteris
1654 2459 1732 2503 cun-

172 2536 232 2599 tali
268 2534 426 2616 adjutorio
461 2537 616 2600 donorum
654 2536 790 2619 Spiritus
819 2537 925 2599 Sancti
982 2538 1041 2601 ctis
1057 2538 1242 2617 virtutibus,
1258 2538 1314 2600 sed
1336 2538 1473 2601 etdonis
1495 2539 1730 2621 prestantiores

172 2643 252 2696 sunt
275 2634 463 2715 indigentes,
486 2643 642 2717 quatenus
666 2636 734 2697 sine
759 2635 846 2698 omni
871 2634 927 2699 ob-
982 2637 1129 2719 putandae
1150 2645 1237 2714 sunt,
1253 2636 1403 2717 quoniam
1419 2636 1518 2698 Deum
1540 2655 1597 2719 pro
1619 2637 1731 2699 imme-

172 2732 299 2795 staculo
329 2732 481 2795 facillime
514 2734 687 2815 pmcedant
715 2734 748 2795 in
777 2742 883 2797 actum
917 2756 923 2794 :
981 2735 1067 2799 diato
1095 2755 1132 2797 ac
1165 2733 1295 2817 proprio
1322 2734 1440 2796 babent
1473 2734 1611 2816 objecto.
1641 2734 1730 2798 Fidei

172 2831 294 2914 primo,
318 2840 448 2913 propter
471 2832 748 2913 imperfectionem
772 2831 925 2893 virtutum
982 2833 1068 2894 enim
1097 2832 1261 2913 objectum
1290 2840 1338 2893 est
1370 2831 1488 2893 veritas
1517 2832 1631 2913 prima,
1662 2832 1730 2914 spei

174 2931 210 2992 in
227 2930 318 2993 nobis
335 2953 344 3007 3
371 2930 521 3009 secundo,
545 2939 674 3012 propter
701 2930 927 3012 impedimenta
982 2949 1057 2994 vero
1072 2930 1234 2994 beatitudo
1248 2938 1377 3008 aterna,
1394 2930 1534 2992 caritatis
1555 2938 1661 2993 autem
1676 2930 1733 2994 bo-

172 3028 331 3090 virtutum
354 3028 512 3107 tollenda3
528 3029 633 3110 tertio,
650 3028 831 3112 specialiter
855 3048 927 3111 pre
944 3025 965 3087 G
982 3026 1064 3088 nitas
1089 3026 1261 3089 increata:
1285 3033 1317 3089 ct
1340 3026 1412 3088 ideo
1434 3026 1502 3089 istae
1526 3027 1660 3089 virtutes
1684 3027 1732 3090 di-

172 3134 250 3207 pter
263 3124 492 3207 perfectionem
507 3126 657 3189 virtutum
678 3128 926 3209 theologicarum
982 3132 1099 3187 cuntur
1112 3124 1238 3187 divinae.
1256 3124 1416 3187 Vocantur
1430 3124 1562 3207 insuper
1580 3144 1732 3207 superna-

171 3224 355 3305 augendam
388 3223 420 3285 in
457 3224 561 3303 nobis,
592 3225 675 3288 sicut
704 3225 835 3307 patebit.
868 3226 927 3288 Un-
983 3223 1272 3304 turales,quoniam
1287 3224 1326 3286 ad
1341 3224 1614 3305 supernaturalem
1629 3223 1730 3287 linem

170 3322 227 3402 de,
250 3322 424 3384 seeundum
446 3321 621 3403 Aibertum,
640 3323 773 3385 virtutes
794 3323 924 3404 directe,
981 3322 1035 3404 qui
1060 3330 1110 3385 est
1131 3323 1214 3387 visio
1233 3323 1287 3386 Dei
1315 3322 1475 3386 benedicti
1499 3342 1557 3405 per
1575 3324 1729 3405 speciem,

171 3420 279 3502 primo
308 3428 340 3483 et
369 3419 549 3482 immediate
575 3420 746 3503 perficiunt
770 3421 925 3503 potentias
981 3422 1131 3485 ordinant
1144 3421 1320 3499 homiuem,
1336 3429 1368 3483 et
1389 3440 1447 3504 per
1466 3421 1659 3484 creationem
1680 3441 1731 3484 su-

170 3516 314 3594 animae3
342 3516 425 3579 dona
450 3533 525 3579 vero
552 3516 687 3579 mediate
717 3523 749 3579 et
772 3517 926 3579 secunda·
981 3518 1227 3602 pernaturaliter
1248 3518 1472 3597 intunduntur,
1498 3537 1558 3581 nec
1578 3519 1731 3581 naturaii-

170 3614 222 3678 rio
240 3638 248 3675 ε
264 3632 337 3677 nam
358 3614 540 3677 immediate
561 3613 736 3696 perficiunt
757 3614 842 3697 ipsas
863 3615 926 3678 vir-
981 3616 1040 3679 bus
1052 3616 1175 3679 viribus
1189 3623 1323 3697 possunt
1336 3615 1469 3698 acquiri.

171 3721 270 3777 tutes,
1021 3714 1161 3797 Denique
1176 3714 1309 3776 virtutes
1327 3714 1463 3777 morales
1478 3733 1515 3777 ac
1530 3714 1730 3776 intellectua-

215 3812 297 3875 Huic
321 3820 427 3875 autem
452 3809 651 3895 responsioni
680 3820 834 3876 consonat
858 3832 926 3876 ver·
982 3814 1027 3875 ies
1042 3820 1137 3895 prout
1157 3812 1197 3873 de
1211 3812 1258 3874 eis
1273 3811 1447 3893 loquuntur
1460 3812 1654 3894 philosophi,
1663 3829 1728 3875 non

171 3911 253 3974 bum
267 3910 422 3993 Gregorii,
438 3911 493 3992 qui
509 3912 553 3973 ait
573 3911 658 3991 qnod
677 3911 762 3975 dona
776 3918 927 3992 praestan·
980 3911 1130 3974 ordinant
1154 3928 1258 3991 neque
1283 3909 1458 3992 perficiunt
1482 3909 1645 3973 bominem
1665 3909 1729 3972 nisi

171 4018 228 4073 tur
243 4010 480 4090 inadjutorium
493 4008 814 4083 virtutum.Quamvis
826 4010 924 4089 enim,
988 4010 1027 4071 ad
1048 4008 1278 4072 beatitudinem
1302 4008 1501 4086 naturalem;
1522 4008 1578 4071 sed
1597 4008 1729 4071 caritate

171 4108 266 4173 verbi
289 4108 400 4191 gratia,
427 4107 636 4172 mansuetudo
659 4108 778 4171 directe
802 4116 926 4171 contra·
981 4107 1131 4188 adjuncta
1159 4115 1191 4169 et
1220 4106 1296 4183 tide,
1328 4106 1397 4169 sine
1425 4106 1542 4188 quibus
1570 4125 1629 4169 nec
1654 4124 1730 4171 vere

172 4206 277 4270 rietur
304 4206 358 4268 ira
385 4224 518 4287 eamque
547 4204 690 4287 repellat,
720 4223 784 4269 non
819 4214 924 4269 tamen
941 4203 965 4266 D
981 4226 1039 4269 nec
1056 4206 1183 4289 proprie
1198 4204 1352 4288 appellari
1368 4213 1501 4287 possunt
1513 4206 1729 4285 virtutes,dis-

172 4304 385 4368 mansuetudo
409 4311 540 4367 eatenus
564 4302 655 4368 tortis
676 4312 723 4367 est
744 4304 821 4385 quin
841 4306 925 4369 dono
981 4313 1105 4388 penum
1131 4325 1169 4368 ac
1194 4305 1343 4369 ordinant
1366 4304 1531 4367 hominem
1555 4305 1594 4367 ad
1619 4324 1730 4387 super-

172 4404 317 4467 scientiat
333 4402 484 4483 indigeat,
500 4422 557 4485 per
577 4421 672 4485 quam
695 4402 790 4467 homo
809 4421 926 4485 cogno-
981 4403 1158 4466 naturalem
1183 4401 1371 4466 felicitatem
1395 4420 1451 4463 seu
1472 4401 1596 4480 linem3
1618 4403 1674 4465 sed
1695 4403 1728 4465 in

173 4502 238 4565 scit
252 4520 346 4583 quam
369 4500 584 4564 irrationabile
606 4509 707 4564 exstat
722 4500 835 4565 vitium
858 4502 923 4581 irae,
980 4511 1135 4583 quantum
1169 4509 1244 4564 sunt
1272 4500 1405 4561 virtutes
1429 4498 1555 4579 inlusae,
1581 4518 1647 4563 non
1677 4520 1730 4563 ac·

172 4619 246 4682 quae
266 4599 348 4661 nibil
368 4598 454 4661 aliud
479 4606 526 4661 est
550 4618 679 4683 prorsus
699 4600 762 4663 nisi
780 4602 923 4683 quaedam
980 4600 1116 4682 quisita,
1139 4598 1313 4682 perfectius
1334 4597 1456 4660 iaciunt
1477 4597 1551 4661 boc.

171 4696 302 4761 insania
318 4720 325 4759 :
342 4697 381 4759 ad
397 4698 490 4778 eujus
511 4698 743 4778 mitigationem
759 4699 839 4763 ratio
854 4707 925 4781 eget
1020 4699 1075 4761 His
1090 4708 1194 4762 autem
1207 4698 1377 4761 virtutibus
1388 4696 1534 4777 digniora
1545 4704 1619 4758 sunt
1632 4694 1727 4761 dona.

170 4798 260 4861 douo
281 4796 432 4876 scientiae,
456 4796 569 4859 vitium
594 4798 656 4859 tale
680 4799 865 4861 detestantis
887 4818 924 4861 ae
978 4798 1097 4875 Primo,
1122 4796 1274 4879 quoniam
1304 4796 1373 4857 sine
1401 4794 1502 4875 gratia
1529 4802 1653 4875 gratum
1683 4795 1730 4857 la-

171 4894 386 4978 repmbantis.
399 4894 621 4975 Goniormiter,
633 4896 779 4978 quamvis
795 4898 922 4977 caritas,
981 4896 1084 4959 ciente
1107 4893 1217 4957 baberi
1241 4912 1307 4957 non
1326 4892 1443 4970 valent,
1459 4893 1727 4973 quemadmodum

169 5014 244 5077 quae
258 5002 307 5057 est
321 4992 499 5074 theologica
520 4994 621 5057 virtus
642 4996 838 5059 voluntatem
854 5015 924 5079 per·
980 4998 1110 5059 demum
1124 4994 1268 5076 liquebit.
1286 4994 1442 5071 Secundo,
1458 4991 1534 5073 quia
1552 4992 1672 5055 directe
1687 4992 1726 5054 ad

169 5092 290 5158 ficiens
305 5092 437 5170 directe,
453 5091 492 5154 ad
507 5092 561 5155 Dei
577 5093 729 5157 unionem
744 5114 781 5157 ac
795 5103 923 5175 gustum
979 5093 1158 5157 ornandum
1173 5091 1304 5156 virtutes
1320 5092 1514 5171 theologicas
1528 5090 1725 5153 ordinantur.

169 5193 344 5270 conducat,
361 5208 426 5256 non
447 5198 553 5254 tamen
575 5191 609 5255 in
630 5194 723 5258 nobis
745 5194 778 5257 in
801 5202 923 5257 tantum
980 5192 1097 5270 Tertio,
1113 5190 1188 5272 quia
1202 5189 1351 5253 efficiunt
1372 5188 1534 5251 bominem
1556 5187 1727 5269 promptis·

166 5290 316 5379 perlecta
331 5289 479 5354 consistit
492 5290 569 5373 quin
584 5292 680 5357 bomo
699 5294 785 5359 dono
800 5293 925 5376 sapien·
981 5292 1060 5355 sime
1076 5288 1228 5353 mobilem
1241 5308 1262 5350 a
1275 5288 1394 5370 Spiritu
1410 5288 1535 5365 Sancto,
1552 5285 1645 5369 cujus
1660 5304 1727 5351 mo-
