4309 6259
471 516 510 562 b!
530 514 620 563 nortis
640 514 776 563 srtttrws
794 512 913 574 SANll'll‚
935 512 1111 561 TRACTATUS
1133 514 1173 562 ll'.
1196 533 1237 543 -
1257 514 1381 562 Abbttto
1402 516 1433 561 ll'
1666 494 1726 561 253

182 684 401 764 firmissimam,
413 704 489 769 ergo
502 686 587 750 dona
600 685 661 749 ista
674 704 739 750 uon
755 684 958 767 requirun-rl
974 684 1057 747 sicut
1075 684 1207 749 scicntia
1230 686 1351 750 donum
1375 686 1471 749 babet
1494 703 1593 749 unum
1618 690 1723 747 actum

180 794 246 860 tur3
274 784 457 863 dicendum,
486 785 571 866 quod
600 784 731 847 virtutes
758 783 826 846 istas
854 802 918 847 nou
975 782 1194 865 principalem,
1212 784 1266 865 qui
1276 793 1330 851 est
1344 784 1423 847 scire
1440 785 1520 848 bene
1537 782 1581 844 uti
1603 790 1724 863 tempo-

182 883 295 945 laciuut
312 882 373 945 hoc
389 882 432 944 ite
446 881 634 964 perlecteet
648 890 793 963 prompte
811 890 847 943 ut
865 882 922 943 do-
975 880 1094 943 ralibus
1115 881 1154 943 ad
1178 889 1262 945 recte
1288 883 1541 947 conversandum
1564 880 1596 943 in
1619 880 1723 943 medio
1738 898 1870 957 rurreppi.

181 1000 228 1057 nu,
245 999 302 1042 uec
316 980 411 1043 etiam
426 979 578 1043 tamaltio
597 999 635 1042 ac
655 978 771 1041 divinis
793 979 921 1041 rationi·
976 996 1081 1058 prave
1101 997 1320 1061 perverseque
1340 979 1496 1057 nationis3
1514 978 1605 1041 itaet
1624 978 1723 1059 pietas
1739 965 1771 1005 ¹⁵·

181 1078 235 1141 bus
248 1085 430 1158 operantur,
446 1086 482 1139 ut
495 1096 533 1139 ex
548 1076 728 1159 praehabitis
742 1084 878 1140 constat.
975 1075 1071 1138 babet
1096 1095 1194 1139 unum
1218 1084 1324 1139 actum
1350 1076 1568 1158 principalem,
1594 1075 1648 1157 qui
1676 1082 1724 1137 est

217 1176 357 1257 lnsuper,
369 1178 477 1253 pietas
490 1176 606 1238 dicitur
619 1175 726 1237 multis
742 1175 843 1239 modis
864 1193 922 1257 per
976 1173 1202 1237 benevolenter
1216 1182 1248 1237 et
1263 1174 1330 1238 siue
1349 1175 1480 1257 querela
1500 1174 1617 1237 bonum
1637 1180 1725 1254 opta-

180 1275 261 1356 prius
284 1281 316 1336 et
340 1274 525 1355 posterius:
547 1274 631 1335 unde
655 1280 780 1355 oportet
803 1290 920 1352 ponere
977 1289 1010 1333 re
1026 1291 1063 1333 ac
1078 1270 1184 1335 lacere
1205 1272 1352 1336 omnibus
1369 1272 1422 1335 Dei
1437 1270 1574 1353 imagine
1594 1270 1726 1351 insigui-

179 1390 274 1434 unum
292 1372 423 1434 modurn
442 1390 505 1453 quo
523 1372 639 1434 dicitur
661 1390 720 1453 per
742 1390 798 1444 se3
814 1379 846 1433 et
868 1370 921 1433 alii
977 1368 1026 1431 tis.
1044 1369 1151 1451 ltaque
1168 1371 1267 1451 pietas
1284 1371 1410 1452 respicit
1426 1378 1570 1433 naturam
1593 1377 1627 1431 ut
1649 1368 1726 1431 ima-

179 1470 259 1531 modi
273 1477 369 1531 errant
382 1469 414 1531 in
429 1470 664 1551 comparatione
685 1468 725 1531 ad
746 1468 836 1530 illud.
853 1468 922 1530 Pot-
975 1466 1082 1549 ginem
1106 1468 1159 1530 Uei
1183 1468 1364 1547 habentem,
1381 1468 1595 1532 misericordia
1619 1474 1725 1529 autem

178 1576 224 1630 est
250 1567 347 1649 igitur
373 1566 447 1645 dici,
477 1568 562 1648 quod
591 1567 691 1649 pietas
718 1566 845 1649 pmprie
873 1572 922 1627 est
976 1565 1148 1629 miseriam.
1165 1566 1221 1630 Vel
1237 1567 1337 1649 magis
1352 1567 1490 1649 proprie,
1508 1566 1607 1648 pietas
1627 1565 1726 1645 respi-

179 1664 395 1729 beuevolentia
419 1666 451 1728 in
475 1665 645 1747 imaginem
670 1665 723 1728 bei
754 1672 847 1746 prout
873 1671 922 1726 est
976 1663 1019 1725 cit
1033 1672 1177 1727 naturam
1193 1664 1339 1747 imaginis
1354 1666 1387 1727 in
1402 1662 1725 1745 miseria,misericor-

177 1764 278 1845 imago
293 1763 389 1827 illius.
406 1764 444 1825 Et
457 1764 517 1827 hoc
534 1762 750 1845 multipliciter
765 1761 835 1824 lieri
854 1770 922 1843 pot·
977 1762 1028 1824 dia
1043 1782 1119 1826 vero
1139 1762 1299 1827 miseriam
1314 1764 1346 1825 in
1361 1763 1510 1845 imagine.
1529 1763 1601 1825 ldeo
1622 1762 1726 1843 dupli·

176 1871 233 1925 est.
257 1863 323 1924 Aut
345 1862 431 1925 enirn
460 1861 679 1925 benevolentia
702 1861 763 1923 ista
790 1857 959 1923 inclinatll
977 1880 1046 1923 cem
1071 1859 1167 1924 babet
1190 1862 1443 1943 promissionem,
1467 1860 1612 1923 videlicet
1629 1884 1636 1922 :
1654 1861 1725 1923 vito
1741 1882 1870 1933 rrrmrur.

177 1960 329 2023 allectum
358 1978 396 2021 ex
425 1967 514 2041 parte
546 1958 746 2041 exemplaris,
776 1957 924 2021 videlicet
976 1978 1047 2040 quaa
1061 1978 1147 2022 nunc
1169 1969 1228 2039 est,
1246 1968 1373 2042 propter
1395 1960 1644 2023 sublevationem
1666 1960 1725 2021 mi-

177 2057 240 2134 Dci,
254 2076 294 2121 ex
319 2075 383 2138 quo
402 2064 528 2120 emanat
551 2057 655 2137 imago
671 2080 679 2117 :
696 2064 728 2118 et
752 2054 797 2118 sic
821 2054 922 2137 pietas
977 2056 1067 2119 serie
1087 2057 1323 2138 pmximorum3
1340 2066 1372 2121 et
1391 2056 1515 2135 luturae,
1534 2065 1663 2140 propter
1677 2077 1726 2120 re-

176 2155 273 2236 magis
293 2154 398 2218 lertur
421 2154 454 2217 in
478 2154 650 2236 exemplar,
666 2162 699 2217 et
721 2152 859 2236 pertinet
882 2154 922 2216 ed
978 2155 1154 2218 recentiam
1174 2154 1320 2237 imaginis
1340 2156 1404 2218 Dei.
1419 2155 1479 2218 Alii
1493 2174 1620 2237 quoque
1636 2164 1724 2218 actus

175 2272 274 2334 genus
306 2253 416 2331 latrice,
442 2272 512 2335 que
539 2252 603 2315 lieo
632 2252 753 2315 cultum
782 2251 924 2315 caerimo·
979 2253 1123 2316 nonnulli
1150 2254 1363 2317 attribuuntur
1391 2254 1475 2319 dono
1505 2254 1640 2335 pietatis,
1669 2254 1725 2335 qui

174 2351 324 2433 uiamque
347 2351 510 2434 impendit.
526 2350 565 2413 Et
583 2351 758 2414 secundum
778 2349 924 2431 Augusti·
978 2352 1173 2415 conveniunt
1187 2352 1215 2414 ei
1238 2371 1295 2434 per
1316 2353 1474 2431 accidens,
1493 2353 1542 2417 vel
1557 2372 1615 2435 per
1634 2353 1726 2417 redu·

174 2469 259 2527 num,
283 2450 388 2533 pietas
410 2450 525 2513 dicitur
548 2450 609 2513 boc
633 2449 728 2512 modo
750 2448 921 2531 precipue,
978 2449 1127 2529 ctionem,
1141 2458 1195 2513 aut
1218 2458 1347 2533 propter
1369 2450 1634 2534 propinquitatem
1655 2452 1725 2532 ejus

173 2548 244 2629 quia
271 2548 438 2630 exemplar
459 2556 508 2611 est
533 2547 611 2610 ratio
636 2546 865 2610 benevolentias
889 2545 922 2607 iu
978 2568 1052 2610 cum
1078 2548 1148 2611 aliis
1178 2548 1367 2629 quibusdam
1394 2549 1560 2612 virtutibus
1590 2568 1724 2631 quarum

173 2647 324 2710 omnibus
347 2646 417 2709 aliis
437 2646 539 2711 modis
557 2646 673 2727 quibus
692 2647 731 2708 ed
750 2645 922 2727 imaginem
977 2646 1100 2709 actibus
1116 2647 1333 2727 permiscetur.
1345 2647 1548 2729 -Denique,
1563 2656 1653 2710 actus
1668 2648 1725 2709 bu·

173 2744 347 2807 inclinatur
369 2743 517 2807 allectus.
544 2744 605 2807 Sed
629 2744 724 2806 etiam
752 2744 923 2806 inclinatur
976 2744 1029 2825 jus
1045 2744 1168 2825 pietatis
1183 2744 1214 2806 in
1234 2745 1345 2827 patrie,
1364 2754 1412 2807 est
1426 2746 1563 2827 gaudere
1583 2746 1615 2807 in
1634 2745 1724 2809 bonis

173 2842 396 2907 benevolentia
409 2842 469 2905 ista
483 2843 515 2904 in
535 2842 706 2925 imaginem
727 2843 923 2905 descenden-
977 2842 1124 2924 imaginis
1142 2842 1195 2905 Dei
1214 2843 1245 2905 in
1262 2850 1416 2924 quantum
1431 2852 1480 2907 est
1495 2844 1548 2907 Uei
1568 2844 1681 2926 imago.

172 2950 235 3003 tem
260 2940 304 3003 ab
329 2940 500 3022 exemplari
520 2940 649 3018 divino,
677 2949 709 3003 rt
733 2940 793 3003 boc
823 2940 923 3022 tripli·
1016 2939 1188 3017 Postremo,
1203 2943 1301 3001 timor
1312 2941 1430 3004 donum
1447 2941 1663 3024 multipliciter
1678 2940 1865 3010 ‹ti-aarum.

171 3040 249 3102 citer
274 3062 282 3101 ε
311 3038 387 3119 quia
411 3037 460 3101 vel
484 3037 654 3101 inclinatur
682 3056 755 3101 cum
786 3037 958 3101 naturaliC
977 3037 1069 3100 citur.
1086 3038 1200 3116 Primo,
1223 3040 1397 3102 secundum
1420 3040 1504 3121 quod
1525 3040 1650 3122 pmprie
1669 3040 1725 3103 do-

171 3137 291 3219 origine
315 3156 371 3199 seu
390 3136 624 3217 communione,
640 3144 673 3199 et
692 3136 737 3198 sic
760 3144 808 3198 est
828 3136 923 3199 bene-
977 3156 1053 3197 uum
1077 3145 1136 3213 est,
1163 3144 1195 3199 et
1214 3144 1288 3200 tunc
1308 3137 1525 3200 consideratur
1549 3138 1724 3201 secundum

171 3236 314 3299 volentia
334 3234 367 3296 in
386 3242 546 3317 parentes,
562 3243 594 3297 et
618 3253 727 3297 rursus
750 3242 799 3296 est
822 3234 922 3296 virtus
977 3253 1070 3295 suurn
1087 3233 1352 3315 perfectissimum
1367 3243 1398 3297 et
1412 3234 1567 3317 optimum
1583 3244 1723 3299 statum:

170 3352 207 3396 ac
228 3333 358 3415 species
379 3332 507 3414 justitiae
532 3331 703 3409 naturalis;
718 3340 773 3395 aut
793 3350 923 3413 genera-
977 3340 1009 3393 ct
1023 3331 1068 3393 sic
1085 3330 1145 3394 luit
1159 3340 1190 3395 et
1204 3340 1252 3395 est
1268 3332 1299 3393 in
1321 3332 1444 3396 Christo
1464 3342 1558 3415 atque
1578 3334 1609 3397 in
1631 3354 1726 3417 ange-

171 3430 230 3493 lius
244 3432 353 3493 fertur
365 3430 398 3492 in
413 3428 582 3511 imaginem
596 3429 629 3491 in
643 3437 797 3511 quantum
818 3430 923 3511 imago
978 3429 1038 3504 lis;
1054 3439 1087 3492 et
1100 3438 1189 3492 actus
1211 3429 1310 3511 ipsius
1332 3440 1381 3493 est
1402 3432 1548 3495 revereri.
1565 3432 1725 3495 Interdum

171 3538 228 3605 est,
251 3537 283 3591 et
308 3526 355 3591 sic
374 3528 500 3609 proprie
524 3526 640 3589 dicitur
660 3528 793 3605 donum,
812 3536 922 3609 estque
978 3545 1054 3590 vero
1072 3526 1188 3589 dicitur
1207 3526 1301 3592 timor
1320 3530 1494 3593 secundum
1514 3530 1598 3611 quod
1619 3549 1728 3593 causa·

170 3624 397 3690 benevolentia
422 3626 455 3687 in
481 3624 651 3707 imaginem
675 3624 730 3688 bei
751 3625 784 3687 in
808 3635 924 3687 natura
979 3632 1030 3687 tur
1044 3625 1085 3687 ab
1100 3624 1206 3706 aliquo
1220 3626 1305 3707 quod
1319 3635 1369 3688 est
1389 3646 1485 3708 supra
1506 3635 1652 3691 naturam
1675 3628 1726 3691 vel

171 3724 332 3803 rationali,
353 3732 386 3786 et
403 3724 497 3786 docet
515 3722 742 3786 benevolenter
756 3742 790 3786 se
804 3723 922 3786 habere
979 3722 1062 3785 vires
1081 3732 1134 3786 :ct
1148 3724 1192 3786 sic
1208 3723 1302 3786 babet
1316 3732 1422 3787 actum
1437 3723 1520 3806 lugae
1536 3724 1621 3803 mali,
1635 3726 1728 3807 cujus

169 3823 208 3884 ad
223 3822 339 3895 illam3
355 3828 410 3883 aut
428 3820 530 3884 lertur
550 3821 582 3883 in
602 3820 773 3902 imaginem
794 3828 829 3883 ut
847 3840 924 3885 con·
980 3821 1055 3883 mali
1071 3840 1166 3885 causa
1181 3822 1264 3885 inest
1279 3822 1329 3885 vel
1345 3830 1449 3905 potest
1463 3823 1567 3885 inesse
1581 3846 1589 3901 3
1606 3831 1638 3886 et
1657 3824 1727 3886 talis

168 3919 318 4000 junctam
343 3926 462 3982 naturae
479 3918 621 3981 interiori
641 3919 807 4001 corporali,
824 3939 843 3981 a
860 3938 923 4000 qua
980 3928 1029 3981 est
1044 3920 1137 3983 timor
1151 3919 1290 3983 initialis.
1304 3920 1431 4003 Proprie
1449 3929 1567 4001 autern,
1580 3921 1675 3985 timor
1692 3922 1729 3985 li·

169 4018 390 4081 circumdatur
404 4017 533 4097 [imago]
548 4015 685 4093 miseria,
703 4025 735 4078 et
750 4017 797 4079 sic
819 4037 924 4080 versa·
980 4017 1062 4079 lialis
1077 4026 1109 4080 et
1124 4026 1229 4080 castus
1250 4017 1366 4081 dicitur
1379 4020 1509 4083 donum.
1528 4020 1626 4098 Unde,
1643 4022 1728 4101 quod

169 4125 221 4178 tur
234 4117 340 4199 pietas
356 4115 441 4178 circa
455 4133 552 4196 opera
567 4114 800 4193 misericordie,
818 4124 850 4180 et
864 4114 925 4177 dil·
979 4116 1063 4177 dona
1077 4115 1224 4177 dicantur
1238 4114 1357 4179 altioris
1372 4124 1472 4197 actus,
1487 4116 1674 4200 intelligitur
1688 4119 1728 4181 de

169 4214 230 4277 lert
249 4234 269 4277 a
292 4212 522 4292 misericordia,
537 4211 688 4292 quoniam
711 4213 924 4277 misericordia
940 4212 1097 4276 Deisdem
1114 4214 1285 4276 secundum
1298 4213 1471 4295 perlectum
1483 4224 1597 4277 statum
1609 4234 1729 4281 eorum.

169 4313 299 4395 respicit
324 4330 423 4393 opera
446 4310 605 4373 miseriam
629 4309 808 4391 allevantia,
824 4312 924 4393 pietas
1020 4310 1091 4373 llaec
1106 4330 1144 4373 ex
1160 4310 1252 4373 dictis
1267 4310 1385 4374 Alberti
1400 4313 1439 4374 de
1460 4313 1552 4375 donis
1574 4313 1636 4376 siut
1658 4315 1729 4377 bre·

169 4421 276 4473 autem
292 4409 466 4491 imaginem
481 4428 555 4471 cum
570 4408 797 4489 conjunctione
812 4410 851 4473 ad
867 4409 926 4472 mi·
980 4408 1061 4471 viter
1090 4408 1174 4471 dicta
1206 4430 1212 4469 :
1243 4427 1313 4489 que
1342 4408 1374 4471 in
1408 4409 1522 4489 quibus
1552 4422 1728 4474 consonent

168 4509 286 4571 seriam
301 4527 376 4589 quae
391 4508 573 4569 circumstat
588 4526 659 4570 eam
680 4508 714 4570 in
735 4516 847 4570 natura
866 4507 924 4569 mi·
980 4506 1183 4588 praeinductis
1198 4508 1373 4569 secundum
1390 4508 1540 4571 Thomam
1555 4508 1605 4571 vel
1628 4510 1729 4573 disso-

168 4607 311 4670 serabili.
329 4606 417 4669 Unde
432 4606 533 4687 pietas
550 4606 670 4669 donum
691 4606 810 4668 ratione
830 4607 925 4669 bene-
980 4612 1058 4666 nent
1085 4605 1125 4666 ab
1155 4605 1285 4683 eisdem,
1317 4607 1511 4687 perpendere
1540 4614 1643 4689 potest
1671 4609 1726 4689 qui

168 4706 320 4771 volentiae
339 4706 435 4769 babet
457 4705 713 4768 convenientiam
737 4724 811 4767 curn
836 4724 924 4768 man·
980 4701 1056 4783 legit
1070 4711 1102 4764 et
1117 4702 1241 4766 confert
1257 4722 1294 4766 ea
1308 4705 1346 4766 ad
1363 4704 1510 4767 invicem.

168 4801 353 4877 suetudine,
369 4800 443 4881 quia
458 4818 523 4862 non
543 4808 748 4881 exasperatur
761 4800 803 4861 ab
816 4799 923 4881 aliquo

166 4918 225 4982 per
254 4898 351 4977 iram,
377 4915 542 4959 rancorem
568 4916 624 4959 seu
651 4896 921 4978 indignationem;
1218 4923 1400 4989 ADDITIO
1426 4924 1481 4987 lv·

168 4998 223 5059 sed
239 4996 367 5059 ratione
383 4994 601 5058 subventionis
616 5013 679 5075 qua
692 4994 782 5057 alteri
805 4996 923 5059 bonurn

167 5093 342 5177 impendit,
363 5112 435 5156 cum
460 5092 675 5156 misericordia
700 5094 857 5157 subvenit.
883 5130 925 5140 -
1052 5092 1192 5156 UAlll'lS
1208 5094 1246 5155 de
1261 5094 1352 5157 donis
1368 5095 1542 5159 secundum
1565 5096 1728 5163 Beneven-

168 5193 339 5269 Prreterea,
355 5190 437 5253 sicut
459 5190 504 5253 ait
525 5189 705 5272 Gregorius,
721 5191 851 5254 scientia
870 5193 925 5257 do·
983 5092 1169 5295 Oturam
1198 5191 1342 5272 quedam
1368 5192 1430 5254 sint
1454 5194 1548 5273 dicta,
1575 5216 1659 5261 nunc
1683 5207 1727 5262 ta-
1754 5230 1817 5271 m,
1847 5228 1865 5283 ι,

170 5300 232 5371 cet,
263 5298 298 5354 et
335 5289 435 5373 pietas
463 5289 582 5353 donum
614 5290 805 5369 exsequitur.
836 5290 924 5355 Unde
980 5311 1054 5354 men
1076 5290 1276 5391 aliquasunt
1296 5291 1450 5355 addenda.
1739 5298 1813 5340 Μ
