4309 6259
479 470 539 537 360
986 490 1144 540 axrosrrro
1164 491 1273 538 ursan.
1295 510 1335 519 —
1355 492 1424 537 nnn.
1448 490 1522 539 xxxv

478 662 615 724 certati.
633 662 723 726 Pater
745 662 832 726 enim
856 662 960 745 diligit
982 662 1095 725 uitium
1119 680 1227 726 amore
1241 660 1267 723 A
1281 660 1395 723 Christi
1423 660 1457 723 in
1481 680 1587 741 cruce,
1613 669 1646 725 at
1669 662 1835 746 sanguinis
1857 663 1901 727 sui
1922 664 2001 729 fusio
2099 642 2100 729 l

479 760 637 824 immenso
651 761 785 825 etomni
799 761 900 825 menti
915 769 1028 824 create
1050 762 1224 842 inexperto.
1281 778 1365 822 nem.
1383 759 1459 823 Alie
1478 761 1585 824 multe
1606 761 1742 825 rationes
1763 762 1954 845 assignantur
1970 765 2000 827 ab
2099 838 2100 841 Ἴ

479 857 540 921 Sed
555 858 687 938 utinam,
703 860 1003 938 oPatereterne,o
1025 859 1107 921 Deus
1129 858 1227 939 pieta-
1282 856 1362 935 aliis,
1380 859 1434 921 sed
1456 858 1522 921 iste
1544 856 1722 923 sufficiunt.

478 956 520 1019 tis
554 956 729 1036 immense,
758 959 835 1020 dum
863 958 962 1021 verba
989 958 1056 1021 hec
1086 956 1225 1039 profero,

479 1074 603 1118 merear
630 1075 801 1137 parumper
828 1056 862 1118 in
890 1055 1010 1119 affectu
1038 1055 1161 1119 moveri
1196 1062 1228 1118 ct

478 1152 565 1234 tangi
586 1173 605 1215 a
628 1162 671 1233 te,
694 1163 728 1216 ut
751 1154 802 1216 vel
827 1155 953 1217 modice
977 1161 1101 1236 gustem
1125 1161 1157 1215 et
1180 1172 1228 1214 sa·
1456 1122 1700 1189 ARTIGULUS
1725 1124 1849 1189 XXIV·

479 1250 566 1332 piam
588 1271 651 1333 (11¹0
671 1251 812 1314 ⁰⁸sit³ff⁸
832 1254 943 1316 ³Pd0ffl
962 1252 1077 1334 diligas
1097 1252 1225 1314 uniffllm
1303 1270 1417 1337 Qualis
1437 1270 1480 1329 sit
1501 1271 1648 1330 habenda
1672 1274 1798 1333 devotio
1818 1274 1853 1333 in
1871 1293 1985 1342 canone,

479 1348 597 1411 Filium
618 1356 707 1412 tuum
723 1357 754 1412 et
769 1350 909 1432 diligaris
926 1350 966 1413 ab
981 1367 1029 1413 eo.
1046 1350 1226 1432 Agnosccn-
1449 1361 1635 1435 praesertim
1652 1362 1687 1420 in
1705 1362 1850 1423 hocloco.

480 1447 556 1508 dum
585 1454 748 1527 preterea,
778 1447 862 1527 quod
891 1448 973 1509 Deus
1000 1447 1091 1509 Pater
1123 1446 1228 1527 diligit
2099 1484 2100 1511 ;

480 1544 651 1623 Christum,
667 1545 865 1627 Unigenitum
882 1564 986 1623 suum,
1003 1564 1110 1608 amore
1125 1545 1227 1607 inten-
1342 1546 1526 1607 PIRITUS
1536 1554 1582 1605 est
1596 1548 1695 1615 Deus,
1704 1555 1735 1606 et
1749 1566 1800 1607 eos
1814 1549 1872 1627 qai
1884 1551 2000 1609 adorant
2013 1572 2066 1614 rm
2075 1524 2100 1619 al

478 1642 546 1705 sive
575 1643 713 1721 infinito,
745 1644 778 1705 in
813 1652 968 1725 quantum
1002 1643 1144 1707 Christus
1178 1651 1227 1706 est
1355 1662 1440 1710 eum,
1465 1643 1502 1702 in
1530 1645 1654 1719 spirita
1682 1653 1714 1703 et
1738 1647 1875 1705 veritate
1899 1656 2000 1722 oportet
2009 1638 2033 1679 ²⁸·

479 1741 581 1820 Deus;
597 1742 652 1805 sed
669 1741 869 1823 inquantum
885 1750 933 1805 est
946 1743 1053 1822 homo,
1069 1759 1133 1805 non
1156 1741 1227 1804 dili·
1281 1742 1430 1801 adorare.
1448 1738 1480 1801 Si
1495 1748 1574 1803 teste
1588 1740 1755 1823 Propheta,
1772 1742 1949 1805 maledictus
1964 1752 2100 1805 estem

477 1839 524 1920 git
542 1858 614 1901 eum
633 1839 724 1901 Pater
741 1858 849 1902 amore
871 1839 1062 1921 simpliciter
1084 1838 1223 1918 infinito,
1243 1836 1376 1899 Rhome
1404 1837 1458 1918 qui
1487 1837 1564 1900 facit
1598 1857 1677 1919 opus
1705 1839 1760 1901 Dei
1789 1840 1970 1923 negligenter
1993 1826 2033 1902 :¹⁰·

477 1938 532 2000 sed
547 1957 606 2001 nec
621 1937 717 2000 Filius
732 1938 792 2001 hoc
808 1940 903 2001 modo
918 1948 966 2000 est
980 1937 1117 2000 infinite
1137 1937 1226 2000 boni·
1280 1943 1397 2015 quanto
1416 1936 1625 2015 maledictior,
1643 1937 1707 2001 imo
1726 1957 1821 2020 quam
1837 1940 2001 2003 maledictis

475 2035 548 2097 tatis
565 2059 572 2097 ε
589 2037 644 2098 sed
666 2044 772 2097 tamen
798 2036 912 2117 majori
932 2035 1102 2098 dilectione
1122 2035 1226 2116 diligit
1280 2032 1379 2095 simus
1393 2042 1505 2112 exstat,
1521 2035 1575 2116 qui
1590 2035 1651 2098 hoc
1666 2036 1900 2100 divinissimum
1918 2058 2002 2099 saera-

475 2134 566 2196 Pater
594 2133 752 2196 Christum
787 2134 821 2195 in
854 2142 1009 2214 quantum
1038 2142 1087 2196 est
1116 2133 1222 2212 homo,
1279 2138 1433 2209 mentum,
1450 2132 1506 2213 qui
1527 2133 1587 2195 hoc
1608 2133 1737 2197 coeleste
1759 2134 1945 2217 mysterium,
1959 2136 2001 2216 qui

476 2250 571 2312 quarn
586 2239 685 2295 totum
702 2231 898 2311 universum,
914 2231 1102 2294 visibiliaet
1117 2230 1224 2294 invisi·
1278 2229 1339 2292 hoc
1359 2229 1557 2292 salutiferum
1576 2230 1676 2293 blisse
1698 2231 1847 2295 officium
1870 2233 1940 2295 facit
1959 2252 2003 2295 ne
2099 2240 2100 2313 l

477 2329 562 2407 bilia,
581 2330 746 2393 rationalia
770 2338 802 2392 et
827 2329 1065 2393 intellectualia.
1083 2330 1224 2393 Christus
1278 2327 1445 2407 gligenter,
1467 2327 1614 2391 indevote
1633 2328 1684 2391 vel
1709 2328 1934 2393 irreverenterl
1950 2330 2002 2393 Pla·
2099 2348 2100 2415 t

476 2445 602 2509 quoque
624 2428 657 2490 in
680 2436 835 2509 quantum
859 2436 908 2491 est
931 2430 1025 2507 Deus,
1042 2429 1146 2510 diligit
1170 2429 1225 2490 Pa·
1280 2444 1331 2502 ne,
1353 2426 1380 2486 si
1404 2444 1468 2488 non
1494 2426 1646 2489 mentitur
1663 2428 1843 2510 Apostolus,
1870 2448 1935 2491 reus
1956 2428 2002 2491 erit
2022 2424 2100 2511 tren}

476 2532 556 2588 trem
572 2544 679 2589 amore
694 2527 908 2605 immenso;et
923 2528 953 2588 id
970 2526 1088 2589 sentire
1100 2534 1224 2608 oportet
1280 2524 1421 2603 eorporis
1440 2531 1472 2585 et
1491 2524 1654 2605 sanguinis
1669 2526 1803 2589 Domini.
1820 2510 2035 2601 Quemadmo²⁷'
2099 2514 2100 2531 ¹

476 2624 515 2686 de
539 2624 656 2706 Spiritu
680 2624 805 2688 Sancto.
833 2625 893 2688 Sed
917 2634 1012 2708 prout
1039 2633 1088 2687 est
1115 2624 1221 2699 bomo,
1279 2621 1355 2682 dum
1381 2639 1456 2702 ergo
1482 2630 1664 2685 reverenter
1689 2632 1720 2687 et
1743 2623 1840 2706 digne
1865 2626 2002 2689 celebrare

476 2740 540 2784 non
573 2722 677 2803 diligit
704 2724 826 2785 Patrem
859 2742 967 2786 amore
999 2722 1137 2801 infinito,
1169 2724 1223 2786 sed
1280 2726 1333 2779 aut
1359 2720 1595 2781 communicare
1626 2721 1871 2785 saluberrimum
1894 2732 1945 2803 est,
1968 2724 2002 2784 sic

475 2827 581 2882 tamen
596 2820 709 2902 maJ'ori
724 2840 761 2883 ac
777 2821 877 2902 magis
897 2820 1019 2883 ardenti
1041 2825 1137 2902 quam
1159 2840 1225 2883 om·
1279 2816 1490 2879 irreverenter
1505 2826 1536 2879 et
1555 2818 1753 2899 negligenter
1772 2820 1833 2883 hoc
1852 2840 1948 2903 agere,
1962 2840 2004 2902 pe

476 2937 533 2979 nes
549 2915 643 2979 simul
662 2918 756 2980 electi
775 2918 829 2999 qui
849 2927 923 2981 sunt
946 2920 996 2981 vel
1016 2926 1118 2981 erunt.
1135 2918 1225 2981 Pater
1280 2914 1541 2978 riculosissimum
1558 2924 1607 2979 est
1621 2925 1653 2979 et
1667 2935 1796 2998 prorsus
1812 2919 1986 2983 damnabile.

335 3036 418 3080 rma.
439 3050 461 3088 ι,
476 3033 614 3096 namque
649 3016 752 3096 majus
787 3018 905 3079 bonum
939 3016 1075 3079 contulit
1102 3014 1266 3079 ChristoC
1319 3012 1555 3075 Advertendum
1581 3032 1667 3095 ergo,
1693 3015 1778 3095 quod
1809 3025 1844 3079 ut
1869 3017 1950 3097 flugo
1973 3017 2004 3078 de

328 3102 363 3143 ²⁹·
476 3112 597 3175 homini
612 3132 707 3194 quam
722 3113 778 3176 toti
793 3114 942 3176 universo
959 3137 966 3175 ε
984 3114 1059 3194 quia
1077 3114 1225 3176 bumeni-
1280 3108 1310 3172 S.
1329 3109 1456 3172 Victore
1476 3118 1609 3173 testatur
1629 3120 1661 3175 et
1676 3113 1812 3177 Thomas
1829 3115 1948 3196 allegat,
1962 3115 2004 3175 de

476 3218 573 3273 tatem
597 3210 668 3291 ejus
693 3210 793 3273 univit
819 3210 897 3274 Filio
927 3230 984 3274 suo
1008 3212 1168 3274 adorando
1191 3212 1223 3274 in
1280 3207 1364 3270 votio
1380 3207 1493 3288 triplex
1512 3217 1559 3271 est
1576 3233 1582 3269 :
1600 3210 1714 3292 prima,
1730 3211 1806 3273 dum
1828 3212 1897 3295 quis
1916 3212 2004 3275 uerbis

475 3309 597 3371 unitate
616 3328 771 3390 persone,
788 3308 832 3371 ita
851 3310 935 3389 quod
956 3310 1066 3372 eadem
1086 3318 1134 3373 est
1154 3330 1224 3391 per·
1279 3305 1419 3367 intentus
1434 3313 1659 3388 est,quatenus
1674 3328 1711 3371 ea
1725 3310 1874 3374 distincte
1888 3329 2005 3393 pronun-

476 3406 626 3469 sonalitas
646 3406 776 3468 increati
796 3406 867 3469 Filii
886 3408 940 3469 Dei
966 3416 998 3470 et
1022 3416 1142 3471 nature
1166 3408 1224 3470 hu·
1279 3404 1356 3482 tiet;
1373 3406 1523 3485 secunda,
1539 3407 1615 3467 dum
1632 3407 1726 3470 homo
1745 3409 1785 3471 ad
1808 3430 1931 3473 sensum
1950 3428 2006 3471 ver·

477 3524 579 3566 mane
606 3524 624 3567 a
653 3504 755 3567 Verbo
789 3513 970 3586 assumpte,
1001 3506 1047 3567 sic
1076 3507 1161 3586 quod
1191 3506 1223 3568 in
1280 3502 1392 3565 borum
1426 3502 1595 3584 diligenter
1628 3505 1785 3585 advertit3
1816 3509 1917 3587 tertia,
1944 3508 2004 3569 dum

478 3604 589 3666 eodem
611 3622 681 3665 esse
701 3602 860 3683 personali
879 3603 911 3665 in
931 3620 994 3685 quo
1009 3604 1147 3667 Verbum
1168 3605 1223 3666 Dei
1280 3600 1350 3681 quis
1369 3600 1497 3662 oculum
1520 3601 1625 3664 cordis
1646 3602 1695 3664 sui
1719 3605 1783 3667 Deo
1808 3605 2007 3687 principaliter

477 3700 576 3763 Patris
604 3700 797 3763 eternaliter
819 3708 867 3763 est
895 3701 1082 3779 subsistens,
1112 3710 1225 3763 natura
1281 3696 1387 3779 infigit
1416 3718 1453 3761 ac
1481 3698 1644 3780 imprimit.
1676 3702 1747 3764 Hec
1780 3711 1885 3767 autem
1912 3702 2006 3783 triplex

478 3799 617 3861 bumana
631 3799 744 3862 Christi
760 3818 816 3880 per
830 3800 1077 3881 assumptionem
1093 3799 1225 3862 aVerbo
1280 3797 1404 3860 devotio
1433 3798 1471 3860 ad
1501 3797 1597 3879 digne
1625 3799 1851 3864 celebrandum
1878 3802 2005 3883 exigitur,

479 3914 605 3977 semper
619 3893 762 3957 subsistit
782 3904 814 3957 et
833 3896 900 3957 sine
919 3894 985 3958 fine
1006 3895 1177 3974 subsistet;
1194 3903 1225 3959 et
1279 3895 1454 3977 presertim
1472 3896 1503 3957 in
1520 3915 1653 3975 canone,
1669 3898 1807 3963 maxime
1823 3900 1857 3961 in
1875 3901 1932 3963 hoc
1951 3901 2007 3962 loco

477 3994 539 4056 hoc
558 3994 676 4055 donum
701 3992 808 4055 omnia
829 3994 912 4055 dona
937 3993 1050 4056 ceteris
1075 3994 1224 4056 omnibus
1280 4001 1312 4055 et
1325 4002 1414 4074 parte
1430 3995 1586 4074 sequenti,
1606 3995 1637 4056 in
1660 4014 1722 4077 qua
1744 3998 1843 4061 verba
1863 4017 2008 4062 consecra·

479 4091 617 4172 prestita
637 4089 815 4153 eminenter
834 4092 1041 4154 transcendit.
1279 4090 1376 4153 tionis
1391 4100 1540 4154 contenta
1554 4101 1637 4156 sunt.
1655 4093 1752 4156 Debet
1770 4096 1856 4158 enim
1879 4096 2006 4159 sacerdos

518 4189 612 4250 Fiunt
626 4195 730 4250 autem
752 4197 815 4250 tres
836 4207 946 4251 cruces
969 4208 1065 4271 super
1085 4190 1223 4253 oblatam
1240 4193 1264 4253 Ι)
1280 4189 1491 4252 sacratissima
1514 4192 1612 4254 verba
1635 4193 1766 4255 canonis
1785 4194 1931 4258 distincte
1948 4212 2006 4277 pre

478 4286 653 4365 materiam,
670 4287 745 4348 dum
767 4285 892 4365 dicitur,
909 4310 925 4346 n
942 4287 1153 4366 benedictam,
1171 4289 1224 4351 ad·
1280 4286 1374 4365 ferre,
1396 4307 1522 4350 sensum
1549 4308 1674 4371 quoque
1694 4292 1864 4355 verborum
1883 4313 1936 4375 pro
1953 4300 2006 4355 toto

478 4384 639 4466 scriptam,
657 4392 756 4446 ratam
773 4408 801 4463 a,
818 4387 857 4447 ad
879 4386 1031 4449 honorem
1057 4406 1224 4468 supersan-
1280 4404 1336 4448 suo
1351 4404 1444 4468 posse
1459 4387 1633 4469 advertere,
1650 4396 1744 4471 atque
1759 4392 1798 4452 ad
1814 4392 1910 4455 Deum
1925 4398 2005 4454 totam

478 4493 536 4547 cte
550 4492 582 4547 et
595 4485 762 4547 adorande
777 4483 948 4564 Trinitatis,
961 4493 992 4547 et
1005 4486 1044 4547 ad
1060 4485 1224 4549 insinuan-
1279 4503 1369 4547 suam
1404 4486 1704 4567 contemplationem
1740 4488 1954 4571 principaliter
1981 4494 2006 4548 ct

476 4584 553 4647 dum
575 4583 658 4663 quod
678 4581 815 4645 effectus
833 4582 985 4646 orationis
1003 4582 1095 4645 istius
1120 4603 1138 4645 a
1158 4592 1224 4647 tota
1278 4602 1421 4645 amorose
1440 4582 1590 4664 dirigere,
1605 4584 1766 4650 beneficia
1788 4588 1860 4668 ejus
1883 4586 2007 4650 recolen-

477 4680 660 4743 beatissima
679 4680 832 4743 Trinitate
855 4680 948 4744 nobis
972 4681 1130 4743 donetur:
1148 4702 1222 4744 nam
1278 4682 1331 4760 do,
1347 4681 1544 4760 admirando,
1561 4685 1708 4764 amando,
1725 4685 1884 4750 laudando
1907 4695 1936 4749 et
1954 4703 2007 4747 anr-

478 4779 547 4859 ipsa
561 4779 642 4841 hanc
657 4777 854 4841 ineffabilem
875 4779 1115 4842 conversionem
1131 4780 1222 4861 panis
1278 4778 1456 4861 plectendo,
1474 4779 1562 4841 omni
1578 4779 1711 4860 expulso
1731 4782 1947 4862 phantasmate
1965 4800 2008 4842 ua-

478 4876 510 4938 in
535 4895 650 4957 corpus
676 4885 707 4939 et
734 4876 801 4939 vini
830 4877 863 4938 in
892 4876 1079 4958 sanguinem
1109 4877 1221 4940 Christi
1278 4895 1330 4956 no,
1357 4884 1390 4938 et
1416 4876 1621 4940 distractione
1649 4878 1785 4959 abjecta.
1813 4882 1910 4945 Debet
1934 4880 2006 4945 enim

477 4974 565 5053 facit,
592 4981 624 5035 et
651 4973 742 5036 nobis
769 4974 902 5054 gratiam
929 4973 1163 5055 justificantem
1191 4984 1222 5037 et
1277 4994 1350 5037 cum
1366 4982 1452 5037 metu
1467 4982 1499 5036 et
1513 4976 1691 5038 reverentia
1710 4976 1744 5038 in
1766 4978 1844 5041 hora
1860 4998 2007 5042 consecra·

476 5071 737 5135 sacramentalem
753 5070 893 5152 largitur.
905 5071 997 5134 Fiunt
1012 5090 1137 5153 quoque
1151 5074 1221 5137 due
1276 5073 1372 5135 tionis
1400 5080 1432 5135 et
1456 5072 1682 5136 immolationis
1706 5076 1916 5159 omnipotenti
1940 5074 2006 5139 Patri

475 5190 598 5249 cruces,
614 5171 690 5231 dum
714 5169 840 5246 dicitur,
863 5192 880 5228 u
901 5188 1016 5251 corpus
1037 5179 1070 5233 et
1093 5172 1220 5253 sanguis
1276 5171 1438 5249 adsistere,
1455 5180 1549 5251 atque
1564 5172 1685 5234 ardenti
1700 5173 1820 5238 affectu
1839 5195 1876 5239 aa
1898 5177 2005 5237 interno

474 5270 533 5341 fiat
563 5291 595 5349 t),
629 5267 669 5331 ad
704 5266 934 5348 designandum
970 5269 1218 5333 immolationem
1276 5288 1387 5352 sapore
1403 5269 1585 5333 beatissima
1599 5270 1696 5334 verba
1711 5271 1816 5337 effari.
1834 5274 1913 5337 Dicit
1931 5272 2004 5336 enirn
