4309 6259
468 453 525 518 tta
796 468 836 514 na
856 467 945 513 nonis
967 464 1101 513 srrnrrus
1123 461 1242 520 sanari,
1262 462 1437 513 cancarrus
1458 467 1491 514 u.
1513 486 1555 497 -
1575 468 1643 514 ιιι.
1660 470 1683 515 n

466 641 556 703 ribus
590 647 716 721 sumpta
747 640 819 716 est),
851 637 953 699 nihilo
984 636 1102 713 minuS,
1134 633 1255 696 sicutA
1273 635 1346 697 ralis
1362 657 1398 699 ac
1414 637 1646 721 philosophica.
1663 641 1706 703 Dc
1727 660 1790 722 qua
1811 642 1926 703 summi
1946 644 2005 724 phi-

469 738 583 801 caritas
613 736 836 820 appropriatur
864 734 995 817 Spiritui
1025 734 1151 810 Sancto,
1177 750 1215 793 eo
1273 733 1397 815 losophi
1427 736 1561 816 pulchra
1589 757 1626 800 ae
1656 738 1748 815 mira,
1774 740 1948 821 Augustino
1969 750 2005 803 te

467 836 550 918 quod
583 836 716 918 Spiritus
742 834 874 895 Sanctus
908 832 1066 895 emanatio
1091 839 1138 891 est
1163 848 1217 891 vo·
1272 837 1385 910 stante,
1410 832 1549 914 indagati
1575 843 1658 896 sunt.
1679 835 1758 898 Nam
1781 845 1814 898 et
1835 837 2004 899 Aristoteles

468 934 611 1011 luntatiS,
647 932 698 994 eui
735 931 847 993 caritas
884 928 1047 1010 comparit,
1083 926 1216 1009 profluit
1272 930 1521 1011 metaphysieam
1543 950 1645 1010 suam,
1665 933 1859 1015 theologiam
1881 936 2004 1017 appellat

467 1030 553 1094 euim
576 1030 712 1112 Spiritus
734 1030 867 1091 Sanctus
888 1047 906 1089 a
931 1026 1093 1089 voluntate
1116 1024 1215 1085 Patris
1272 1044 1309 1087 ac
1324 1027 1512 1108 sapientiam
1533 1048 1589 1091 seu
1611 1030 1751 1093 divinam
1775 1031 1951 1094 scientiam.
1965 1033 2005 1094 Li-

467 1150 503 1193 ae
529 1129 600 1191 Filii
628 1127 830 1204 immediate3
852 1126 898 1187 sie
921 1124 1077 1206 sapientia
1102 1139 1216 1203 appro·
1273 1122 1329 1183 her
1349 1142 1473 1205 quoqne
1498 1125 1599 1189 Procli
1624 1126 1788 1208 Platonici,
1809 1128 2005 1194 Elementatio

467 1226 569 1308 priata
595 1232 643 1287 est
664 1224 756 1300 Filio,
778 1242 876 1304 quum
899 1222 966 1303 ipse
993 1221 1033 1281 sit
1058 1220 1215 1282 emanatio
1272 1220 1450 1301 theologica
1477 1222 1666 1287 intitulatur.
1696 1225 1740 1288 lle
1768 1226 1828 1289 hac
1863 1226 2004 1308 sapientia

468 1324 659 1386 intellectus,
686 1322 740 1383 Est
765 1320 851 1383 enim
877 1320 1007 1381 verbum
1034 1316 1215 1379 intellectus
1272 1317 1405 1399 loquens
1419 1321 1790 1401 Apostolus:luvisibilia
1804 1324 1933 1406 (iuquit)
1947 1326 2004 1404 Ilei,
2015 1349 2118 1396 annai

469 1422 636 1505 patemi,a
652 1428 757 1481 mente
773 1426 903 1500 paterna
919 1415 1115 1494 naturaliter,
1127 1422 1216 1476 ater·
1272 1436 1291 1477 a
1312 1426 1455 1479 creatura
1476 1420 1599 1498 mundi,
1617 1420 1648 1481 id
1671 1429 1719 1483 est
1739 1423 1780 1484 ab
1801 1423 1943 1500 homine,
1958 1444 2005 1506 per

469 1519 583 1582 naliter
608 1516 935 1598 inegressibiliterque
965 1514 1151 1595 procedens,
1178 1511 1215 1573 Et
1272 1532 1399 1595 eaquae
1422 1514 1504 1577 lacta
1526 1523 1600 1578 sunt
1621 1517 1793 1600 intellecta,
1816 1521 2007 1602 conspiciun-

468 1617 528 1680 hoc
553 1617 647 1679 modo
673 1622 782 1677 sancta
806 1612 969 1695 Scriptura
990 1612 1028 1672 de
1049 1608 1215 1689 unigenito
1272 1619 1343 1687 tur;
1374 1615 1566 1695 sempitema
1594 1634 1720 1698 quoque
1754 1618 1855 1679 virtus
1890 1619 1957 1699 ejus
1981 1631 2006 1681 et

466 1715 548 1778 Filio
567 1714 622 1777 Dei
643 1714 703 1774 sub
724 1711 852 1774 nomine
872 1712 1019 1773 increata
1041 1728 1077 1769 ac
1099 1707 1214 1788 genitae
1273 1709 1448 1772 diviuitas:
1471 1712 1514 1774 ita
1534 1722 1567 1774 ut
1588 1714 1652 1775 sint
1674 1715 1915 1778 inexcusabiles.
1931 1718 2006 1781 Unde

467 1812 635 1896 Sapientiae
658 1810 808 1892 loquitur,
823 1810 912 1891 juxta
935 1808 1012 1869 illud
1031 1805 1215 1869 Proverbio-
1234 1808 1306 1869 Bm
1322 1807 1403 1871 libro
1419 1809 1586 1891 Sapientia
1601 1812 1754 1894 scripturn
1769 1822 1840 1876 est:
1858 1817 2008 1897 Amagui-
2018 1835 2103 1891 ιιιιιιι

331 1931 423 1973 rrum
424 1930 561 1979 narum:
578 1911 626 1973 Ab
648 1919 765 1972 aeterno
787 1908 931 1971 ordinata
953 1925 1034 1983 sum,
1053 1912 1084 1967 et
1105 1923 1143 1965 en
1162 1922 1216 1965 an·
1273 1906 1382 1967 tudine
1410 1908 1495 1969 enim
1521 1910 1640 1991 speciei
1665 1918 1696 1972 et
1724 1921 1877 1975 creaturae
1906 1915 2008 1996 poterit

319 1996 355 2037 33
360 1996 393 2043 33
419 1943 453 2041 33
447 2009 566 2090 tiquis
581 2016 751 2088 antequam
764 2015 847 2068 terra
860 2005 968 2081 lieret3
978 2004 1115 2065 necdum
1127 2008 1216 2063 erant
1272 2004 1385 2066 horum
1400 2014 1523 2069 creator
1537 2007 1816 2088 cognoscibiliter
1808 2012 1936 2073 intueri.

468 2106 586 2189 abyssi,
607 2113 638 2169 et
662 2123 721 2186 ego
745 2104 810 2185 jam
836 2110 989 2183 concepta
1014 2120 1122 2178 eram,
1143 2106 1216 2161 ante
1311 2101 1416 2164 Palam
1441 2112 1490 2165 est
1516 2114 1632 2185 autem,
1659 2107 1744 2188 quod
1772 2127 1832 2170 nec
1862 2110 2008 2191 sapientia

469 2206 567 2269 colles
589 2223 648 2287 ego
670 2224 726 2286 par
727 2201 889 2281 turiehar3
913 2201 1039 2282 quando
1062 2217 1217 2281 praepara·
1273 2200 1424 2279 increata,
1440 2221 1499 2264 nec
1514 2203 1669 2293 sapientia
1683 2206 1838 2268 naturalis
1858 2227 1898 2270 ac
1919 2207 2010 2289 philo

468 2306 523 2368 bat
547 2305 643 2367 coelos
668 2304 815 2380 aderam,
837 2308 868 2363 et
891 2299 1015 2362 deliciae
1044 2317 1123 2359 meat
1147 2315 1216 2357 esse
1273 2298 1403 2378 sophica
1427 2300 1468 2361 sit
1487 2301 1607 2363 donum
1626 2302 1762 2384 Spiritus
1786 2304 1907 2384 Sancti,
1922 2324 2010 2386 quum

469 2424 542 2467 cum
568 2402 647 2465 titiis
672 2401 849 2465 hominum.
873 2398 1006 2480 Atque
999 2417 1032 2459 m
1057 2395 1139 2458 libro
1164 2395 1218 2456 Sa·
1271 2395 1359 2458 nulla
1383 2417 1491 2459 earum
1517 2400 1559 2460 sit
1580 2402 1700 2463 donum
1725 2403 1899 2483 gratuitum
1926 2412 2009 2484 atque

319 2522 353 2565 aa
338 2502 597 2586 ap.vurprent1ae
611 2501 772 2582 legimus
788 2498 924 2579 Attrngrt
938 2505 1045 2559 autem
1060 2493 1217 2575 sapientia
1271 2494 1465 2575 gratificum,
1479 2496 1631 2578 aSprrrtu
1645 2497 1761 2563 Sancto
1775 2501 1978 2563 immediate
1970 2520 2011 2562 m

319 2599 356 2635 '¹¹¹
366 2588 400 2628 33·
468 2600 569 2664 alme
584 2618 684 2680 usque
699 2599 737 2660 ad
754 2598 854 2659 linem
870 2596 1017 2673 fortiter;
1034 2593 1155 2656 candor
1169 2598 1217 2653 est
1272 2592 1405 2655 llunum.
1429 2594 1489 2656 Sed
1513 2614 1554 2655 an
1579 2596 1736 2677 sapientia
1761 2599 1903 2663 secundo
1926 2599 2010 2662 moda

469 2700 553 2762 enim
570 2698 650 2760 lueis
672 2704 807 2775 aterna,
825 2704 856 2758 et
877 2694 1043 2776 speculum
1059 2691 1129 2753 sine
1150 2709 1217 2751 ma·
1271 2700 1402 2772 accepta
1426 2692 1468 2754 sit
1490 2691 1610 2755 donum
1634 2714 1735 2757 unum
1759 2697 1798 2758 de
1823 2706 1946 2778 septem
1967 2698 2011 2759 his

468 2797 540 2860 cula
568 2796 622 2859 Dei
653 2794 839 2877 majestatiS,
869 2802 900 2855 et
929 2793 1036 2873 imago
1064 2788 1216 2852 honitatis
1272 2788 1364 2851 donis
1385 2789 1521 2870 Spiritus
1545 2791 1665 2872 Sancti,
1682 2793 1869 2875 diligentius
1892 2796 2011 2857 investi-

468 2895 566 2957 illius.
593 2894 653 2955 Sed
681 2902 713 2955 et
743 2892 776 2953 in
804 2889 1030 2955 Ecclesiastico
1061 2888 1215 2969 scriptum
1272 2886 1339 2967 gari
1354 2896 1487 2969 oportet.
1503 2888 1591 2951 lllulti
1606 2891 1736 2971 quidem
1751 2891 1919 2955 allirmant
1936 2894 2011 2974 quod

319 3008 454 3059 acerram,
468 3001 517 3055 est
544 3014 550 3053 ι
577 2992 642 3072 Ego
667 3010 705 3053 ex
733 3010 787 3053 ore
811 2988 965 3051 Altissimi
996 2986 1121 3070 prodivi
1152 2984 1215 3066 pri·
1234 2986 1256 3050 C
1272 2985 1319 3046 sic
1336 3008 1343 3045 z
1360 3004 1495 3067 quorum
1509 2988 1626 3070 positio
1640 2990 1747 3051 miuus
1762 2992 1920 3072 exquisita
1934 2992 2012 3053 vide·

320 3075 342 3115 ⁵·
469 3088 629 3171 mogenita
644 3097 717 3151 ante
732 3106 860 3151 omnem
875 3094 1061 3149 creaturam.
1073 3084 1125 3146 Sic
1139 3101 1216 3164 quo-
1272 3091 1333 3163 tur,
1350 3092 1444 3166 atque
1465 3085 1633 3149 inresoluta
1653 3089 1848 3169 probabitur.

321 3205 454 3255 iconias.
468 3207 530 3269 que
555 3187 683 3249 divinus
707 3185 875 3268 Apostolus
897 3184 1054 3247 Christum
1076 3181 1216 3265 appellat

468 3286 522 3348 Dei
539 3286 687 3348 virtutem
703 3292 734 3345 at
748 3283 803 3345 Dei
819 3282 1023 3363 Sapientiam.

507 3384 658 3446 Praetema
682 3382 745 3444 alia
766 3380 894 3462 ponitur
916 3379 1083 3461 sapientia,
1106 3397 1215 3459 super·
1482 3339 1727 3406 ARTICULUS
1750 3344 1794 3406 33·

468 3482 631 3560 naturalis,
659 3481 714 3543 sed
738 3486 856 3557 ereata,
882 3498 952 3560 quaa
976 3478 1136 3558 theologia
1161 3495 1215 3539 vo
1288 3487 1335 3545 De
1364 3488 1492 3562 triplici
1515 3491 1677 3563 sapientia
1701 3492 1820 3566 fallaci
1841 3512 1882 3552 ac
1905 3514 1997 3563 vana,

467 3589 566 3644 catur.
583 3579 652 3644 Non
673 3580 759 3642 enim
782 3577 917 3640 naturali
940 3577 1062 3639 ratione
1085 3576 1215 3637 inventa
1342 3596 1441 3653 qaram
1457 3580 1608 3652 reprobat
1623 3580 1741 3639 divina
1754 3583 1944 3657 Serapam.

467 3688 526 3756 est,
547 3698 649 3759 neque
671 3676 807 3740 naturali
829 3676 950 3738 lumine
973 3673 1107 3737 scrutari
1129 3690 1214 3735 com-

466 3776 661 3859 prehendive
683 3782 798 3858 potest,
815 3774 869 3837 sed
891 3773 1001 3835 divina
1021 3771 1214 3834 revelatione
1338 3769 1598 3834 DVERTENDUM
1631 3781 1794 3853 praeterea,
1825 3777 1915 3856 quod
1942 3776 2014 3860 ipsis

466 3874 623 3956 patefacta
648 3884 695 3937 est
719 3873 824 3956 primo
848 3871 966 3935 sanctis
992 3870 1135 3953 patribus
1159 3887 1215 3932 no
1353 3868 1523 3931 virtutibus
1542 3887 1606 3931 non
1626 3871 1730 3933 solum
1748 3884 1956 3955 opponuntur
1974 3876 2015 3936 ai-

467 3972 552 4052 sti-ia,
574 3972 739 4054 Prophetis
761 3979 855 4052 atque
875 3969 1046 4051 Apostolis,
1070 3976 1102 4031 et
1122 3968 1214 4031 uobis
1270 3966 1313 4027 tia
1329 3964 1510 4047 manifesta,
1526 3968 1582 4029 sed
1603 3968 1701 4031 etiam
1721 3971 1862 4051 palliata.
1880 3973 2015 4035 Virtutes

466 4070 594 4132 demum
611 4089 668 4151 per
683 4070 779 4150 ipsos.
796 4070 867 4131 Haec
889 4076 937 4129 est
959 4066 1115 4148 sapientia
1134 4066 1214 4146 legis
1270 4083 1346 4129 rem
1374 4084 1410 4126 ao
1439 4065 1517 4126 vitia
1539 4085 1558 4127 a
1582 4065 1650 4129 line
1673 4068 1804 4132 nomina
1828 4072 2010 4134 sortiuntur.

466 4168 596 4246 divina,
625 4169 660 4229 iu
688 4166 786 4230 vetari
817 4167 1017 4229 Testamento
1046 4164 1148 4227 velata
1177 4183 1213 4226 ac
1229 4169 1254 4232 lt
1270 4163 1540 4237 Quemadmodum
1562 4164 1658 4245 igitur
1682 4185 1757 4229 vera
1780 4169 1940 4249 sapientia
1963 4188 2014 4233 ue

467 4265 626 4345 inchoata,
651 4266 684 4327 iu
708 4282 791 4328 novo
815 4271 920 4327 autem
945 4264 1146 4325 Testamenta
1171 4282 1216 4324 re·
1271 4262 1410 4323 minatur
1429 4262 1498 4343 ipsa
1522 4262 1703 4325 divinorum
1728 4266 1842 4328 notitia
1865 4268 1906 4329 ad
1931 4267 2015 4331 debi-

467 4363 570 4427 vena
584 4382 621 4427 ae
637 4370 865 4426 consummata.
883 4362 925 4423 De
940 4380 1003 4442 qua
1024 4360 1067 4421 ait
1080 4360 1214 4421 divinis·
1270 4368 1337 4422 tum
1365 4360 1465 4422 linem
1494 4360 1602 4440 relata,
1633 4363 1680 4425 sic
1708 4363 1840 4428 abusive
1873 4366 2014 4429 vicissim

331 4482 452 4534 ιιιιιιι.
467 4462 566 4524 simus
581 4461 694 4525 Paulus
711 4484 718 4522 :
735 4460 917 4525 pradicatio
939 4478 1010 4521 mea
1031 4477 1096 4521 nou
1111 4465 1160 4519 est
1181 4458 1213 4519 in
1270 4459 1438 4541 pmdentia
1470 4479 1506 4521 ac
1542 4460 1698 4542 sapientia
1724 4461 1843 4524 dieitur
1876 4464 2014 4546 cognitio

467 4560 728 4644 persuasibilibus
748 4559 894 4621 humanae
910 4557 1073 4639 sapientia
1095 4557 1212 4636 verbis,
1270 4574 1374 4617 rerum
1400 4556 1440 4618 ad
1465 4555 1680 4619 inordinatum
1709 4557 1809 4621 linem
1838 4560 1961 4637 relata3
1985 4569 2014 4623 et

318 4682 454 4725 amnne
467 4659 522 4721 sed
544 4660 578 4720 iu
600 4658 780 4740 sapientia*
803 4657 934 4740 spiritus
956 4664 987 4719 et
1008 4656 1146 4719 virtutis.
1170 4657 1213 4720 lle
1269 4654 1445 4716 secundum
1469 4654 1686 4718 diversitatem
1711 4655 1829 4719 linium
1853 4658 2014 4722 inordina-

328 4777 423 4830 ιοιιιι,
432 4781 454 4831 ι,
466 4774 530 4837 qua
548 4755 704 4837 sapientia
723 4756 868 4838 protinus
890 4755 977 4817 addit
995 4778 1002 4816 ι
1020 4754 1213 4837 Sapientiam
1269 4760 1384 4832 torum,
1411 4751 1564 4814 dividitur
1587 4754 1742 4835 sapientia
1762 4757 1846 4818 talis.
1867 4757 2013 4832 austun

318 4842 340 4885 3·
467 4863 572 4917 autem
598 4853 759 4935 loquimur
781 4854 864 4916 inter
888 4853 1068 4935 perlectos3
1089 4853 1215 4934 sapien·
1268 4850 1355 4911 euim
1378 4850 1555 4931 appellatur
1578 4860 1714 4932 terrena,
1742 4856 1835 4935 eujus
1863 4855 1943 4919 linis
1969 4865 2014 4918 est

467 4954 544 5015 tiam
559 4971 635 5016 varo
650 4970 714 5014 non
728 4951 824 5032 hujus
847 4952 966 5031 saeculi,
982 4952 1036 5013 sed
1053 4951 1214 5032 loquimur
1269 4949 1397 5012 divitias
1411 4950 1523 5012 mundi
1542 4950 1691 5032 colligere
1705 4976 1713 5030 ;
1728 4954 1874 5033 quaedam
1896 4956 2015 5018 anima-

466 5053 521 5116 bet
544 5050 732 5134 sapientiam
755 5051 789 5112 in
810 5050 1059 5133 mysteriaque
1080 5052 1213 5115 abscon·
1268 5048 1320 5128 lis,
1338 5048 1430 5130 eujus
1449 5048 1527 5110 linis
1550 5058 1600 5112 est
1622 5049 1754 5114 delicias
1777 5052 1885 5116 carnis
1909 5054 2015 5136 acqui-

464 5152 604 5215 ditaest.
1269 5168 1358 5225 rere3
1384 5148 1528 5229 quadam
1553 5148 1720 5232 diabolica,
1747 5152 1840 5233 eujus
1865 5151 1946 5217 linis
1969 5161 2015 5216 est

503 5250 636 5332 Insuper
659 5248 752 5313 tertia
775 5249 906 5333 ponitur
928 5248 1096 5331 sapientia,
1121 5258 1212 5313 natu·
1269 5247 1467 5327 excellentia,
1482 5267 1579 5329 quam
1593 5250 1778 5330 concupivit
1791 5250 1952 5315 diabolus.
