4309 6259
641 506 798 555 nxaesrrro
818 506 916 553 urum
939 512 946 551 ε
970 506 1008 553 ur
1027 505 1149 561 cusam
1168 506 1259 555 turs
1696 483 1736 549 75

186 678 257 759 dor,
273 678 414 762 martyrii
436 677 613 759 tolerantia,
629 686 661 742 et
683 678 849 743 centesimi
869 678 935 741 iru-
949 678 974 741 h
989 678 1036 741 nil
1051 677 1379 760 valeamus,ccngruit
1392 676 1426 740 in
1441 674 1529 741 omni
1542 693 1639 758 opere
1651 672 1736 739 hono

187 786 258 843 ctus
282 776 570 842 cumulatissimum
598 776 776 859 premium.
802 778 934 841 Densum
990 777 1030 841 ab
1053 778 1195 842 oratione
1219 776 1371 860 incipere.
1397 776 1485 840 Unde
1513 775 1547 837 in
1570 772 1662 838 lloris
1689 771 1736 836 sic

187 878 303 941 devota
324 878 362 940 ad
384 877 491 959 ipsum
510 875 549 937 sn
569 875 760 959 supplicatio
779 883 814 939 ut
834 876 935 940 allec
990 874 1178 940 inchoamus
1204 900 1211 939 :
1237 876 1330 956 Deus,
1355 876 1388 937 in
1412 872 1606 956 adjutorium
1629 889 1882 944 meumesmss.

188 975 338 1057 impetret
351 974 444 1038 nobis
458 974 592 1056 gratiam
607 975 641 1037 iu
662 974 808 1056 prasenti
826 974 891 1037 vita
905 983 936 1037 et
991 975 1131 1039 intende.
1147 975 1313 1056 Quumque
1335 993 1392 1057 per
1413 991 1471 1036 nos
1492 972 1580 1054 ipsos
1594 969 1738 1034 exaudiri

188 1073 324 1155 gloriam
339 1074 372 1135 in
388 1073 506 1137 luturo.
991 1074 1091 1136 simus
1115 1073 1250 1155 indigni,
1275 1072 1462 1136 Sanctorum
1486 1069 1628 1133 subsidia
1649 1068 1740 1131 invo-

229 1170 348 1235 huctor
380 1171 495 1235 Paulus
529 1170 766 1252 Langobardus.
804 1171 935 1233 Carmen
991 1190 1063 1235 carc
1091 1172 1255 1251 debemus,
1283 1170 1372 1253 justa
1400 1168 1479 1232 illud
1508 1168 1541 1231 in
1570 1167 1627 1231 leh
1657 1190 1664 1230 :
1690 1166 1857 1240 Aduena.

190 1269 396 1353 Sapphicum,
413 1270 446 1332 in
460 1278 572 1351 quarto
587 1270 706 1333 habens
721 1269 909 1332 adonicum.
991 1270 1131 1351 aliquem
1146 1270 1333 1333 Sanctorum
1354 1274 1549 1333 convertere.
1565 1265 1642 1347 lljus
1661 1282 1739 1347 quo-

991 1388 1052 1451 que
1068 1368 1280 1451 patrocinium
1292 1367 1473 1450 specialiter
1483 1365 1632 1429 invocare
1646 1382 1740 1446 opor-

262 1472 291 1531 T
311 1477 432 1548 queant
456 1472 556 1539 tanis,
580 1476 640 1531 etc.
662 1466 743 1531 Ordo
767 1465 936 1530 verborum
991 1474 1047 1545 tet,
1058 1468 1151 1548 cujus
1165 1466 1310 1531 solennia
1324 1465 1533 1542 celebramus,
1543 1471 1575 1526 et
1589 1462 1627 1526 ad
1643 1480 1738 1544 quem

274 1573 322 1629 est
338 1588 345 1627 :
362 1564 386 1627 0
400 1574 509 1626 sancte
521 1568 674 1635 loannes,
690 1568 786 1633 soloe,
801 1563 861 1627 hoc
876 1570 934 1641 est,
992 1566 1193 1630 devotionern
1208 1564 1362 1627 habemus
1376 1564 1543 1645 maiorem.

189 1664 329 1727 dissolve
343 1671 375 1725 et
388 1661 478 1724 auler
491 1662 614 1725 meritis
635 1662 697 1724 tuis
718 1681 755 1724 ac
776 1659 934 1743 precibus,
1031 1666 1181 1729 Nuntius
1193 1668 1274 1723 celso
1295 1664 1427 1722 veniens
1442 1666 1587 1740 Olympo.
1604 1658 1739 1721 Nuntius
1805 1661 1824 1715 2

189 1769 340 1843 unquam
363 1760 568 1837 interventor,
586 1758 739 1823 mediator
757 1766 788 1821 et
802 1759 937 1841 patroci—
992 1762 1051 1826 iste
1076 1761 1138 1825 luit
1161 1760 1370 1842 archangelus
1398 1759 1535 1837 Gabriel,
1562 1758 1617 1839 qui
1645 1766 1677 1820 et
1705 1755 1738 1817 in

189 1868 291 1937 nator,
302 1876 366 1922 nou
381 1866 417 1921 ut
431 1878 525 1921 causa
540 1857 738 1940 principalis,
748 1856 823 1938 quia
838 1856 973 1923 soliusll
992 1861 1091 1923 veteri
1103 1861 1303 1923 Testamento
1318 1858 1433 1939 legitur
1443 1857 1565 1921 Danieli
1578 1855 1738 1938 prophetae
1766 1875 1826 1918 aaa.
1841 1887 1885 1924 vn.

188 1957 243 2020 Dei
265 1964 314 2019 est
334 1964 464 2037 peccata
487 1955 657 2033 dimittere,
679 1965 819 2025 reatum,
836 1954 867 2017 id
889 1961 937 2017 est
991 1958 1187 2041 apparuisse.
1216 1958 1310 2021 Porro
1338 1956 1488 2038 Olympus
1520 1954 1623 2037 accipi
1659 1952 1740 2016 solet
1753 1951 1780 1981 ¹¹·

188 2055 359 2131 offensam,
375 2057 458 2115 labii
469 2058 602 2131 polluti,
618 2053 679 2117 hoc
697 2053 823 2117 esteris
838 2052 936 2116 nostri
992 2076 1049 2141 prc
1063 2064 1171 2119 monte
1186 2055 1375 2119 Macedoniae
1389 2055 1481 2117 valde
1497 2053 1624 2116 sublimi
1636 2076 1643 2114 ε
1654 2052 1738 2115 unde

187 2173 246 2237 per
259 2171 424 2217 excessum
447 2152 614 2215 verborum
636 2151 855 2229 contaminati,
873 2151 937 2215 imo
992 2164 1023 2219 et
1037 2155 1184 2219 liabenus
1198 2173 1297 2216 unum
1312 2154 1465 2217 coelorum
1484 2151 1623 2234 appellat
1637 2149 1739 2231 Olym-

188 2252 287 2316 totius
301 2259 417 2315 nostrae
436 2268 590 2332 personas,
607 2249 814 2331 intelligendo
836 2257 936 2312 totum
993 2274 1081 2338 pum.
1107 2253 1223 2315 Verum
1247 2252 1300 2315 hic
1326 2252 1462 2315 sumitur
1484 2268 1542 2333 pro
1566 2249 1647 2313 coelo
1674 2267 1741 2310 ern-

188 2370 247 2432 per
270 2358 391 2433 partem
418 2372 425 2411 :
450 2366 523 2409 nam
548 2355 580 2410 et
601 2348 695 2429 culpa
718 2347 938 2429 principaliter
993 2371 1100 2435 pyreo,
1116 2352 1177 2414 hcc
1198 2358 1247 2413 est
1267 2350 1371 2432 igneo,
1387 2350 1472 2431 quod
1494 2349 1538 2411 ita
1554 2355 1686 2411 vocatur
1700 2346 1739 2408 ab

190 2455 239 2510 est
263 2447 296 2508 in
321 2446 428 2508 anima
452 2455 484 2508 et
508 2445 630 2508 viribus
651 2446 733 2527 ejus,
754 2446 810 2509 toti
833 2453 937 2509 umen
993 2449 1160 2513 excellenti
1176 2448 1357 2531 splendore,
1372 2466 1437 2509 non
1452 2446 1492 2508 ab
1513 2446 1624 2509 ardore
1641 2468 1648 2507 ε
1665 2462 1739 2506 narn

189 2545 313 2609 homini
338 2552 423 2607 recte
446 2543 646 2621 adscribitur,
670 2544 821 2625 quoniam
846 2562 938 2625 agere
993 2549 1144 2630 Olympus
1167 2546 1285 2609 dicitur
1303 2544 1343 2608 ah
1370 2548 1446 2623 ὅλος,
1467 2545 1551 2625 quod
1572 2550 1620 2605 est
1643 2549 1738 2619 totus,

190 2652 222 2706 et
251 2642 316 2725 pati
351 2641 588 2725 suppositorum
617 2650 690 2703 sunt
724 2641 871 2723 propria3
902 2650 938 2701 ut
994 2654 1026 2709 at
1049 2649 1179 2727 λάμπων,
1207 2644 1291 2725 quod
1315 2650 1365 2705 est
1387 2643 1514 2721 ardens,
1539 2640 1629 2723 quasi
1657 2646 1741 2703 totus

188 2743 326 2819 famuli,
341 2740 373 2803 id
393 2747 441 2802 θεῖ
454 2739 696 2819 ChristiiideleS,
712 2739 767 2821 qui
786 2738 845 2803 soli
866 2747 940 2801 sunt
995 2744 1027 2806 in
1052 2743 1165 2805 ardore
1189 2741 1376 2806 consistens.
1400 2740 1508 2820 ltaque
1529 2761 1546 2797 θ
1569 2736 1701 2799 nuntius
1724 2759 1741 2796 a

191 2858 304 2903 vere«
327 2836 440 2901 famuli
463 2860 479 2897 a
501 2837 568 2917 Dei,
592 2838 643 2900 cui
666 2837 734 2901 sine
759 2837 823 2900 lide
845 2856 939 2901 nemo
995 2841 1133 2905 coelestis
1156 2862 1174 2899 c
1200 2839 1333 2902 veniens
1357 2860 1386 2917 a,
1407 2837 1438 2899 id
1462 2845 1510 2899 est
1533 2835 1741 2914 descendens,

191 2946 296 3019 potest
317 2936 443 3019 placere
464 2955 500 2999 ac
523 2935 683 2999 meritorie
705 2935 876 3011 deservire,
893 2936 939 2998 di·
995 2939 1161 3021 «Olympo
1182 2937 1268 3000 celso
1283 2960 1311 3013 a,
1329 2936 1390 2999 hcc
1411 2943 1460 2997 est
1480 2954 1499 2997 a
1517 2952 1641 2997 summo
1661 2932 1742 2995 coelo

18 3050 138 3099 Beer-11.
148 3051 174 3093 ⁶.
190 3042 283 3097 ceule
298 3034 448 3115 hpcstolo
469 3033 508 3097 ad
523 3032 680 3111 llebrasos,
698 3034 771 3095 Sine
793 3032 859 3095 fide
882 3032 976 3106 im-(l
996 3054 1155 3119 empyreo,
1183 3036 1266 3117 quod
1293 3051 1366 3097 mos
1394 3041 1430 3095 ut
1456 3032 1576 3095 iactum
1604 3039 1663 3109 est,
1688 3050 1743 3093 an-

190 3132 344 3215 possihile
359 3139 407 3195 est
421 3132 485 3194 lieo
500 3132 635 3212 placere,
652 3141 787 3211 queant,
801 3132 862 3195 hcc
878 3138 936 3209 est,
995 3136 1074 3218 gelis
1096 3132 1214 3197 sanctis
1237 3131 1298 3194 luit
1322 3131 1490 3213 repletum,
1512 3140 1542 3191 te
1557 3131 1654 3207 patri
1676 3149 1743 3189 ma-

189 3230 352 3294 meritorie
374 3229 510 3307 valcant,
527 3250 690 3299 resonare,
706 3228 737 3291 id
760 3236 807 3292 est
825 3229 939 3292 decan·
992 3254 1096 3312 gnum
1124 3236 1198 3309 fore
1225 3233 1445 3299 nasciturum,
1470 3248 1586 3289 nomen
1614 3237 1644 3287 et
1669 3228 1745 3287 oitoe

189 3338 269 3406 tare,
302 3328 390 3389 mira
419 3338 585 3404 gestorum
619 3337 764 3398 tuorum,
796 3326 856 3390 hcc
891 3334 940 3390 cst
995 3334 1113 3392 seriem
1131 3332 1285 3407 gerendae
1304 3330 1423 3389 ordine
1439 3328 1575 3404 promit.
1598 3325 1746 3389 Constru-

189 3426 377 3490 admiranda
391 3444 487 3508 opera
501 3444 570 3507 qua
583 3424 722 3507 gessisti,
730 3425 876 3504 fibris,id
891 3434 939 3489 est
996 3430 1060 3493 ctio
1074 3437 1124 3491 est
1140 3452 1147 3490 ε
1163 3426 1301 3490 Nuntius
1321 3426 1376 3488 ille
1391 3448 1408 3485 n
1425 3424 1543 3508 promit
1557 3448 1586 3502 a,
1602 3424 1663 3487 hoc
1682 3431 1741 3499 est,

189 3526 294 3603 venis,
322 3525 422 3595 lamis,
448 3522 479 3585 id
507 3530 555 3585 est
585 3522 732 3586 resolutis
755 3542 774 3584 a
800 3524 939 3586 vinculis
996 3526 1165 3590 manifesto
1186 3524 1363 3603 denuntiat,
1386 3546 1403 3583 n
1425 3522 1537 3586 ordine
1559 3544 1587 3599 a,
1610 3522 1671 3585 hoc
1695 3530 1744 3583 est

189 3623 343 3687 vitiorum
368 3630 462 3704 atque
486 3620 638 3703 purgatis,
663 3622 723 3685 hoc
748 3628 796 3683 cst
824 3621 939 3684 instru—
996 3626 1141 3689 ordinata
1163 3622 1416 3701 denuntiatione,
1439 3644 1456 3681 ι(
1481 3620 1563 3703 patri
1588 3642 1616 3699 n,
1640 3619 1744 3683 idest

188 3722 308 3785 mentis
340 3739 411 3802 qum
445 3721 484 3783 ad
518 3720 712 3801 loquendum
747 3728 940 3783 concurrunt
996 3724 1151 3788 Zacharia
1166 3722 1301 3805 genitori
1317 3730 1406 3799 tuc,c
1423 3730 1454 3783 te
1469 3720 1743 3785 lorenasciturum

189 3818 351 3885 mundatis
366 3828 398 3882 et
410 3816 597 3897 habilitatis,
614 3818 789 3899 prasertim
812 3816 940 3881 interic
997 3841 1148 3905 magnum
1164 3845 1193 3900 n,
1209 3822 1270 3885 hoc
1291 3820 1387 3883 estin
1408 3819 1501 3883 donis
1515 3819 1623 3900 gratim
1643 3818 1745 3881 excel·

190 3918 327 3982 ribuset
348 3916 566 3999 spiritualibus
587 3914 680 3978 venis
701 3915 828 3995 mentis,
845 3916 941 3978 idest
997 3924 1127 4003 lentem,
1154 3927 1266 4003 utputa
1290 3919 1324 3981 in
1349 3918 1459 3981 matris
1488 3925 1578 3981 utero
1603 3916 1744 3979 sanctifi-

191 4016 363 4081 ailectibus
378 4032 528 4097 perquos
551 4015 638 4079 calor
658 4014 730 4078 vitm
744 4016 852 4096 gratiae
866 4014 941 4078 lluit
996 4030 1114 4099 catum,
1136 4020 1201 4083 imo
1225 4027 1258 4081 et
1283 4017 1402 4099 Spiritu
1427 4016 1542 4078 Senem
1568 4015 1744 4097 repletum,

191 4113 470 4179 acordeadbene
486 4113 657 4195 agendum.
997 4141 1014 4178 (ι
1044 4118 1162 4201 promit
1190 4140 1208 4176 »
1236 4135 1374 4198 quoque,
1404 4115 1465 4178 hcc
1492 4121 1551 4191 est,
1581 4114 1663 4196 patri
1692 4122 1746 4178 tuo

233 4213 399 4294 Deinceps,
423 4211 575 4293 hymnum
599 4212 694 4273 istum
715 4212 840 4291 Paulus,
860 4214 981 4282 ton-1)
996 4216 1203 4299 deprompsit,
1220 4238 1237 4275 n
1253 4233 1370 4278 nomen
1387 4235 1403 4272 n
1425 4211 1483 4275 tibi
1504 4212 1744 4293 imponendum,

190 4310 404 4393 gobardcrum
427 4309 713 4392 historiographus,
735 4310 852 4392 legitur
875 4312 941 4375 edi·
996 4337 1012 4375 «
1036 4322 1067 4377 et
1090 4314 1204 4376 seriem
1228 4336 1257 4392 a,
1274 4312 1305 4375 id
1328 4320 1376 4374 est
1397 4310 1542 4375 ordinem
1563 4328 1601 4372 ac
1620 4309 1746 4373 ordina-

191 4410 278 4473 disse
292 4428 392 4490 quum
411 4406 675 4489 impedimentum
696 4408 882 4473 incurrisset
897 4410 941 4474 lc
996 4420 1062 4475 tum
1078 4429 1276 4493 processum,
1292 4433 1309 4471 (ι
1326 4410 1400 4471 vitm
1413 4408 1561 4491 gerendae
1576 4430 1605 4485 n,
1621 4407 1681 4470 hoc
1697 4416 1745 4470 est

190 4506 323 4589 quendi,
350 4505 456 4568 forsan
484 4504 526 4568 ob
554 4504 693 4586 aliquam
721 4506 769 4569 sui
800 4507 938 4589 culpam,
996 4510 1248 4575 conversationis
1276 4529 1294 4571 a
1322 4516 1352 4571 te
1379 4506 1563 4570 exercenda
1590 4507 1625 4568 in
1649 4525 1743 4569 carne

22 4640 84 4683 aas.
95 4650 112 4687 ι,
129 4634 172 4675 ao.
191 4606 276 4669 sicut
290 4612 323 4668 et
336 4611 426 4687 pater
446 4602 621 4667 beatissimi
637 4604 734 4686 hujus
748 4605 877 4669 loannis
898 4604 939 4669 cb
996 4608 1134 4673 mortali.

190 4701 448 4767 incredulitatem
466 4724 474 4763 ε
490 4720 508 4763 a
523 4718 586 4782 quc
601 4700 696 4764 etiam
712 4702 939 4784 impedimento
1035 4707 1147 4769 Totum
1164 4704 1248 4767 istud
1262 4724 1300 4767 er
1314 4702 1487 4785 Evangelio
1505 4703 1740 4785 comprobatur.

187 4801 307 4867 Paulus
336 4800 389 4863 ille
417 4798 533 4883 legitur
560 4800 712 4863 liberatus
736 4800 855 4882 hymno
878 4802 938 4866 hoc
995 4803 1155 4885 Scriptum
1176 4810 1225 4864 est
1246 4820 1383 4883 namque
1405 4802 1438 4863 in
1460 4801 1546 4865 Luca
1566 4802 1744 4884 :Apparuit
1766 4822 1888 4870 aman.

186 4898 288 4965 edito.
314 4900 349 4961 ln
378 4898 472 4979 cujus
499 4897 629 4962 exordio
653 4898 693 4961 ab
722 4899 863 4964 oratione
892 4900 940 4963 in·
995 4901 1151 4964 Zacharia
1179 4900 1312 4981 angelus
1340 4899 1477 4978 Domini,
1506 4899 1617 4963 dicens
1647 4924 1654 4962 ε
1680 4900 1743 4961 Eli·
1759 4888 1791 4935 '³'
1806 4885 1874 4927 ¹⁵⁴⁷·

186 4998 288 5079 cepit,
303 5004 460 5079 quatenus
482 4996 659 5079 patmcinio
680 4996 872 5060 sanctissimi
894 5007 938 5061 at
995 5001 1105 5063 sabeth
1121 5019 1200 5063 uror
1214 5007 1268 5062 tua
1282 4998 1383 5080 pariet
1397 4998 1454 5061 tibi
1470 4997 1587 5077 lilium,
1604 5006 1636 5061 et
1650 5017 1743 5062 voca-

185 5116 252 5181 que
273 5094 450 5159 beatissimi
472 5095 601 5159 loannis
624 5095 770 5176 Baptista
795 5097 938 5159 reddere·
994 5099 1043 5161 bis
1065 5116 1182 5161 nomen
1204 5097 1274 5178 ejus
1296 5097 1459 5160 loannem.
1482 5095 1550 5157 Erit
1570 5094 1656 5157 enirn
1678 5115 1744 5159 ma-

185 5206 242 5260 tur
266 5196 306 5258 ad
331 5194 443 5277 hymni
467 5193 565 5275 hujus
589 5194 763 5257 editionem
791 5194 937 5258 devotam
993 5216 1076 5278 gnus
1105 5214 1212 5259 coram
1241 5194 1385 5274 Domino,
1414 5202 1447 5256 et
1480 5192 1599 5275 Spiritu
1627 5192 1742 5257 Sancto

185 5296 336 5361 idoneus.
364 5292 483 5376 Nempe
513 5310 611 5374 quum
640 5292 709 5357 sine
737 5292 792 5357 Dei
820 5292 937 5358 auxilio
995 5293 1169 5377 replebitur
1189 5293 1293 5356 adhuc
1315 5311 1353 5354 er
1374 5300 1462 5355 utero
1481 5290 1591 5353 matris
1611 5309 1695 5369 suae3
1711 5299 1743 5354 et
