4309 6259
469 462 531 525 384
637 477 677 524 nr
698 474 900 523 sacmuauro
922 474 1051 521 liranis
1072 472 1110 518 nr
1129 471 1228 519 mssa
1250 470 1476 520 eureamrroua
1499 475 1656 523 aracaeus.
1679 496 1719 507 -
1739 479 1810 526 aar.
1833 480 1854 527 ιι

1236 642 1451 707 dvestrorum
1476 662 1540 708 non
1561 662 1650 727 egeo,
1677 655 1708 709 et
1731 648 1824 728 cujus
1845 650 1922 713 dona
1939 662 2001 715 sunt

687 703 932 770 ARTICULUS
956 704 999 766 ῙῙ·
1275 740 1388 803 merita
1412 750 1528 822 vestra,
1545 742 1588 805 ita
1607 745 1691 826 quod
1711 746 1904 828 originaliter
1920 759 2000 833 atquc

533 854 601 913 Cur
614 853 672 911 lroc
690 858 932 911 sacramentum
947 848 1162 911 Eucharistiae
1275 836 1437 902 fontaliter
1460 846 1562 903 totum
1581 860 1618 903 ex
1640 861 1728 905 mera
1752 843 1882 925 profluit
1902 847 2000 927 pietate

745 942 940 1017 appelletur.
1275 934 1389 1018 piaque
1426 937 1599 1018 voluntate,
1629 957 1700 1021 quae
1734 941 1892 1005 interdum
1916 946 2000 1026 gratie

1275 1034 1466 1114 nominatur,
1479 1042 1587 1116 utpote
1601 1037 1704 1117 gratia
1717 1037 1905 1118 increata,et
1917 1043 1999 1123 gratia

512 1135 658 1198 Varum.
674 1170 714 1181 —
734 1133 938 1196 Sacramenta
957 1130 1150 1212 evangelica
1175 1131 1219 1193 le·
1273 1131 1413 1211 gratiane
1438 1131 1566 1210 dicitur,
1591 1134 1860 1214 quemadmodum
1883 1146 1912 1200 et
1932 1140 1999 1203 licus
2103 1156 2106 1165 ·

469 1231 520 1314 gis
547 1249 619 1312 quae
643 1231 771 1310 tradidi,
797 1239 883 1293 recte
912 1249 988 1292 vasa
1016 1229 1220 1292 medicinalia
1274 1237 1405 1291 vocatur
1419 1229 1603 1312 frequenter
1621 1241 1734 1295 natura
1755 1243 1923 1315 naturans3
1937 1247 1999 1301 atta·

470 1337 706 1411 nuncupantur,
722 1328 876 1410 quianon
895 1335 1018 1390 tantum
1038 1326 1216 1409 figurativa,
1275 1345 1348 1389 men
1370 1326 1431 1391 boe
1458 1338 1690 1393 sacramentum
1715 1330 1916 1414 instituendo,
1931 1355 2000 1401 com

470 1430 525 1490 sed
555 1427 649 1489 etiam
679 1426 873 1504 contentiva,
903 1425 967 1489 imo
997 1433 1029 1488 et
1057 1425 1220 1489 causativa
1274 1425 1476 1505 municando,
1486 1434 1517 1489 et
1528 1427 1598 1509 ejus
1610 1426 1895 1510 frequentationem
1908 1434 2000 1515 juben·

470 1534 545 1588 sunt
564 1525 758 1607 gratiarnm3
775 1533 994 1587 verumtamen
1016 1522 1215 1587 differenter.
1273 1523 1325 1603 do,
1346 1523 1469 1588 fontem
1496 1526 1593 1589 totius
1619 1527 1860 1610 benevolentiae,
1882 1533 2000 1595 caritatis

469 1626 738 1702 Quemadmodum
761 1624 848 1687 enim
870 1623 902 1683 in
922 1641 1038 1704 genere
1057 1642 1094 1684 ac
1114 1623 1220 1685 multi·
1273 1630 1304 1683 et
1318 1622 1550 1687 munificentiae
1565 1644 1643 1688 meae
1657 1645 1754 1709 super
1773 1648 1830 1691 vos
1849 1631 2001 1693 exuberan-

468 1723 580 1786 tudino
595 1731 772 1786 ceterorum
787 1729 948 1784 estunam
963 1741 1020 1803 per
1040 1739 1075 1783 se
1096 1720 1170 1799 tale,
1188 1730 1219 1785 et
1274 1720 1336 1783 tius
1354 1722 1464 1804 aperui
1489 1731 1519 1784 et
1538 1721 1638 1786 effudi
1657 1747 1664 1785 :
1683 1724 1747 1788 imo
1766 1725 1872 1806 ipsum
1891 1728 1999 1791 Forum

469 1822 532 1885 alia
546 1821 767 1903 participative
788 1828 843 1882 aut
862 1819 1065 1902 incompleta,
1082 1819 1164 1881 sicut
1184 1820 1217 1883 in
1235 1820 1259 1885 B
1274 1838 1347 1881 cum
1363 1819 1449 1883 omni
1469 1821 1644 1903 opulentia,
1661 1822 1849 1887 liberalitate
1870 1833 1900 1889 et
1917 1828 2000 1908 gratia

468 1939 585 2003 genere
610 1920 785 1983 calidorum
811 1918 907 1999 ignis,
927 1927 1020 2000 atque
1044 1919 1077 1979 in
1102 1937 1218 1999 genero
1274 1936 1329 1979 sua
1354 1918 1444 1981 vobis
1468 1918 1716 1999 communicavi,
1731 1930 1810 2002 puta
1832 1942 1882 1985 me
1901 1924 1998 2005 ipsum,

469 2020 648 2084 lucidorum
664 2018 731 2097 sol;
749 2018 794 2081 sic
810 2018 843 2079 in
859 2036 991 2081 numero
1006 2025 1219 2079 sacramento·
1273 2014 1319 2076 nil
1334 2016 1497 2098 proprium
1513 2016 1558 2079 sic
1574 2017 1652 2080 mihi
1668 2038 1836 2082 reservans
1850 2022 1929 2102 quod
1946 2042 1998 2086 non

469 2138 540 2180 rum
566 2138 666 2181 unum
691 2125 739 2179 est
763 2136 822 2198 per
846 2135 880 2178 se
904 2135 941 2177 ac
967 2116 1060 2198 plene
1084 2114 1217 2195 gratiam
1272 2113 1379 2195 aliquo
1394 2116 1488 2178 modo
1502 2116 1806 2180 communicaverim
1824 2120 1998 2183 vobisliem-

469 2216 610 2299 signans,
627 2215 805 2294 continens,
817 2233 952 2276 causans
969 2237 976 2275 :
994 2214 1054 2277 boc
1069 2212 1219 2276 videlieet
1273 2231 1324 2293 pe,
1348 2210 1431 2274 sicut
1458 2212 1491 2274 in
1516 2232 1610 2277 cruce
1640 2234 1727 2277 eram
1753 2235 1804 2279 me
1834 2225 1928 2282 totum
1951 2238 1999 2301 pro

469 2322 714 2391 sacramentum,
735 2313 768 2374 in
793 2330 857 2393 quo
881 2332 919 2375 ex
944 2312 974 2374 vi
999 2311 1217 2376 conversionis
1272 2310 1363 2372 vobis
1382 2310 1524 2391 daturus,
1540 2313 1740 2394 expositurus
1754 2322 1788 2377 et
1802 2316 1954 2379 oblatums
1972 2318 1998 2378 in

469 2413 650 2476 continetur
674 2411 922 2475 sacratissimum
946 2410 1059 2472 Christi
1079 2428 1215 2491 corpus3
1272 2407 1430 2489 pretium;
1448 2408 1491 2471 ita
1505 2408 1537 2470 in
1554 2409 1614 2473 hoc
1637 2422 1837 2477 sacramento
1852 2434 1900 2477 me
1915 2424 1999 2478 totum

469 2512 576 2593 inquo
591 2509 902 2591 perredundantiam
915 2508 1084 2571 maximam
1095 2507 1218 2570 exsistit
1272 2506 1463 2586 gratissime,
1485 2506 1704 2571 liberalissime
1725 2529 1763 2573 ac
1785 2510 1999 2575 ferventissima

468 2628 533 2671 sua
547 2609 661 2672 animae
675 2608 836 2689 gratia,ex
851 2607 986 2669 naturali
1001 2624 1128 2688 quoque
1143 2623 1218 2669 con·
1272 2603 1434 2667 voluntate
1456 2605 1539 2683 dedi,
1557 2624 1593 2667 ac
1615 2605 1716 2669 obtuli
1738 2627 1790 2673 mc
1812 2611 1901 2674 vobis
1918 2610 1947 2673 in
1963 2612 2000 2673 ci-

468 2707 663 2784 eomitantia,
680 2706 786 2769 anima
806 2706 875 2787 ejus
896 2724 933 2768 ac
948 2705 1058 2767 deitas.
1074 2704 1112 2766 Et
1126 2704 1169 2767 ita
1184 2704 1216 2765 in
1272 2702 1360 2783 bum,
1376 2703 1410 2765 in
1425 2703 1612 2782 remedium,
1630 2703 1663 2766 in
1685 2707 1810 2789 copiam
1825 2717 1857 2771 et
1871 2710 1999 2788 salutem

468 2805 537 2887 ipso
553 2805 720 2867 verissime
736 2804 916 2868 continetur
935 2803 1078 2883 perfecta
1093 2810 1124 2865 et
1138 2801 1218 2865 inte·
1272 2800 1539 2881 quemadmodum
1557 2820 1615 2883 per
1632 2801 1746 2865 lsaiam
1766 2806 1894 2885 predixi
1910 2830 1917 2867 ι
1931 2806 2000 2869 Ecce
2012 2830 2106 2881 uma

469 2922 526 2984 gra
539 2903 653 2966 Christi
675 2921 822 2986 persona,
839 2921 895 2964 seu
910 2901 1048 2963 Verbum
1063 2908 1215 2963 ιειειιιιιιιι
1271 2917 1330 2980 ego
1345 2898 1470 2963 declino
1488 2900 1520 2961 in
1542 2919 1596 2964 eos
1618 2911 1652 2963 nt
1674 2902 1797 2967 flumen
1819 2907 1913 2987 pacis,
1927 2916 1957 2969 et
1973 2916 2001 2968 ut

469 3001 680 3081 incarnatum,
698 3020 792 3062 verus
814 3000 908 3078 Deus,
924 3000 1020 3063 homo
1042 2998 1214 3080 perfectus.
1230 2997 1253 3060 C
1271 3005 1395 3060 torrens
1416 2997 1575 3061 inundans
1595 2999 1704 3081 gloriae
1724 3002 1877 3083 gentium.

468 3099 563 3163 Porro
588 3099 621 3161 in
647 3098 753 3161 anima
777 3098 892 3160 Christi
917 3097 1012 3161 totius
1036 3104 1085 3159 est
1108 3096 1217 3179 gratiae
1311 3096 1376 3159 Hoc
1404 3096 1462 3158 tibi
1492 3116 1556 3160 non
1586 3097 1688 3162 solum
1718 3102 1881 3183 credibile,
1903 3121 2001 3165 verum

469 3197 643 3280 plenitudo.
660 3197 694 3259 In
710 3196 823 3259 ceteris
839 3213 915 3259 vero
931 3196 1137 3258 sacramentis
1152 3215 1215 3259 non
1272 3194 1367 3257 etiam
1389 3195 1577 3258 rationabile
1596 3205 1782 3279 certumque
1801 3200 1961 3279 videbitur,
1979 3200 2001 3261 si

468 3305 518 3359 est
542 3294 718 3359 formaliter
736 3294 847 3375 gratie,
863 3313 933 3375 qua
952 3302 1001 3355 est
1019 3294 1146 3357 habitus
1166 3314 1218 3356 su·
1271 3291 1515 3355 immensitatem
1540 3294 1603 3355 mei
1627 3296 1755 3375 amoris,
1773 3298 2003 3361 redundantissi-

469 3392 831 3477 pematuralisinfusus,
848 3392 1095 3455 intellectualem
1111 3412 1148 3455 ac
1169 3412 1217 3454 ra·
1271 3408 1357 3451 mam
1379 3389 1601 3454 liberalitatem
1626 3411 1704 3455 mere
1729 3394 1888 3477 bonitatis,
1903 3396 2003 3459 indefr-
2104 3396 2105 3407 *

468 3491 621 3555 tionalem
636 3499 813 3555 creaturam
828 3490 1022 3572 perficiens,
1040 3490 1095 3553 sed
1117 3491 1217 3571 gratia
1272 3486 1500 3551 cientissimam
1520 3508 1598 3553 meo
1623 3490 1800 3572 majestatis
1824 3494 2002 3578 opulentiam

468 3589 706 3654 sacramentalis
731 3597 780 3651 est
798 3588 832 3650 in
854 3588 933 3671 ipsis
953 3596 1103 3671 tanquam
1123 3588 1156 3649 in
1176 3588 1216 3650 si·
1272 3584 1428 3665 profunde
1443 3586 1628 3650 adverteris.
1646 3588 1867 3672 Contemplare
1885 3592 2005 3673 qualiter

466 3689 537 3771 gnis
563 3688 749 3771 dispositive
777 3686 1122 3767 instrumentaliterque
1143 3705 1216 3749 cau·
1271 3682 1399 3745 divitias
1413 3683 1522 3766 gloria
1543 3705 1621 3749 mea
1642 3706 1680 3751 ae
1701 3688 1931 3769 plenitudinem
1950 3690 2006 3752 dei-

467 3787 598 3867 salibus,
621 3788 796 3851 secundum
823 3804 892 3848 esse
919 3785 1087 3848 remissum
1112 3793 1144 3847 et
1169 3785 1217 3846 in·
1272 3781 1345 3842 tatis
1380 3782 1540 3845 universis
1575 3786 1811 3850 communicem
1844 3788 1876 3849 in
1908 3789 2006 3851 trium-

468 3885 674 3967 completum,
705 3893 799 3965 prout
826 3902 884 3947 suo
912 3882 1139 3945 elucidandum
1168 3891 1217 3945 est
1271 3879 1381 3960 phaoti
1396 3879 1548 3943 Ecclesia.
1566 3881 1645 3955 Quid
1664 3883 1762 3965 igitur
1776 3886 1902 3967 mirum,
1918 3887 2005 3967 siege

467 3983 549 4046 loco.
566 3983 646 4045 ilinc
661 3990 894 4045 sacramentum
916 3980 977 4044 boc
993 3982 1052 4043 rite
1067 3981 1217 4043 Euchari-
1271 3976 1326 4056 qui
1341 3997 1379 4040 ex
1395 3977 1551 4043 ineffabili
1567 3980 1695 4043 caritate
1711 3982 1861 4046 descendi
1875 3984 1913 4047 de
1928 3982 2005 4047 coelis
2103 3988 2104 4025 ι

468 4080 537 4158 stia,
563 4081 595 4143 id
624 4087 672 4142 est
699 4080 784 4143 bona
810 4079 923 4160 gratia,
949 4078 1143 4158 nominatur,
1173 4079 1216 4141 ita
1272 4074 1304 4136 in
1342 4083 1468 4153 terram,
1498 4078 1692 4141 assumendo
1720 4079 1948 4145 humanitatem
1973 4080 2004 4143 ad

467 4178 552 4260 quod
576 4178 618 4242 ob
637 4177 848 4240 universalem
867 4176 1070 4239 eminentiam
1091 4196 1128 4240 ac
1151 4178 1217 4259 ple·
1232 4181 1256 4243 D
1271 4172 1458 4236 salvandum
1476 4192 1578 4256 genus
1597 4176 1786 4257 humanum,
1804 4180 1904 4261 ipsam
1928 4188 2006 4243 netu-

467 4277 648 4339 uitudinem
684 4294 748 4338 suae
775 4273 989 4357 gratiositatis,
1019 4294 1084 4339 non
1114 4275 1216 4337 solum
1272 4290 1339 4333 ram
1359 4280 1553 4353 assumptam
1576 4273 1621 4337 ita
1642 4276 1942 4341 communicaverim
1961 4296 2006 4339 vc

467 4373 690 4439 eucharistiale
714 4391 771 4436 seu
794 4372 876 4434 bene
900 4372 1087 4453 gratiosum,
1104 4373 1159 4436 sed
1185 4381 1217 4435 et
1271 4369 1320 4431 bis
1345 4369 1378 4430 in
1403 4369 1630 4436 Sacramentoi
1652 4372 1796 4437 Caritatis
1821 4396 1858 4439 ac
1882 4376 2006 4440 liberali·

466 4472 675 4551 llucbaristia,
696 4471 729 4533 id
754 4479 802 4534 est
825 4470 909 4534 bona
936 4471 1048 4551 gratia,
1071 4471 1213 4533 dicitur:
1270 4468 1343 4530 tatis
1371 4476 1516 4531 naturam
1549 4477 1582 4532 et
1609 4472 1837 4552 proprietatem
1866 4475 2004 4549 attendc;
2102 4508 2103 4515 ι

466 4570 735 4654 quemadmodum
759 4571 798 4631 de
823 4568 924 4631 amico
950 4568 1114 4632 carissimo
1138 4569 1217 4631 dici·
1271 4566 1436 4630 considera
1455 4586 1550 4649 quam
1569 4578 1715 4652 prompte
1740 4579 1770 4634 te
1790 4572 1894 4654 ipsum
1914 4582 1944 4637 et
1961 4582 2005 4635 tua

467 4679 530 4750 tur,
552 4671 597 4732 'lu
621 4689 655 4732 es
679 4686 769 4733 amor
792 4686 903 4745 meus3
927 4666 1010 4728 sicut
1033 4676 1064 4729 et
1088 4675 1215 4731 sanctus
1270 4665 1300 4727 ei
1316 4666 1533 4729 communices
1548 4686 1643 4749 quem
1664 4668 1789 4733 sincere
1808 4690 1845 4735 ac
1865 4680 1929 4736 toto
1945 4670 2005 4734 dili-

467 4768 548 4830 dixit
559 4767 699 4847 Ignatius
716 4789 723 4827 :
740 4766 836 4828 Amor
850 4783 941 4827 meus
960 4764 1133 4828 crucifixus
1154 4774 1213 4829 est.
1269 4764 1319 4845 gis
1334 4765 1441 4843 corde,
1458 4776 1577 4848 quanta
1591 4786 1649 4848 pro
1664 4767 1764 4831 salute
1778 4768 1864 4833 illius
1878 4772 1944 4853 agis
1960 4776 2004 4832 aut

509 4865 654 4927 Secundo
673 4870 907 4927 sacramentum
931 4861 992 4926 boc
1016 4863 1216 4927 Eucharistia
1269 4882 1390 4943 ageres,
1408 4864 1580 4945 praesertim
1596 4866 1623 4927 si
1641 4866 1733 4930 aliter
1750 4886 1815 4932 non
1835 4870 1936 4951 possit
1954 4868 2004 4931 sal·

467 4962 655 5044 appellatur,
671 4962 777 5043 quiae
792 4980 842 5023 me
861 4959 1092 5041 gratiosissimo
1113 4961 1216 5024 Domi·
1269 4961 1346 5023 vari.
1370 4961 1447 5036 Quid
1466 4962 1572 5043 itaque
1591 4972 1683 5044 putas
1703 4984 1754 5028 me
1772 4968 1943 5049 peregisse,
1958 4966 2003 5048 qui

467 5080 510 5124 no
525 5069 629 5123 vestro
644 5068 676 5121 et
689 5080 708 5121 a
723 5078 793 5121 mea
807 5058 1034 5139 gratiosissima
1052 5060 1214 5123 voluntate
1270 5061 1445 5122 secundum
1460 5060 1609 5123 deitatem
1625 5081 1695 5124 sum
1712 5063 1925 5130 essentialiter
1937 5064 2005 5129 cari·
2015 5085 2096 5131 ιιωιυι

321 5173 397 5219 ruat.
408 5189 423 5226 ι.
433 5178 453 5219 ι.
469 5159 619 5223 collatum
644 5164 692 5220 est
719 5156 821 5219 vobis.
848 5156 997 5230 Quamvis
1025 5157 1112 5221 enim
1141 5158 1214 5220 dem
1269 5166 1327 5235 ιιιε,
1345 5166 1376 5221 ει
1397 5158 1510 5221 caritas
1529 5160 1640 5240 utique
1665 5159 1824 5226 intensive
1849 5148 2061 5241 immensall'

344 5273 453 5326 rerer.
468 5256 615 5321 omnibus
629 5254 802 5318 affluenter
815 5273 852 5317 ac
866 5254 974 5335 gratis,
985 5254 1041 5335 qui
1056 5255 1212 5319 bonerum
1270 5254 1395 5318 infinite
1410 5255 1641 5337 liberalissima,
1659 5258 1714 5341 qui
1730 5260 1825 5323 etiam
1841 5263 2003 5327 secundun
