4309 6259
447 494 507 560 366
969 510 1126 559 nxaosmo
1147 510 1254 557 urssn.
1277 528 1317 541 -
1337 512 1406 559 aar.
1429 512 1493 558 xxx

449 682 520 763 ejus
544 683 628 765 quod
653 681 774 745 dictum
797 689 856 758 est,
877 680 934 744 llic
956 690 1005 743 est
1027 682 1109 744 calix
1129 701 1200 744 san·
1216 682 1242 743 Α
1257 689 1331 743 sunt
1351 682 1457 744 anima
1476 681 1637 745 rationalis
1659 702 1696 745 ac
1718 682 1858 763 sanguis,
1878 689 1906 745 ct
1925 698 1993 765 pro

449 781 558 862 guinis
585 781 662 859 mei,
692 780 801 861 sicque
829 780 991 861 pertinent
1023 781 1062 843 ad
1097 779 1201 864 perie—
1255 781 1323 862 pria
1346 782 1519 861 quantitaS,
1545 790 1649 844 cetera
1677 800 1803 863 quoque
1827 782 1894 863 ejus
1914 782 1992 845 acci-

450 880 589 943 ctionem
617 878 796 942 locutionis.
825 878 885 941 Sed
909 877 1063 959 quidquid
1093 878 1133 940 sit
1161 878 1200 940 de
1255 878 1361 941 dentia
1388 880 1490 961 magis
1518 879 1700 958 intrinseca,
1730 888 1825 961 atque
1852 880 1991 943 divinitas

451 976 597 1055 veritate,
618 977 685 1039 haec
714 978 854 1040 secunda
877 976 994 1058 positio
1018 976 1115 1040 tutior
1140 983 1199 1054 est,
1256 992 1312 1035 seu
1341 974 1435 1037 Verbi
1464 994 1620 1057 persona3
1652 984 1820 1058 propterea
1849 976 1991 1039 indirecte

451 1083 483 1139 et
497 1076 576 1139 ritus
590 1075 740 1140 Ecclesiae
762 1076 864 1158 magis
879 1076 908 1138 ei
924 1075 1095 1139 concordat
1112 1097 1118 1135 :
1135 1092 1199 1137 non
1256 1090 1311 1134 seu
1332 1091 1389 1153 per
1407 1073 1583 1135 naturalem
1603 1073 1880 1137 concomitantiam
1900 1092 1935 1135 ac
1949 1092 1993 1135 se

451 1175 536 1237 euim
560 1174 684 1237 levatur
708 1175 790 1237 calix
813 1181 886 1237 ante
911 1173 966 1236 illa
994 1172 1102 1250 verba,
1128 1173 1200 1234 llaec
1255 1170 1393 1250 quolam,
1424 1170 1483 1232 sub
1511 1170 1677 1254 speciebus
1705 1172 1799 1254 panis
1826 1172 1991 1234 consecrati

451 1272 712 1355 quotiescumque
736 1271 887 1337 feceritis.
903 1308 945 1318 —-
962 1270 1007 1333 Ex
1028 1270 1134 1333 verbis
1156 1278 1201 1333 ta-
1255 1266 1411 1329 exsistunt
1426 1268 1556 1349 sanguis
1570 1268 1685 1330 Christi
1701 1276 1732 1331 et
1746 1268 1863 1348 anima,
1875 1276 1992 1351 totaque

451 1392 524 1436 men
544 1372 722 1435 lunocentii
737 1372 827 1455 Papa
847 1379 956 1455 posset
969 1370 1094 1434 ostendi
1115 1369 1200 1450 quod
1256 1365 1326 1445 ejus
1347 1366 1518 1447 quantitas,
1540 1376 1633 1449 atque
1655 1368 1806 1431 divinitas
1828 1387 1881 1430 seu
1903 1367 1991 1430 Verbi

451 1470 554 1553 prima
587 1470 786 1554 opinionon
817 1469 859 1533 sit
892 1478 968 1533 rata.
996 1467 1200 1532 Innocentius
1256 1483 1401 1545 persona.
1428 1466 1467 1527 Et
1493 1464 1708 1547 pariiormiter
1735 1466 1852 1529 sentire
1878 1474 1993 1548 oportet

450 1588 588 1650 namque
616 1588 635 1631 a
664 1570 801 1649 quodam
830 1568 1071 1649 archiepiscopo
1105 1565 1201 1628 inter·
1256 1564 1295 1625 de
1311 1563 1494 1626 exsistentia
1508 1564 1622 1628 horum
1643 1571 1674 1627 et
1693 1565 1837 1647 corporis
1855 1565 1912 1627 sub
1930 1584 1994 1647 spe

450 1675 578 1748 rogatus
607 1687 664 1730 cur
696 1666 730 1728 in
761 1665 1001 1730 consecratione
1034 1663 1200 1746 sanguinis
1257 1660 1366 1725 ciebus
1396 1661 1463 1724 vini
1498 1663 1675 1726 consecrati
1704 1682 1761 1727 seu
1798 1662 1957 1745 sanguinis
1984 1682 1990 1722 :

450 1772 610 1848 ponantur
638 1765 782 1847 quadam
807 1764 905 1826 verba
934 1783 953 1826 a
980 1760 1070 1825 nullo
1098 1762 1199 1823 Euan·
1257 1778 1331 1821 nam
1359 1760 1418 1823 sub
1446 1760 1559 1824 formis
1587 1762 1654 1825 vini
1684 1760 1858 1824 consecrati
1881 1761 1992 1823 directe

449 1863 632 1944 gelistarum
665 1862 834 1945 descripta,
865 1860 1017 1925 solvendo
1044 1859 1199 1942 approbat
1219 1854 1441 1923 Beontinetur
1461 1860 1610 1941 sanguis;
1627 1879 1742 1943 corpus
1763 1879 1840 1924 vero
1853 1869 1883 1923 et
1902 1880 1994 1943 quan-

450 1962 656 2043 quaastionem
677 1959 776 2039 illam,
799 1960 961 2023 innuendo
981 1959 1065 2040 quod
1085 1958 1129 2019 ibi
1145 1975 1200 2038 po-
1257 1959 1341 2037 titas,
1367 1959 1515 2039 qualitas,
1540 1959 1647 2021 anima
1676 1967 1707 2022 ct
1731 1958 1827 2021 Verbi
1854 1978 1991 2041 persona,

450 2068 567 2123 uantur
591 2059 687 2122 verba
711 2058 895 2140 hujusmodi
919 2058 1010 2139 quasi
1035 2058 1075 2119 de
1100 2056 1201 2119 iorma
1257 2056 1517 2121 concomitanter.

450 2156 700 2222 consecrationis
728 2156 829 2219 istius.
847 2157 885 2219 Et
906 2164 1013 2218 tamen
1034 2158 1111 2233 [non
1134 2162 1203 2217 tan-
1296 2156 1392 2218 Porro
1426 2155 1522 2218 verba
1552 2164 1712 2237 praetacta,
1742 2156 1900 2237 videlicet,
1928 2157 1992 2219 Hac

450 2260 530 2334 tum]
558 2256 625 2318 haec
653 2254 762 2334 verba,
778 2254 835 2317 llic
857 2260 905 2316 est
926 2252 1009 2316 calix
1036 2253 1202 2335 sanguinis
1256 2252 1516 2343 quotiescumque
1535 2253 1686 2331 feceritis,
1703 2260 1737 2315 ut
1751 2254 1796 2315 ait
1813 2254 1991 2332 Beruardus,

450 2355 526 2435 mei,
553 2354 617 2417 imo
646 2361 677 2416 et
700 2353 792 2435 plura
820 2352 861 2415 ab
888 2351 1100 2432 Evangelistis
1129 2360 1203 2414 sunt
1256 2351 1343 2414 omni
1363 2350 1484 2414 allecto
1508 2350 1694 2433 plenissima
1716 2361 1801 2433 sunt,
1821 2360 1853 2415 et
1873 2352 1992 2415 lidelem

317 2477 422 2523 maan.
450 2454 578 2535 scripta,
600 2460 635 2514 ut
655 2460 741 2535 patet
755 2452 788 2513 in
811 2449 1038 2514 Decretalibus.
1054 2450 1093 2511 llt
1116 2449 1201 2513 idem
1256 2469 1292 2512 ac
1313 2470 1386 2513 vere
1406 2449 1614 2512 christianum
1637 2450 1779 2513 animum
1799 2452 1993 2514 vehementer

301 2541 435 2649 ¹4'lb·2'¹’⁶“¹·
450 2551 547 2613 sentit
565 2550 708 2632 AEgidius
727 2550 766 2612 de
788 2550 886 2613 Roma
905 2548 1092 2629 exponendo
1114 2548 1199 2611 illam
1256 2548 1469 2627 inflammant,
1500 2557 1637 2631 suntque
1671 2568 1689 2612 a
1722 2550 1885 2614 sacerdote
1919 2549 1993 2612 ccle-

331 2635 337 2655 '
366 2635 371 2647 ’
402 2632 408 2647 ’
448 2649 625 2713 Innocentii
646 2648 852 2711 Decretalem.
1256 2647 1366 2711 brante
1387 2666 1461 2711 cum
1486 2648 1608 2730 ingenti
1633 2649 1802 2713 devotione
1825 2669 1861 2713 ac
1886 2649 1993 2711 mentis

489 2749 582 2811 Porro
605 2747 713 2810 Petrus
732 2746 771 2809 de
786 2745 969 2809 Tarantasia
991 2764 1088 2826 super
1108 2764 1200 2826 quar·
1234 2764 1367 2829 sapore
1389 2747 1582 2827 promenda;
1607 2755 1648 2825 ct,
1672 2747 1751 2828 proh
1773 2746 1884 2811 dolori
1907 2747 1994 2809 mise·

324 2869 375 2913 aar.
390 2881 433 2911 vui.
448 2855 515 2909 tum
538 2845 783 2925 Sententiarum,
806 2844 885 2907 dicit
906 2863 939 2907 se
962 2843 1091 2906 credere
1114 2844 1198 2923 quod
1255 2844 1387 2907 rabilem
1413 2845 1609 2908 sacerdotem
1633 2845 1689 2925 qni
1714 2846 1783 2909 haec
1808 2845 1904 2909 verba
1932 2846 1993 2908 sine

449 2945 646 3008 consecratio
672 2942 837 3024 sanguinis
862 2941 977 3005 Christi
999 2940 1072 3005 lieri
1098 2941 1199 3023 possit
1254 2943 1408 3006 memoria
1423 2942 1600 3005 ineffabilis
1615 2950 1709 3025 atque
1724 2944 1993 3008 eximiaedilectio

447 3062 506 3126 per
529 3042 625 3105 verba
647 3061 666 3103 a
689 3058 891 3122 quocumque
915 3039 1117 3120 Evangelista
1144 3040 1198 3101 de-
1216 3037 1237 3101 C
1254 3041 1303 3103 nis
1319 3050 1412 3124 atque
1433 3041 1647 3105 acerbissimas
1668 3042 1781 3105 mortis
1799 3042 1914 3105 Christi
1929 3059 1993 3123 pro

448 3140 576 3222 scripta.
610 3138 649 3202 Et
683 3146 807 3202 constat
841 3138 926 3219 quod
963 3155 1027 3200 non
1062 3136 1198 3218 quilibet
1253 3140 1388 3220 nuntiat,
1410 3148 1441 3202 ct
1461 3139 1529 3202 sine
1549 3140 1679 3202 cordiali
1704 3138 1826 3204 aflectu
1848 3138 1991 3203 effundit.

448 3238 651 3320 Evangelista
671 3238 762 3320 ponit
783 3236 891 3301 omnia
912 3236 1009 3299 verba
1031 3235 1086 3299 illa
1107 3236 1198 3299 :imo
1252 3238 1318 3301 lmo
1337 3236 1494 3300 veraciter
1512 3237 1580 3301 hec
1598 3238 1695 3301 verba
1716 3257 1779 3302 non
1801 3238 1905 3302 solum
1923 3246 1994 3299 tcm-
2124 3214 2125 3289 l

447 3335 557 3400 nullus
576 3355 686 3400 eorum
706 3335 815 3399 omnia
836 3334 936 3416 ponit.
953 3333 1050 3397 Greci
1071 3352 1197 3417 quoque
1254 3354 1330 3416 pore
1340 3335 1562 3399 celebrationis
1574 3336 1628 3398 sed
1640 3335 1899 3417 frequentissime
1909 3336 1992 3399 nobis

448 3434 605 3499 veraciter
625 3440 824 3512 consecrant,
841 3440 1027 3495 nontamen
1049 3431 1196 3495 omnibus
1253 3442 1327 3496 sunt
1346 3434 1525 3515 cogitanda,
1542 3433 1734 3497 revolvenda
1755 3441 1787 3497 et
1807 3434 1994 3518 amplecten-

447 3533 555 3597 verbis
576 3533 641 3596 illis
662 3540 803 3595 utuntur.
828 3530 866 3594 llt
886 3531 931 3594 sic
953 3531 1054 3595 videri
1077 3539 1195 3614 posset,
1251 3533 1292 3594 da
1309 3555 1316 3594 :
1333 3532 1384 3594 his
1404 3532 1523 3613 quippe
1545 3532 1651 3595 verbis
1671 3531 1823 3613 jubemur
1840 3552 1859 3595 a
1879 3532 1993 3595 Christo

447 3634 532 3715 quod
561 3650 626 3696 non
653 3631 763 3695 omnia
789 3630 888 3694 verba
911 3627 967 3692 illa
994 3630 1197 3711 requirantur
1252 3648 1315 3693 non
1339 3629 1408 3691 sine
1427 3629 1542 3693 actuali
1562 3630 1733 3694 devotione
1754 3630 1927 3709 celebrare,
1943 3628 1991 3691 sed

446 3739 598 3812 tanquam
620 3730 660 3792 de
681 3728 843 3793 essentiali
862 3728 966 3791 iorma
987 3728 1198 3791 consecratio-
1242 3748 1325 3791 cum
1340 3728 1485 3810 diligenti
1499 3727 1682 3793 divinorum
1702 3729 1936 3793 beneficiorum
1951 3746 1993 3789 re

446 3829 497 3891 nis
520 3828 623 3891 istius.
1252 3826 1444 3890 cordatione.

487 3927 628 4008 Denique
657 3924 755 4007 quaeri
782 3932 897 4007 potest,
927 3943 968 3987 an
996 3924 1056 3987 sub
1084 3922 1196 3987 formis

446 4025 539 4108 panis
555 4024 731 4088 consecrati
747 4023 946 4087 contineatur
965 4022 1095 4104 sanguis
1110 4022 1197 4085 Chri-

447 4122 509 4202 sti;
525 4131 557 4185 et
575 4122 734 4202 similiter,
755 4140 795 4183 an
817 4121 878 4183 snb
898 4120 1010 4184 formis
1031 4120 1099 4183 vini
1122 4139 1197 4184 con·
1432 4089 1677 4156 ARTICULUS
1700 4090 1811 4155 XXX·

447 4220 561 4283 secreti
587 4218 629 4282 sit
653 4238 769 4300 corpus
793 4218 919 4281 Christi.
943 4220 982 4281 Et
1003 4219 1236 4301 responden-ll
1282 4242 1331 4300 De
1358 4241 1522 4317 effectibus
1550 4240 1652 4317 hujus
1677 4240 1964 4317 ,uperdfflsssfmf

446 4319 535 4398 dum,
551 4317 635 4399 quod
657 4316 690 4378 in
711 4316 773 4381 hoc
794 4324 992 4379 sacramento
1014 4316 1196 4379 continetur
1519 4330 1727 4391 saa-ramenta,

445 4415 566 4498 aliquid
580 4414 762 4499 dupliciter,
780 4413 904 4477 scilicet
916 4438 922 4475 :
935 4414 1066 4492 directe,
1083 4422 1194 4495 utputa
2119 4469 2124 4488 ,

444 4516 478 4579 id
506 4516 541 4577 in
568 4514 652 4597 quod
680 4513 869 4577 terminatur
898 4512 1065 4576 conversio
1101 4512 1192 4595 panis
1312 4515 1524 4582 emunire,
1546 4515 1657 4583 amici,
1679 4523 1710 4575 et
1734 4514 1856 4583 motta·
1876 4523 1908 4575 et
1931 4516 1991 4575 iaa-
2003 4533 2091 4582 carna.

444 4634 483 4678 ac
504 4613 594 4690 vini,
610 4620 642 4675 et
663 4611 829 4689 indirecte,
850 4630 906 4673 seu
928 4610 1190 4692 concomitanter,
1324 4613 1496 4682 tricarici,
1520 4614 1694 4674 carissimi.
1721 4612 1798 4675 Caro
1827 4631 1900 4677 mea
1923 4631 2091 4679 veteranas

444 4708 568 4771 scilicet
591 4708 676 4790 quod
704 4707 833 4770 realiter
856 4706 1066 4787 conjunctum
1090 4715 1139 4769 est
1162 4708 1192 4769 ei
1248 4718 1297 4773 est
1311 4710 1414 4789 cibus,
1430 4717 1462 4771 et
1483 4710 1612 4791 sanguis
1633 4728 1724 4773 meus
1738 4729 1813 4773 vere
1828 4720 1878 4775 est
1891 4720 1988 4795 potus,
2001 4702 2029 4741 ⁵⁸·

443 4806 478 4870 in
504 4807 589 4888 quod
617 4805 769 4888 predicta
796 4806 964 4868 conversio
986 4805 1107 4869 directe
1132 4814 1193 4869 ter·
1248 4810 1292 4873 ait
1314 4808 1499 4890 Unigenitus
1520 4809 1575 4871 Dei
1596 4809 1707 4872 Patris.
1724 4809 1880 4883 Quoniam
1900 4810 1990 4893 igitur
2119 4849 2123 4894 Ι

443 4905 592 4969 minatur.
613 4904 715 4978 Quum
737 4922 812 4984 ergo
833 4902 1011 4966 substantia
1031 4904 1124 4985 panis
1145 4904 1193 4966 di·
1246 4909 1307 4972 hoc
1342 4906 1579 4970 divinissimum
1609 4917 1841 4971 sacramentum
1878 4909 1990 4973 dicitur
2117 4921 2122 5032 ρ

442 5011 529 5067 recte
544 5009 746 5066 convertatur
761 5001 793 5063 in
808 5020 923 5083 corpus
938 5001 1192 5081 Christi,idcirco
1247 5006 1423 5088 spiritualis
1437 5006 1590 5070 alimonia
1605 5016 1699 5089 atque
1721 5007 1852 5072 reiectio
1867 5008 1988 5086 anima,

443 5101 502 5164 snb
531 5100 645 5165 formis
672 5099 764 5181 panis
792 5099 968 5163 consecrati
996 5101 1116 5163 directe
1144 5099 1191 5164 nil
1247 5104 1318 5167 ideo
1346 5104 1501 5186 quidquid
1531 5104 1622 5167 cibus
1651 5106 1824 5187 corporalis
1853 5104 1931 5170 iacit
1959 5105 1988 5168 in

443 5199 635 5278 continetur,
646 5217 707 5261 nec
721 5205 770 5261 est
783 5197 845 5259 nisi
860 5216 975 5281 corpus
990 5198 1115 5262 Christi.
1131 5199 1191 5262 Sed
1247 5220 1391 5284 corpore,
1410 5201 1442 5263 id
1464 5201 1568 5266 eiiicit
1594 5212 1827 5267 sacramentum
1852 5205 1989 5288 corporis

444 5298 594 5383 quoniam
609 5295 734 5378 corpori
748 5296 862 5360 Christi
877 5296 1005 5360 realiter
1018 5297 1190 5379 conjuncta
1246 5300 1359 5362 Christi
1384 5299 1417 5361 in
1441 5300 1560 5382 anima,
1585 5300 1649 5363 nisi
1675 5302 1771 5366 homo
1793 5303 1934 5384 obicem,
1959 5302 1988 5364 id
