4309 6259
568 497 725 547 rxrosrrro
745 496 844 547 svam
868 503 875 543 ι
898 497 1019 549 vanans
1041 496 1201 549 suesanus
1222 496 1373 549 recursus
1470 469 1472 472 ’

704 796 1014 884 expostulo
1052 796 1243 883 HYMNI

236 1064 438 1129 Uescnrnrron
459 1064 493 1127 in
514 1082 552 1128 eo
573 1064 670 1146 hujus
691 1063 872 1145 dignissimi
897 1063 1097 1140 sa-hpulis,
1114 1063 1219 1143 idest,
1236 1065 1324 1128 dedit
1342 1085 1377 1129 se
1394 1074 1469 1129 ante
1487 1066 1691 1133 traditionem
1709 1064 1747 1131 il-

195 1164 350 1226 cramenti
369 1162 472 1245 prima
486 1162 642 1225 institutio
663 1183 681 1226 a
702 1162 824 1225 Christo
846 1162 939 1238 facta,
997 1162 1060 1224 lam
1082 1163 1241 1243 Apostolis
1265 1164 1299 1226 in
1319 1164 1472 1229 alimonia
1494 1165 1666 1247 spirituali,
1686 1166 1746 1229 suh

194 1268 227 1323 et
246 1269 366 1341 quanta
383 1261 454 1341 ejus
478 1260 660 1323 humanitas
684 1268 778 1341 atque
803 1260 941 1323 suavitas
996 1259 1100 1324 forma
1114 1261 1207 1343 panis
1221 1264 1456 1340 consecrati,ad
1471 1263 1745 1327 conservationem

194 1358 228 1421 in
245 1358 299 1422 illo
314 1358 647 1436 declaretur3demum
662 1358 716 1441 pia
730 1357 769 1420 fit
782 1359 821 1421 ad
837 1358 941 1440 ipsum
996 1366 1028 1421 el
1055 1358 1285 1440 perfectionem
1314 1362 1386 1424 vitae
1410 1362 1519 1443 gratiae
1547 1362 1581 1424 in
1610 1362 1742 1425 eisdem.

193 1457 433 1521 Sacramentum
455 1457 626 1521 invocatio.
995 1456 1076 1518 llinc
1092 1456 1125 1518 in
1139 1456 1263 1521 Psalmo
1277 1458 1316 1521 de
1329 1458 1452 1523 Christo
1464 1458 1526 1521 fuit
1539 1460 1740 1541 preadictum:

234 1554 501 1617 Auctor'lhomas
515 1556 665 1635 Aquinas.
683 1555 815 1618 Carmen
831 1554 942 1618 iambi·
995 1554 1062 1617 Erit
1096 1554 1334 1619 firmamentum
1363 1557 1396 1617 in
1424 1564 1507 1620 terra
1540 1557 1574 1619 in
1608 1558 1742 1620 summis
1754 1578 1891 1631 ramme.

194 1671 269 1715 cum
298 1652 480 1729 dimetrum,
514 1670 714 1733 nequaquam
751 1662 856 1715 tamen
891 1672 942 1715 ex·
996 1654 1165 1715 montium.
1182 1654 1239 1717 Ubi
1264 1654 1327 1717 alia
1349 1655 1445 1718 habet
1462 1655 1626 1719 translatio
1647 1680 1655 1717 ι
1675 1656 1744 1719 Erit

195 1758 312 1813 actum.
997 1750 1194 1814 frumentum
1231 1751 1428 1832 electorum,
1465 1754 1630 1817 translatio
1667 1772 1744 1818 vero

997 1849 1165 1913 Chaldaica
1181 1872 1188 1911 ε
1205 1850 1273 1912 Erit
1293 1849 1439 1932 placenta
1460 1851 1569 1914 tritici.

263 1950 426 2011 ERBUM
438 1966 631 2025 supernum,
648 1948 679 2010 id
694 1957 742 2011 est
757 1948 942 2029 Unigenitus
1036 1947 1174 2025 Etenim,
1196 1949 1346 2030 quoniam
1366 1949 1584 2013 subtracturus
1598 1968 1671 2013 mox
1685 1949 1747 2014 fuit

276 2045 387 2122 Patris,
425 2046 562 2109 Verbum
597 2046 651 2109 Uei
687 2046 876 2109 altissimum
912 2054 944 2109 et
997 2046 1148 2109 Ecclesia
1169 2046 1368 2129 praesentiam
1389 2047 1438 2109 sui
1458 2049 1655 2130 corporalem
1676 2068 1747 2111 sen-

195 2151 359 2219 atemum,
376 2145 461 2224 quod
476 2143 509 2205 in
529 2143 701 2224 Evangelio
721 2151 911 2225 protestatur
934 2166 940 2203 :
999 2143 1137 2223 sibilem,
1158 2144 1260 2207 veluit
1283 2144 1313 2206 ei
1338 2144 1517 2226 relinquere
1545 2146 1746 2228 presentiam

6 2266 8 2269 ·
43 2252 136 2295 locun·
148 2266 179 2301 ιιι,
195 2240 260 2322 Ego
275 2241 441 2303 desursum
458 2242 541 2304 veni.
559 2241 597 2303 Et
612 2242 725 2305 iterum
740 2242 779 2304 ad
795 2242 916 2304 Judaeos
934 2264 941 2301 ι
960 2237 983 2299 Β
1000 2242 1048 2305 sui
1068 2261 1176 2305 veram
1197 2244 1458 2306 sacramentalem
1477 2243 1516 2305 ad
1535 2243 1747 2326 multiplicem

34 2321 111 2423 Ἕω,
131 2393 181 2429 m,
197 2340 259 2403 Vos
274 2338 403 2420 (inquit)
425 2340 463 2402 de
483 2340 630 2402 deorsum
650 2340 737 2417 estis,
754 2358 813 2421 ego
834 2339 874 2401 de
893 2359 945 2401 su·
1000 2341 1168 2403 utilitatem
1187 2349 1219 2403 et
1238 2340 1376 2403 fructum
1398 2341 1555 2422 ejusdem,
1572 2349 1607 2403 nt
1625 2341 1749 2405 scilicet

33 2445 70 2513 ²³2
198 2438 305 2519 pernis
320 2457 411 2514 sum3
428 2437 568 2519 itemque
585 2460 591 2499 :
608 2437 666 2512 Qui
682 2438 721 2500 de
741 2437 822 2501 coelo
844 2437 941 2515 venit,
1000 2438 1142 2521 quotidie
1176 2438 1349 2501 offerretur
1376 2438 1409 2500 in
1437 2439 1537 2501 Missae
1567 2438 1681 2503 officio
1708 2441 1747 2502 ad

32 2505 183 2553 ¹⁶'d‘'¹''³¹'
199 2556 294 2619 super
308 2555 419 2599 omnes
432 2544 490 2598 est.
507 2535 594 2610 Quod
616 2544 648 2599 et
668 2536 701 2597 in
722 2535 944 2599 Ecclesiastico
1001 2537 1126 2600 laudem
1141 2546 1173 2599 et
1186 2536 1320 2617 gloriam
1334 2537 1446 2615 Patris,
1463 2556 1521 2619 pno
1539 2538 1657 2600 nostris
1676 2557 1749 2621 pec·

32 2644 184 2721 ξιιιιιιιιιι.
198 2634 316 2698 fatetur
332 2658 339 2695 :
356 2633 421 2715 Ego
436 2654 474 2696 ex
488 2652 542 2697 cre
556 2634 711 2696 ditissimi
729 2634 864 2716 prodivi,
881 2634 945 2715 pri·
1001 2634 1156 2717 catis,pro
1171 2634 1342 2697 virtutibus
1356 2643 1388 2697 et
1401 2634 1512 2715 gratiis
1527 2634 1746 2716 impetrandis,

33 2724 52 2749 ⁰⁴
199 2733 360 2814 mogenita
387 2741 459 2795 ante
487 2749 615 2795 ornnem
645 2741 832 2795 creaturam.
862 2736 944 2794 Pro·
1000 2732 1089 2795 etin
1115 2732 1311 2795 mirabilium
1336 2751 1465 2795 suorum
1490 2732 1687 2812 memoriam,
1714 2734 1877 2804 inmas

197 2834 302 2900 diens,
335 2830 366 2894 id
381 2840 439 2909 est,
457 2850 514 2913 per
527 2832 674 2893 humanas
689 2839 809 2893 naturae
824 2848 945 2892 assum·
1001 2831 1161 2893 assiduam
1177 2831 1428 2893 recordationem
1444 2850 1508 2893 snae
1523 2850 1655 2893 summae
1670 2831 1749 2894 dile·

197 2930 339 3011 ptionem
355 2948 388 2991 se
402 2928 623 3007 manifestans,
639 2936 671 2991 et
691 2928 782 3009 quasi
797 2948 835 2991 ex
850 2928 944 2991 corde
1002 2930 1117 2993 ctionis
1140 2930 1180 2991 ad
1205 2947 1263 2993 nos
1291 2947 1328 2990 ac
1356 2929 1562 2991 amarissimae
1590 2930 1749 3011 passionis

195 3027 295 3091 Patris
323 3027 541 3104 descendens,
572 3046 629 3086 nec
652 3028 769 3088 Patris
793 3028 945 3105 linquens
1001 3048 1066 3091 sure
1080 3046 1137 3109 pro
1152 3026 1255 3092 nohis.
1269 3028 1356 3090 Unde
1371 3028 1522 3109 praecepit
1535 3027 1704 3109 Apostolis,
1717 3036 1750 3091 et

194 3128 379 3196 dexteram,
393 3125 454 3189 hcc
480 3133 539 3205 est,
555 3123 765 3206 equalitatem
791 3122 890 3186 Patris
914 3132 945 3185 et
1002 3126 1033 3187 in
1050 3146 1158 3189 eorum
1174 3126 1319 3207 personis
1335 3126 1551 3189 sacerdotibus
1566 3126 1745 3189 universis:

196 3243 381 3287 consessum
406 3224 445 3285 ad
470 3224 540 3304 ejus
564 3224 724 3285 dexteram
750 3240 814 3285 non
839 3222 945 3283 dimit·
1002 3225 1072 3287 llaec
1098 3224 1361 3306 quotiescumque
1380 3222 1532 3303 feceritis,
1549 3224 1582 3286 in
1602 3226 1664 3287 mei
1684 3244 1750 3287 me-
1771 3248 1826 3292 noe.
1843 3260 1894 3299 ιιι,

195 3331 277 3399 tens,
287 3324 332 3381 ad
346 3340 425 3397 opus
439 3342 534 3382 suum
549 3323 673 3389 eniens,
690 3320 721 3382 id
737 3328 795 3397 est,
806 3321 844 3383 ad
860 3338 945 3383 com·
1001 3322 1134 3385 moriam
1150 3321 1285 3385 facietis.
1301 3322 1389 3396 Quod
1404 3322 1490 3384 enim
1513 3323 1552 3384 de
1571 3330 1679 3386 nostro
1697 3342 1749 3387 ac·
1763 3313 1797 3354 ¹⁰·

197 3419 347 3501 piendam
361 3418 492 3481 humani
508 3417 634 3498 generis
650 3416 859 3481 salvationem
874 3435 946 3499 pro·
964 3426 985 3489 G
1002 3420 1098 3503 cepit,
1115 3421 1174 3483 ho'c
1189 3428 1237 3482 est
1250 3438 1366 3501 corpus
1380 3428 1412 3481 et
1431 3421 1630 3501 sanguinem,
1648 3428 1748 3483 toturn

196 3516 357 3598 grediens.
389 3516 431 3579 De
465 3534 528 3597 quo
555 3534 650 3597 opere
679 3515 764 3597 apud
791 3516 943 3579 loannem
1001 3518 1144 3583 exhibuit
1162 3526 1194 3580 et
1212 3517 1342 3598 reliquit
1365 3536 1402 3579 ac
1428 3517 1523 3579 vertit
1546 3517 1580 3579 in
1605 3526 1749 3581 nostrum

29 3641 115 3682 ream.
122 3652 182 3691 ιιιιι
197 3614 340 3696 loquitur
356 3637 363 3675 ε
380 3614 465 3697 Opus
487 3613 705 3677 consummavi
726 3614 810 3694 quod
830 3614 944 3676 dedisti
1001 3616 1190 3680 subsidium.
1211 3614 1274 3677 Nec
1299 3614 1429 3677 suffecit
1453 3615 1482 3677 ei
1509 3616 1607 3677 semel
1636 3614 1749 3678 offerri

30 3709 63 3808 ᾗ
82 3779 136 3807 mn
156 3768 170 3807 ὓ
198 3712 279 3776 mihi
295 3720 329 3775 ut
342 3711 493 3775 facerem.
510 3710 684 3774 Exsultavit
705 3712 791 3774 enim
808 3720 841 3773 ut
855 3712 945 3793 gigas
1001 3713 1166 3797 pronubis
1182 3713 1214 3774 in
1230 3732 1336 3790 cruce,
1354 3713 1419 3776 imo
1433 3721 1465 3774 et
1478 3713 1539 3775 hoc
1559 3712 1751 3795 inexcogita-

66 3800 71 3809 ’
140 3797 238 3875 ''ad
259 3811 447 3873 currendam
474 3810 569 3872 viam.
587 3809 674 3872 Unde
696 3811 801 3873 denuo
821 3810 945 3873 locutus
1001 3810 1056 3873 bili
1088 3810 1182 3873 modo
1206 3810 1307 3873 voluit
1331 3809 1528 3871 incessanter
1552 3807 1664 3872 offerri
1693 3828 1752 3891 pro

44 3928 177 3975 raanan,
196 3918 246 3973 est
262 3934 269 3971 :
288 3907 355 3971 Non
370 3908 459 3969 misit
472 3908 555 3969 Deus
570 3906 685 3969 Filium
702 3926 794 3971 suum
810 3916 845 3969 ul
862 3908 946 3989 judi·
1002 3908 1094 3971 nobis
1109 3908 1143 3969 in
1158 3906 1360 3969 divinissimo
1375 3906 1436 3970 islo
1451 3907 1613 3987 mysterio,
1627 3906 1660 3968 in
1674 3907 1750 3969 mis-

32 3994 66 4033 Π·
197 4017 248 4073 cet
262 4007 430 4083 mundum,
448 4006 502 4069 sed
518 4014 553 4067 ul
571 4005 711 4067 salvetur
730 4007 867 4067 mundus
889 4026 946 4088 per
1001 4007 1058 4069 sali
1083 4006 1211 4082 Officio,
1235 4006 1269 4068 in
1291 4004 1445 4067 altaribus
1470 4006 1581 4083 sacris,
1603 4015 1696 4087 atque
1716 4007 1750 4068 in

197 4108 304 4190 ipsum
318 4130 326 4185 3
343 4104 512 4187 Apostolus
526 4123 652 4187 quoque
667 4105 706 4167 ad
721 4104 943 4169 Timotheum:
1000 4105 1145 4169 ecclesiis
1168 4104 1320 4167 reservari
1340 4104 1380 4165 ad
1401 4102 1545 4165 omniurn
1571 4103 1751 4167 subventio

30 4223 178 4271 urentis.
195 4206 340 4269 Christus
375 4204 465 4265 lesus
499 4201 586 4265 venit
615 4202 648 4263 in
676 4203 761 4265 hunc
790 4204 943 4266 mundum
1000 4222 1086 4279 nem,
1103 4202 1322 4277 refectionem,
1346 4199 1623 4277 confortationem,
1640 4201 1750 4265 defen-

194 4310 381 4385 peccatores
410 4300 514 4364 salvos
538 4300 653 4363 facere.
687 4303 777 4363 l'cnlt
802 4304 847 4361 cul
870 4304 945 4362 citer
1000 4301 1135 4363 sionem.
1156 4299 1275 4380 Nempe
1299 4306 1332 4361 et
1350 4298 1457 4360 cibum
1479 4307 1604 4379 oportet
1623 4298 1749 4361 realiter

194 4420 377 4477 uesperam,
393 4399 453 4463 hoc
468 4406 516 4461 est
534 4398 646 4460 ultima
661 4398 771 4461 mundi
786 4407 888 4476 aelate,
906 4400 945 4461 de
999 4418 1036 4462 ac
1062 4397 1311 4460 substantialiter
1328 4396 1419 4477 jungi
1439 4395 1555 4459 cibato.
1575 4396 1655 4459 Hinc
1674 4396 1748 4458 sub

194 4498 307 4580 quain
324 4496 426 4578 prima
441 4514 497 4559 sua
511 4496 645 4577 epistola
661 4504 789 4559 sanctus
799 4497 945 4560 aitloan-
999 4497 1086 4561 ditur
1102 4520 1109 4556 ε

34 4620 139 4663 rumen.
151 4633 178 4669 u,
195 4616 255 4659 nes
272 4620 279 4659 ε
297 4594 477 4658 Novissima
497 4594 575 4657 hora
593 4601 662 4672 est;
678 4602 709 4657 et
728 4594 841 4656 Paulus
859 4619 865 4654 :
883 4594 984 4661 NosD
1040 4599 1176 4665 Quibus,
1192 4603 1304 4676 utputa
1326 4592 1505 4674 discipulis,
1521 4596 1580 4654 sub
1601 4596 1679 4655 bina
1700 4595 1746 4675 (id

31 4688 122 4791 ,¹⁸⁶sz
142 4747 165 4788 Η
194 4694 330 4776 (inquit)
354 4712 464 4755 sumus
489 4692 523 4753 in
546 4710 625 4773 quos
650 4691 733 4755 fines
759 4692 945 4756 seculorum
1000 4702 1048 4757 est
1062 4693 1198 4775 duplici)
1212 4695 1326 4768 specie,
1342 4691 1374 4753 id
1389 4698 1437 4752 est
1455 4690 1515 4752 suh
1533 4690 1636 4754 forma
1655 4694 1746 4773 panis

125 4778 131 4795 '
172 4776 406 4856 'devenerunt
437 4790 525 4853 Unde
557 4790 678 4852 dictum
706 4798 754 4852 est
782 4792 815 4853 in
843 4792 946 4873 primo
1000 4792 1132 4867 etvini,
1158 4811 1289 4851 carnem
1313 4791 1404 4849 dedit
1428 4798 1458 4848 et
1483 4792 1690 4866 sanguinem,
1716 4790 1747 4852 id

80 4916 177 4973 aare.
194 4892 317 4973 hymno
335 4912 341 4950 :
358 4889 514 4970 Vergente
536 4888 647 4950 mundi
669 4908 811 4971 vespere.
1001 4898 1049 4952 est
1063 4908 1180 4971 corpus
1199 4907 1291 4950 suurn
1311 4886 1370 4948 suh
1390 4886 1497 4967 specie
1516 4886 1608 4968 panis
1626 4895 1658 4949 et
1676 4907 1748 4949 san-

97 5002 117 5055 2
238 4990 279 5050 In
294 4996 432 5047 mortem
453 5008 474 5046 a
495 4989 656 5062 discipulo
675 4989 745 5047 suis
767 4992 948 5049 tradendus
1001 4988 1131 5070 guinem
1152 5006 1245 5049 suum
1270 4985 1329 5047 sub
1353 4984 1460 5066 specie
1484 4992 1515 5046 et
1538 4984 1748 5049 similitudine

195 5088 341 5155 winulis,
357 5084 388 5147 id
408 5092 455 5147 est
477 5084 618 5147 Christus
643 5104 661 5146 a
685 5085 764 5147 luda
789 5086 948 5166 proditore
1003 5086 1083 5165 vini,
1100 5087 1143 5148 ita
1162 5093 1268 5147 tamen
1292 5082 1376 5165 quod
1402 5082 1462 5144 sub
1486 5090 1618 5162 utraque
1643 5084 1749 5165 specie

197 5183 350 5248 venditus
364 5202 402 5246 ac
417 5206 434 5243 u
451 5183 622 5245 tradendus
638 5206 654 5243 n
671 5184 709 5247 ad
725 5185 947 5263 occidendum,
1004 5185 1184 5248 continetur
1203 5192 1383 5262 utrumque,
1400 5190 1476 5263 puta
1494 5199 1610 5262 corpus
1629 5189 1661 5244 et
1679 5201 1750 5243 san-

192 5286 297 5363 prius
318 5284 354 5343 in
380 5283 456 5343 eitoe
478 5282 605 5358 ferculo
630 5302 662 5348 sc
687 5286 829 5345 tradidit
854 5286 951 5345 disci·
1004 5284 1088 5365 guis,
1101 5292 1155 5346 aut
1170 5281 1290 5345 ratione
1305 5279 1522 5343 conversionis
1537 5287 1592 5342 aut
1605 5298 1662 5362 per
1676 5299 1751 5344 con-
