4309 6259
416 526 457 575 ns
476 526 678 577 scamarum
697 528 908 575 cecanum
928 528 1088 577 amoses
1109 522 1176 577 sax.
1199 548 1240 561 -
1259 530 1359 579 sarno
1380 532 1411 579 vr
1626 506 1687 579 att

141 705 174 761 et
194 716 347 763 amorose
367 706 491 761 mentes
514 698 679 763 subitone
703 698 927 781 frequentare
940 698 1068 763 felicius
1092 700 1284 765 eternaliter
1306 701 1553 783 conspiciemus.
1571 701 1687 765 Verum

141 806 205 859 tam
227 798 365 879 gratiose
388 816 425 861 ac
447 797 540 861 valde
565 798 830 881 prestringuntur
855 804 887 859 et
939 798 1077 862 carnalis
1097 798 1193 862 bomo
1217 798 1277 862 ista
1300 818 1364 863 non
1386 800 1480 883 capit,
1507 819 1566 863 nec
1591 799 1688 880 hujus

141 895 378 977 praeveniuntur
395 916 414 959 a
433 895 554 979 Spiritu
573 896 699 976 Sancto,
716 897 800 978 quod
816 896 887 958 abs·
939 896 1079 959 celestis
1098 896 1161 960 cibi
1181 896 1383 961 dulcedinem
1404 898 1486 980 sapit
1502 922 1509 961 :
1526 899 1597 962 ideo
1618 914 1689 979 gra-

141 994 308 1057 trabuntur
329 1002 362 1057 et
385 994 564 1057 alienantur
586 1014 605 1058 a
628 1013 663 1057 se
687 994 765 1077 ipsis
786 1001 819 1057 et
838 1014 887 1057 ra-
940 993 1023 1056 viter
1045 1002 1168 1076 peccat,
1184 996 1268 1076 quod
1294 996 1371 1058 tales
1396 997 1576 1077 spirituales
1593 996 1689 1059 devo-

139 1092 271 1175 piuntur
303 1092 337 1155 in
371 1093 482 1172 Deum,
519 1099 648 1174 tamque
682 1093 887 1156 vehementer
939 1091 1144 1174 tissimasque
1169 1111 1321 1175 personas
1344 1092 1489 1175 judicare
1512 1093 1687 1177 presumit,

138 1192 267 1254 intente
290 1198 323 1254 et
347 1211 509 1274 suspense
532 1199 607 1255 sunt
630 1190 663 1255 in
691 1210 776 1271 eum,
801 1191 886 1273 quod
940 1190 1116 1271 dequibus
1136 1199 1264 1254 nonest
1282 1191 1491 1273 judicandum
1512 1192 1688 1255 secundum

138 1289 224 1355 alind
239 1290 284 1352 nil
298 1291 468 1353 advertunt
486 1290 549 1353 nisi
570 1290 676 1372 ipsum
696 1298 728 1353 et
741 1289 796 1352 illa
815 1308 886 1371 qne
941 1288 1027 1369 leges
1041 1306 1228 1352 communes
1247 1308 1283 1352 ac
1304 1290 1476 1371 regulares,
1492 1309 1590 1371 quum
1611 1291 1689 1355 tales

138 1388 217 1469 ipsis
239 1390 451 1452 ostenduntur
473 1395 505 1451 ct
529 1407 599 1470 que
623 1388 700 1470 ipse
721 1387 832 1451 vident
851 1388 885 1449 in
940 1405 1083 1469 persone
1108 1406 1127 1450 a
1150 1386 1269 1468 Spiritu
1297 1388 1412 1451 Sancto
1437 1388 1566 1471 speciali
1594 1389 1689 1453 modo

139 1488 262 1569 spiritu,
279 1487 480 1550 confidenter
503 1494 535 1550 et
559 1486 728 1550 salubriter
752 1494 887 1569 possunt
940 1491 1139 1563 moveantur,
1156 1485 1332 1567 dirigantur
1346 1493 1378 1548 et
1392 1485 1596 1568 inspirentur.
1614 1486 1690 1561 Oua-

138 1593 372 1648 sacramentum
400 1586 462 1649 boc
494 1604 620 1649 sumere
647 1584 735 1648 omni
762 1585 825 1664 die,
855 1592 887 1647 et
940 1601 1011 1644 rum
1041 1602 1237 1665 unaqueque
1266 1591 1356 1665 grata
1384 1592 1416 1646 et
1446 1584 1559 1647 humili
1583 1593 1689 1649 mente

138 1682 436 1766 praecordialissime
454 1682 494 1745 de
513 1689 600 1746 tanto
618 1682 703 1745 dono
723 1680 885 1763 regratiari
940 1680 1047 1743 dicere
1068 1688 1173 1763 potest
1193 1680 1271 1769 illud
1288 1681 1452 1761 Apostoli:
1469 1681 1548 1745 Vivo
1569 1691 1687 1761 autem,
1705 1700 1842 1751 catenas.

138 1780 313 1858 ditissimo,
329 1798 424 1861 quem
448 1779 523 1843 totis
547 1779 729 1861 precordiis
749 1780 832 1842 intra
852 1798 886 1841 se
939 1777 1006 1858 jam
1021 1797 1086 1842 non
1101 1797 1170 1861 ego,
1187 1779 1266 1841 vivit
1280 1799 1355 1844 vero
1371 1782 1403 1843 in
1420 1799 1471 1844 me
1486 1780 1638 1845 Christus.

139 1880 396 1961 complectuntur
420 1901 427 1941 :
452 1879 492 1941 ad
517 1878 610 1959 cnjus
638 1878 755 1941 claram
779 1895 816 1940 ac
840 1876 927 1943 fs-B
981 1875 1139 1939 Predictis
1163 1877 1267 1941 verbis
1291 1887 1443 1943 consonat
1470 1879 1690 1943 Bonaventura

140 1977 253 2040 cialem
273 1985 305 2040 et
324 1976 505 2040 beatificam
523 1977 693 2057 visionem,
708 1984 804 2057 atque
818 1974 888 2037 dul·
941 1994 1037 2057 super
1064 1984 1212 2056 quartum
1241 1976 1474 2040 Sententiarum
1505 2000 1512 2039 :
1543 1977 1576 2041 Si
1603 1978 1687 2059 quis,

140 2075 314 2154 cesimum,
324 2075 451 2157 plenam
465 2083 497 2138 et
509 2075 690 2138 aeternalem
704 2073 888 2138 fruitionem
942 2073 996 2151 ait,
1027 2092 1154 2155 semper
1181 2082 1265 2136 esset
1294 2082 1432 2155 paratus,
1459 2094 1585 2158 semper
1611 2076 1690 2138 utile

140 2181 202 2235 em
227 2171 354 2235 fervide
378 2170 574 2249 efficiuntur,
599 2172 761 2251 anbelant,
786 2171 888 2254 suspi-
943 2179 1026 2234 esset
1043 2179 1276 2234 sacramentum
1295 2172 1378 2235 istud
1393 2172 1539 2255 accipere
1554 2174 1628 2254 (boc
1642 2182 1691 2237 est

140 2280 221 2349 rant,
247 2270 334 2351 quod
363 2271 515 2352 languent
538 2288 656 2349 amore,
682 2279 715 2334 et
742 2289 888 2353 corpora·
942 2269 1041 2332 semel
1070 2268 1236 2351 quotidie),
1264 2279 1299 2333 ut
1326 2272 1480 2334 mundum
1508 2280 1691 2354 receptacu-

140 2370 222 2433 libus
241 2368 376 2448 viribus,
393 2387 490 2431 sensu
508 2377 540 2431 et
559 2376 647 2432 motu
669 2369 835 2453 privantur
848 2370 888 2431 ad
941 2367 1010 2429 lum
1028 2367 1160 2448 babens,
1178 2368 1358 2431 comederet
1376 2369 1482 2431 cibum
1501 2369 1597 2432 istum
1617 2388 1691 2433 cum

140 2468 622 2551 tempus3quumqueSponsnm
639 2467 801 2531 eoelestem
815 2487 890 2532 non·
943 2464 1121 2528 reverentia
1142 2466 1302 2548 precipua
1323 2474 1354 2529 et
1373 2466 1543 2531 devotione
1564 2486 1601 2531 ac
1626 2467 1693 2530 fru-

140 2565 214 2626 dum
239 2564 369 2627 valeant
392 2571 457 2626 em
481 2563 566 2627 clare
585 2570 618 2626 et
641 2562 777 2627 dulciter
797 2564 831 2627 in
854 2584 889 2627 se
944 2572 998 2626 ctu
1026 2562 1209 2645 multiplici,
1234 2564 1315 2627 sieut
1339 2564 1439 2627 fiebat
1468 2566 1500 2626 in
1529 2565 1694 2648 primitiva

141 2663 209 2744 ipso
233 2660 423 2743 conspicere
447 2669 479 2723 et
500 2670 640 2743 gustare,
655 2662 717 2724 boc
741 2662 789 2725 ais
812 2682 890 2744 pre-
943 2660 1096 2725 Ecclesia.
1110 2660 1182 2724 ldeo
1197 2660 1348 2725 fidelibus
1363 2662 1529 2745 primitive
1543 2663 1692 2727 Ecclesie

141 2760 272 2842 cipnum
294 2766 396 2821 exstat
420 2759 579 2838 solatium,
606 2759 691 2840 quod
721 2759 826 2840 ipsum
856 2760 889 2821 in
944 2759 1147 2841 competebat
1174 2759 1262 2822 omni
1287 2758 1339 2823 die
1363 2762 1525 2825 accedere.
1553 2761 1695 2825 Postmo-

142 2864 340 2921 sacramento
354 2856 554 2938 percipinnt;
569 2866 602 2921 et
616 2856 691 2921 inde
705 2858 891 2922 mirabiliter
943 2860 1020 2922 dum
1045 2858 1273 2940 refrigescente
1297 2858 1438 2937 caritate,
1454 2859 1598 2922 instituta
1619 2869 1694 2923 sunt

143 2956 375 3033 confortantur,
399 2954 549 3035 quoniam
579 2954 660 3019 fonti
692 2955 790 3019 totius
820 2975 891 3039 gra·
944 2966 1088 3039 tempora
1117 2956 1373 3021 communicandi
1403 2958 1539 3037 diversa,
1565 2976 1630 3022 non
1660 2967 1695 3021 ut

143 3054 191 3116 tie
213 3052 422 3134 omniumque
446 3052 599 3115 virtutum
624 3061 689 3115 tsrn
714 3054 891 3137 propinque
908 3054 929 3118 C
945 3074 1011 3119 non
1032 3054 1233 3136 frequentius
1255 3054 1376 3134 liceret,
1394 3057 1449 3120 sed
1471 3064 1505 3119 ut
1526 3057 1566 3119 ad
1588 3056 1694 3121 minus

142 3151 330 3233 junguntur.
945 3161 1022 3216 tunc
1037 3152 1142 3215 fieret.

180 3251 249 3313 lmo
272 3250 341 3312 bec
365 3248 435 3331 ipsa
458 3249 536 3313 unio
557 3258 589 3312 et
609 3251 794 3315 communio
814 3270 893 3333 quo-
985 3250 1108 3314 ldciroo
1133 3270 1170 3313 ex
1200 3250 1330 3332 speciali
1358 3251 1527 3315 devotione
1555 3270 1697 3316 commu-

143 3348 313 3412 dammodo
328 3347 520 3411 fructuosior
538 3356 633 3429 atque
647 3348 804 3413 salubrior
822 3370 891 3413 esse
946 3347 1055 3411 nicare
1078 3348 1231 3429 quotidie,
1256 3366 1320 3411 non
1345 3348 1532 3430 prejudicat
1560 3369 1619 3412 nec
1643 3351 1697 3413 de-

143 3448 280 3523 videtur,
293 3463 390 3526 wem
404 3446 487 3509 visio
501 3453 532 3509 et
547 3445 656 3510 fruitio
671 3446 779 3529 sponsi
794 3448 891 3529 hujus
946 3453 1036 3528 rogat
1063 3445 1128 3507 illis
1162 3446 1287 3508 statutis
1315 3444 1476 3510 Ecclesia.
1503 3448 1538 3509 In
1570 3449 1629 3510 bac
1662 3468 1696 3511 re

142 3546 213 3608 lesu
227 3543 344 3607 Christi
360 3544 391 3604 in
407 3543 508 3626 patria
520 3544 687 3608 Beatorum
704 3569 711 3607 :
728 3563 792 3608 non
807 3547 891 3626 quod
946 3544 1146 3626 negligentes
1171 3552 1202 3606 et
1225 3542 1319 3625 pigri,
1342 3543 1407 3607 imo
1431 3544 1566 3607 multum
1590 3566 1697 3629 repre-

143 3644 181 3705 sit
205 3652 270 3705 mm
298 3640 439 3722 perfecta
462 3650 494 3705 et
520 3642 662 3723 jucunda
687 3650 721 3706 ut
744 3642 810 3722 illa,
836 3644 892 3707 sed
947 3642 1121 3706 bensibilcs
1142 3651 1174 3705 et
1192 3642 1330 3705 acediosi
1351 3650 1425 3704 suut
1445 3642 1574 3723 quidam
1594 3664 1697 3707 sacer-

143 3742 215 3824 quia
234 3748 285 3804 est
304 3740 467 3804 meritoria
481 3741 584 3820 valde,
601 3748 633 3805 et
651 3742 893 3807 abundantioris
947 3742 1048 3819 dotes,
1065 3740 1161 3803 otiam
1187 3740 1339 3822 religiosi,
1357 3740 1411 3821 qui
1436 3740 1579 3803 acediam
1606 3761 1696 3805 suasu

143 3840 264 3903 fructus
290 3858 327 3902 ac
351 3839 460 3921 glorie
482 3840 651 3921 adoptiva;
666 3841 751 3922 quod
775 3840 892 3905 visioni
947 3857 1009 3919 qua
1023 3838 1111 3901 facili
1126 3837 1294 3901 occasione
1316 3846 1347 3900 et
1366 3837 1428 3901 levi
1448 3857 1596 3901 excausa
1615 3840 1697 3903 cele-

144 3946 174 4001 et
194 3936 343 4001 fruitioni
366 3937 534 4001 Beatorum
555 3957 619 4001 non
644 3940 805 4020 convenit,
823 3958 893 4021 que
947 3938 1039 4000 brare
1053 3937 1213 4015 omittunt,
1231 3937 1369 4017 quodam
1390 3936 1523 4019 palliant
1541 3937 1696 4001 virtutum

145 4038 246 4100 solum
275 4044 325 4099 est
353 4036 531 4119 premium,
556 4056 621 4100 non
649 4037 810 4116 meritum,
837 4038 893 4100 sed
949 4036 1066 4114 colore,
1087 4035 1177 4118 quasi
1203 4054 1241 4098 ex
1263 4034 1442 4099 bumilitate
1463 4044 1495 4099 et
1519 4038 1697 4101 reverentia

145 4135 220 4199 linis
255 4143 289 4199 ct
317 4134 483 4198 retributio
516 4136 660 4199 omnium
694 4136 890 4201 meritorum.
947 4135 1026 4198 tanti
1041 4134 1228 4197 sacramenti
1244 4153 1262 4196 a
1277 4134 1490 4196 celebratione
1505 4134 1694 4199 abstineant.

145 4234 268 4297 Etenim
284 4233 318 4295 in
332 4234 393 4297 boc
412 4242 611 4297 sacramento
626 4233 709 4297 fides
729 4235 893 4316 potissime
908 4237 934 4299 l)
947 4232 1036 4307 Quod
1060 4232 1086 4293 si
1109 4232 1152 4293 ita
1176 4238 1271 4308 esset,
1292 4250 1352 4293 neo
1377 4232 1411 4293 in
1434 4232 1549 4295 ceteris
1574 4234 1698 4298 actibus

145 4332 238 4395 babet
262 4332 382 4395 locum.
397 4331 435 4393 Et
456 4330 517 4393 ista
538 4332 721 4395 communio
743 4331 893 4413 figuratio
949 4330 1052 4392 cultus
1075 4328 1176 4391 divini
1201 4336 1264 4391 tam
1295 4328 1508 4393 irreverenter
1532 4340 1563 4394 et
1592 4334 1698 4415 tepide

146 4439 176 4493 ct
190 4430 353 4494 inoboatio
367 4449 405 4493 ac
425 4429 602 4513 prelibatio
616 4439 664 4494 est
678 4431 792 4493 future
807 4429 893 4493 illius
949 4447 983 4489 ae
1007 4427 1159 4489 auderent
1185 4427 1312 4491 babere.
1339 4427 1423 4489 Talis
1448 4446 1575 4510 quoque
1599 4431 1699 4512 negli-

145 4528 337 4592 beatissime
360 4528 556 4608 refectionis,
572 4527 823 4592 deliciosissime
848 4529 895 4592 vi·
948 4526 1056 4608 gentia
1070 4533 1102 4588 et
1117 4526 1221 4589 cordis
1240 4524 1389 4608 tepiditas
1405 4524 1496 4589 valde
1515 4527 1699 4591 indecentes

145 4626 253 4703 sionis,
292 4625 586 4706 supersuavissime
621 4624 783 4687 fruitionis
817 4626 894 4688 San·
948 4634 1043 4706 atque
1067 4624 1187 4687 illicite
1212 4632 1286 4685 sunt
1310 4623 1398 4687 omni
1422 4624 1584 4707 religioso,
1600 4644 1698 4707 quum

145 4732 266 4787 ctorum
291 4722 325 4784 in
351 4722 444 4786 coelo.
464 4723 503 4785 Et
528 4731 647 4804 quanto
674 4741 761 4785 nunc
787 4732 894 4787 mente
949 4732 1048 4787 status
1077 4722 1241 4805 religionis
1277 4722 1319 4785 sit
1347 4730 1446 4785 statua
1480 4723 1697 4807 perfectionis,

144 4822 275 4902 puriori,
312 4821 380 4884 fide
414 4820 565 4903 firmiori,
594 4821 716 4885 affectu
751 4821 893 4886 calidiori
949 4822 1060 4885 saltem
1088 4821 1288 4903 acquirendae
1312 4843 1319 4881 ε
1343 4828 1473 4903 propter
1506 4824 1591 4903 quod
1627 4824 1700 4887 reli-

144 4920 302 4984 Cbristum
323 4920 423 4983 Deum
448 4939 485 4983 ac
509 4919 673 4984 bominem
699 4922 732 4983 in
757 4923 817 4984 hoo
845 4942 894 4983 sa·
947 4920 1029 5003 giesi
1045 4940 1083 4983 ex
1098 4940 1154 4982 sua
1168 4919 1334 4983 vocatione
1349 4927 1381 4982 et
1395 4919 1591 5001 professione
1606 4923 1698 4987 valde

146 5027 309 5083 eramento
332 5019 537 5101 suscipimus,
561 5038 599 5083 eo
621 5020 654 5081 in
676 5019 821 5101 paradiso
842 5039 894 5081 su·
948 5026 1097 5082 tenentur
1120 5016 1276 5100 profectui
1303 5017 1459 5099 spirituali
1489 5038 1526 5081 ac
1556 5021 1698 5083 caritatis

146 5136 244 5199 perno
274 5117 347 5197 ejus
376 5118 538 5198 deitatem,
564 5117 628 5181 imo
656 5126 688 5180 et
717 5125 813 5180 totam
842 5138 894 5179 su·
948 5116 1067 5180 fervori
1096 5116 1233 5194 studere,
1262 5122 1294 5179 et
1322 5116 1364 5179 ita
1392 5117 1518 5180 assidue
1547 5136 1637 5181 orare
1666 5127 1699 5181 et

147 5215 467 5297 pergloriosissimam
491 5216 686 5296 Trinitatem,
712 5216 892 5298 posthanc
948 5215 1109 5278 celebrare
1145 5232 1203 5296 pro
1231 5214 1281 5275 bis
1316 5232 1451 5295 quorum
1486 5216 1697 5302 eleemosynis

147 5313 297 5377 miseram
321 5322 353 5377 et
377 5313 519 5378 exsulem
542 5314 641 5378 vitam
661 5312 835 5397 iucundius
855 5332 892 5378 ao
949 5318 1175 5375 sustententur.
