4309 6259
457 504 499 553 nr
518 502 609 553 ooms
630 504 763 553 srrxrrns
785 504 904 569 surturi,
926 506 1102 555 rnxcrxrns
1124 506 1163 555 ιν.
1186 524 1226 537 -
1246 506 1372 555 annum
1392 508 1412 553 v
1646 486 1707 551 att?

165 672 300 735 cundum
327 671 496 737 Maiorem
524 673 620 737 istum
648 674 813 751 inductum
843 682 903 738 ost.
918 674 944 737 Α
960 694 1069 739 mmur
1093 676 1195 753 bene;
1213 674 1313 739 'donis
1338 674 1473 739 faciliter
1495 678 1526 739 et
1550 674 1705 755 expedite

164 771 193 833 Si
215 770 286 850 quis
309 788 387 833 vem
409 771 469 835 ista
489 771 659 853 diligenter
679 772 836 854 inspiciat,
858 774 906 835 vi·
958 774 1155 855 expeditione
1170 792 1241 855 que
1256 774 1341 836 venit
1356 791 1420 836 non
1436 773 1540 836 solum
1561 792 1598 835 ex
1618 790 1709 834 sana-

163 868 245 930 debit
272 868 451 932 doctrinam
474 869 703 933 bonaventurae
727 889 801 932 curn
827 890 906 953 prae-
958 871 1043 934 tione
1054 872 1338 953 potentiarum,sed
1351 870 1454 953 potius
1466 890 1503 934 ex
1515 869 1709 952 perfectione

163 963 272 1027 babitis
286 965 487 1029 documentis
501 965 621 1030 ailberti
636 968 841 1030 concordare.
958 968 1144 1045 habituum,
1170 968 1415 1033 beatitudinibus
1445 986 1615 1051 operamur
1639 986 1710 1048 per-

958 1064 1053 1143 fecte,
1085 1064 1240 1130 fructibus
1270 1085 1345 1129 vero
1373 1066 1525 1147 jucunde.
1553 1100 1595 1113 -
1620 1064 1710 1127 Reci-

401 1183 584 1248 ADDpp10
614 1184 655 1247 v,
960 1163 1054 1225 tative
1082 1164 1148 1226 brec
1178 1164 1293 1241 scribo,
1325 1182 1387 1227 non
1417 1164 1568 1227 assertive
1600 1186 1608 1225 ε
1635 1162 1710 1243 quia

959 1259 1083 1323 fortiter
1104 1270 1197 1343 atquc
1216 1260 1352 1327 faciliter
1372 1270 1501 1343 possent
1525 1261 1633 1343 utique
1652 1260 1711 1323 im-

219 1352 341 1419 OSSEM
364 1356 425 1421 boc
454 1356 526 1420 loco
553 1358 654 1421 multa
677 1358 716 1420 de
740 1358 832 1422 donis
856 1377 907 1421 se·
961 1359 1105 1439 pugnari.
1127 1360 1252 1422 Certum
1272 1368 1320 1423 est
1342 1360 1438 1438 enim,
1460 1359 1544 1441 quod
1569 1360 1710 1440 ipsarum

235 1454 374 1517 cundum
398 1454 524 1518 Petrum
546 1457 586 1518 de
605 1456 787 1519 Tarantasia
809 1476 905 1538 super
959 1475 1086 1538 quoque
1108 1458 1259 1521 virtutum
1280 1466 1343 1521 tres
1363 1466 1437 1520 sunt
1456 1458 1593 1539 gradus3
1610 1464 1641 1519 et
1663 1476 1712 1519 se-

161 1552 284 1614 tertinm
310 1552 546 1617 Sententiarum
569 1554 729 1632 inserere,
750 1556 805 1617 sed
830 1556 905 1635 quia
960 1556 1101 1618 cundum
1117 1557 1174 1619 bos
1196 1558 1312 1639 gradus
1327 1556 1521 1620 conveniunt
1543 1555 1711 1618 virtutibus

161 1650 388 1715 sententialiter
406 1652 512 1715 babita
533 1660 618 1732 sunt,
635 1652 834 1735 superfluum
856 1673 906 1716 es·
960 1661 1050 1716 actus
1065 1654 1166 1735 magis
1182 1662 1214 1717 et
1229 1655 1334 1717 minus
1357 1652 1559 1731 excellentes,
1575 1652 1711 1733 quinon

161 1758 205 1811 set
225 1771 234 1809 z
256 1748 412 1829 siquidem
436 1750 508 1832 ejus
532 1751 676 1816 doctrina
699 1752 732 1814 in
755 1751 817 1814 ista
839 1770 906 1814 ma·
961 1761 1035 1815 sunt
1062 1754 1170 1835 specie
1199 1752 1395 1830 differentes,
1427 1752 1500 1833 quia
1529 1752 1561 1813 in
1597 1750 1711 1814 talibus

160 1846 234 1908 teria
250 1864 324 1909 curn
338 1848 542 1929 praeinductis
555 1850 675 1913 Alberti
690 1870 728 1914 ac
742 1850 943 1916 Bonaven-ll
961 1850 1062 1931 magis
1087 1858 1119 1911 et
1140 1850 1244 1912 minus
1267 1867 1330 1912 non
1357 1849 1479 1911 variant
1502 1848 1654 1929 speciem,
1678 1856 1712 1910 ut

159 1952 232 2007 turae
249 1947 450 2010 documentis
464 1948 600 2011 multum
616 1949 798 2013 concordat.
961 1966 1074 2011 omnes
1090 1946 1250 2025 fatentur3
1267 1955 1360 2028 atque
1376 1946 1552 2009 secundum
1568 1946 1625 2008 bos
1641 1964 1711 2027 gra-

52 2064 57 2073 ·
126 2077 146 2105 τ,
195 2043 304 2125 ltaque
333 2044 366 2105 in
395 2045 511 2128 primis
542 2046 685 2110 affirmat
718 2056 751 2111 et
779 2048 903 2131 probat,
961 2047 1021 2108 dus
1048 2045 1221 2125 triformes,
1249 2046 1427 2127 assignatur
1455 2044 1569 2127 triplex
1597 2044 1711 2127 gradus

158 2142 237 2221 quod
257 2142 556 2207 donaavirtutibus
570 2144 697 2208 realiter
710 2146 907 2228 distinguun·
960 2144 1100 2226 justitie.
1123 2146 1236 2226 Sicque
1261 2164 1318 2227 per
1341 2146 1473 2207 virtutes
1497 2151 1650 2225 quantum
1672 2143 1712 2205 ad
1830 2172 1834 2188 ·

159 2246 216 2319 tur,
231 2242 372 2321 eoquod
387 2243 532 2323 quiedam
546 2252 620 2306 sunt
634 2243 718 2307 dona
732 2263 802 2326 quie
816 2245 906 2307 nullo
962 2244 1079 2326 gradus
1101 2243 1347 2326 proficientium,
1365 2260 1535 2324 operamur
1556 2241 1710 2317 faciliter3

158 2339 253 2401 modo
276 2339 410 2403 virtutes
434 2349 519 2419 sunt,
540 2350 576 2405 nt
599 2342 693 2405 timor
715 2350 810 2424 atque
831 2362 908 2405 con·
962 2349 995 2403 et
1010 2360 1067 2423 per
1081 2342 1207 2405 easdem
1229 2341 1333 2422 quoad
1348 2348 1463 2403 statum
1485 2338 1710 2420 perfectorum,

158 2435 277 2499 silium.
301 2436 408 2516 Porro,
435 2447 471 2501 ut
497 2440 553 2517 ait,
578 2438 794 2503 differentiam
823 2440 907 2503 inter
962 2458 1132 2521 operamur
1154 2438 1316 2522 perfecte;
1343 2458 1402 2501 nec
1432 2437 1535 2500 solum
1564 2438 1596 2498 in
1622 2437 1713 2499 tertio

158 2534 289 2597 vimutes
305 2544 337 2598 et
349 2537 432 2600 dona
447 2536 656 2601 diversimode
676 2538 839 2620 assignant
852 2538 907 2619 qui
963 2538 1063 2619 gradu
1076 2536 1270 2600 admiscetur
1284 2536 1452 2599 virtutibus
1463 2534 1641 2613 delectatio,
1650 2534 1713 2598 imo

160 2651 195 2697 ea
218 2633 348 2697 realiter
368 2634 410 2697 ab
434 2634 572 2699 invicem
596 2634 728 2699 differre
753 2636 904 2700 fatentur.
963 2637 1058 2698 etiam
1081 2634 1113 2697 in
1136 2635 1290 2697 secundo.

158 2729 233 2793 Nam
258 2732 391 2812 quidam
413 2750 524 2797 eorum
546 2742 714 2812 testantur,
736 2736 822 2815 quod
848 2754 906 2817 per
1002 2734 1143 2814 Denique
1172 2732 1282 2797 Petrus
1311 2732 1369 2795 iste
1400 2741 1496 2811 tenet,
1527 2732 1612 2813 quod
1642 2732 1713 2794 bea-

158 2828 216 2891 boc
239 2829 491 2911 distinguuntur,
512 2832 587 2913 quia
612 2832 745 2895 virtutes
770 2840 908 2915 purgant
964 2832 1112 2895 titudines
1127 2840 1201 2893 sunt
1223 2830 1368 2909 babitus;
1385 2838 1416 2893 et
1436 2830 1469 2891 in
1491 2830 1550 2892 boc
1570 2829 1713 2909 sequitur
1733 2840 1751 2883 .’

159 2928 298 3007 avitiis,
315 2929 398 2992 dona
418 2948 438 2991 a
460 2930 597 3011 sequelis
619 2950 675 2993 seo
699 2930 841 3012 reliquiis
863 2931 909 2994 vi-
962 2931 1137 2993 Albertum.
1164 2930 1225 2993 Sed
1252 2928 1444 3012 probabilius
1462 2928 1603 3011 ¹arbitror
1627 2928 1712 3007 quod

159 3024 285 3089 tiorum.
312 3025 372 3089 Sed
395 3028 457 3090 boc
481 3028 650 3109 impmbat,
674 3028 750 3109 quia
774 3026 944 3093 virtutesfl
963 3029 1074 3093 asserit
1098 3028 1247 3109 l'bomas,
1273 3028 1483 3091 beatitudines
1508 3044 1577 3089 esse
1602 3044 1715 3108 opera·

158 3122 364 3204 inquantum
383 3134 456 3187 sunt
474 3125 600 3189 babitus
619 3126 750 3189 virtuosi
770 3136 908 3209 purgant
963 3128 1064 3191 tiones
1087 3127 1251 3207 virtutum,
1275 3145 1338 3189 non
1361 3125 1486 3189 babitus
1509 3148 1516 3187 ι
1539 3123 1713 3207 presertim

157 3221 296 3299 avitiis,
323 3241 380 3304 per
407 3229 497 3286 actus
521 3242 648 3305 quoque
672 3243 746 3288 suos
771 3233 909 3307 purgant
962 3222 1057 3285 etiam
1072 3240 1171 3303 quum
1190 3221 1279 3302 juxta
1299 3219 1535 3302 Philosophum,
1553 3218 1713 3282 beatitudo

157 3338 175 3381 a
197 3320 348 3383 vitiorum
372 3320 510 3401 sequelis
531 3345 540 3382 ε
561 3330 593 3384 et
616 3322 677 3385 boc
701 3341 765 3387 non
790 3324 904 3402 subito,
962 3320 994 3381 in
1008 3319 1192 3401 operatione
1208 3318 1370 3397 consistat,
1388 3336 1451 3381 non
1467 3318 1499 3378 in
1514 3316 1715 3393 babitn;est·

158 3418 212 3481 sed
235 3418 431 3482 successive.
452 3418 513 3481 Alii
537 3438 612 3503 ergo
635 3420 795 3500 dixerunt,
822 3423 906 3503 quod
962 3435 1024 3497 quc
1045 3433 1109 3477 non
1133 3415 1270 3491 babitus,
1287 3414 1342 3477 sed
1364 3412 1504 3494 operatio
1526 3412 1645 3494 optima
1666 3411 1714 3473 di-

156 3516 290 3579 virtutes
306 3518 433 3580 suntad
447 3518 529 3581 bene
543 3520 738 3600 operandum
754 3538 812 3603 pro
823 3519 908 3582 Cbri·
962 3513 1121 3595 guissimas
1141 3512 1288 3593 potentie
1308 3511 1392 3573 eirca
1406 3510 1561 3593 optimum
1576 3518 1608 3571 et
1621 3508 1714 3573 nobi·

157 3621 216 3692 sto,
239 3615 327 3677 dona
356 3624 462 3679 autem
485 3617 525 3679 ad
549 3616 734 3699 patiendum
760 3617 908 3699 exemplo
963 3610 1119 3673 lissimum
1138 3609 1311 3691 objectum.
1329 3607 1491 3671 Beatitudo
1509 3625 1648 3687 namque
1663 3614 1712 3669 est

158 3708 283 3774 Cbristi.
316 3712 403 3785 Quod
431 3711 528 3775 etiam
557 3713 726 3795 improbat,
756 3714 907 3796 quoniam
963 3710 1074 3772 ultima
1103 3708 1148 3771 rei
1177 3706 1330 3789 perfectio
1354 3714 1386 3769 et
1409 3705 1483 3768 finis
1507 3704 1619 3787 ipsius.
1645 3705 1710 3768 lloc

158 3807 326 3891 sapientia,
346 3809 537 3891 intellectus,
560 3810 705 3891 seientia,
726 3812 905 3891 consilium,
964 3816 1069 3871 autem
1098 3824 1162 3869 non
1193 3804 1312 3868 habitui
1342 3804 1397 3867 sed
1430 3804 1515 3867 actui
1548 3802 1709 3884 competit,

158 3906 269 3986 pietas,
297 3926 362 3970 non
390 3916 466 3970 sont
493 3910 533 3971 ad
561 3909 757 3992 patiendum,
783 3911 838 3973 sed
867 3913 907 3975 ad
963 3924 1062 3987 quum
1079 3904 1205 3967 babitus
1221 3902 1383 3966 ordinetur
1398 3900 1437 3964 ad
1452 3910 1570 3964 aetum.

158 4006 330 4085 agendum.
346 4004 425 4069 llinc
445 4006 533 4068 addit
549 4030 557 4069 :
574 4008 747 4071 Dicendum
762 4017 812 4071 est
832 4028 908 4092 ergo
1005 4004 1065 4067 Sed
1086 4010 1196 4067 contra
1215 4000 1281 4063 baec
1301 3998 1412 4081 objicit
1430 3999 1550 4077 Petrus,
1572 3998 1681 4061 dicens
1703 4020 1710 4061 :

159 4121 229 4164 curn
244 4102 330 4181 aliis,
346 4104 431 4185 quod
453 4104 585 4169 virtutes
602 4116 635 4169 et
650 4107 733 4170 dona
753 4106 910 4170 differunt
965 4102 997 4165 Si
1021 4100 1230 4164 beatitudines
1254 4107 1355 4177 actus,
1382 4116 1445 4162 non
1472 4097 1597 4160 babitus
1627 4104 1712 4177 sunt,

158 4218 255 4281 penes
285 4209 378 4265 aetus
406 4203 509 4285 magis
532 4213 566 4267 et
587 4204 693 4268 minus
716 4205 909 4269 excellentes
924 4212 949 4275 Ι)
964 4200 1123 4282 quomodo
1138 4198 1171 4260 in
1186 4196 1414 4261 dormientibus
1430 4199 1519 4259 suntl
1530 4230 1570 4242 —
1583 4195 1711 4275 lterum,

159 4299 197 4362 ad
220 4318 303 4381 quos
332 4301 449 4363 dantur
476 4324 484 4361 :
510 4302 587 4382 quia
610 4304 772 4384 quamsit
796 4303 910 4386 triplex
964 4299 1108 4380 quedam
1124 4304 1199 4359 sunt
1213 4295 1434 4373 beatitudines,
1452 4302 1559 4377 utpote
1580 4312 1714 4377 pauper-

160 4406 259 4461 status
292 4398 435 4480 justitie,
466 4398 622 4463 inchoate
650 4410 682 4463 et
714 4401 910 4483 pmficientis
963 4408 1011 4463 tas
1026 4407 1058 4462 et
1073 4415 1222 4479 pemque
1237 4414 1300 4460 non
1312 4395 1459 4458 videntur
1473 4394 1578 4457 dicere
1592 4402 1710 4473 actum,

160 4514 196 4559 ac
210 4496 375 4579 perfecte,
391 4498 523 4561 virtutes
537 4517 595 4580 per
609 4518 643 4562 se
657 4498 779 4563 faciunt
793 4509 909 4563 statum
965 4497 1019 4561 sed
1040 4495 1195 4559 habitum.

160 4594 312 4674 primum,
338 4614 413 4658 cnm
436 4596 594 4678 adjutorio
617 4606 724 4661 autem
753 4600 909 4663 donorum
1005 4595 1065 4658 Sed
1087 4594 1126 4657 ad
1148 4593 1215 4656 baec
1238 4591 1428 4673 respondere
1449 4607 1513 4654 non
1533 4596 1633 4652 exstat
1651 4585 1712 4651 dif-

159 4692 284 4755 faeiunt
321 4702 437 4757 statum
467 4695 620 4773 medium,
650 4715 724 4759 cum
752 4696 910 4778 adjutorio
964 4693 1062 4757 frcile.
1085 4692 1172 4755 Unde
1196 4690 1234 4753 ad
1260 4689 1397 4771 primum
1421 4687 1602 4765 dicendum,
1625 4688 1709 4769 qnod

160 4790 393 4855 beatitudinum
417 4792 539 4855 faciunt
560 4793 700 4872 tertium,
723 4795 775 4857 cui
798 4794 912 4875 adjun-
965 4790 1174 4857 beatitudines
1203 4788 1235 4850 in
1265 4786 1493 4850 dormientibus
1523 4794 1651 4848 manent
1679 4795 1712 4850 et

160 4888 243 4970 gitur
266 4890 450 4971 jucunditas
479 4900 511 4954 et
539 4891 706 4956 delectatio
735 4892 908 4956 fructuum.
966 4898 1039 4953 sunt
1053 4898 1203 4968 tanquam
1220 4886 1252 4948 in
1274 4884 1378 4948 radice
1400 4884 1536 4947 fecunda
1557 4892 1589 4946 et
1607 4884 1712 4967 dispo-

161 4987 300 5051 l'irtutes
315 4990 442 5052 suntad
456 4998 546 5052 actus
561 4990 680 5072 primos
701 4991 909 5070 necessarios,
965 4988 1078 5051 sitione
1100 4984 1287 5068 propinqua,
1304 4982 1368 5047 imo
1389 4990 1421 5045 et
1441 4982 1593 5064 proxima.
1609 4982 1710 5045 -Ad

161 5085 244 5148 dona
273 5087 316 5149 ad
344 5095 434 5149 actus
467 5088 600 5166 medios,
631 5088 841 5153 beatitudines
870 5093 910 5153 ad
966 5088 1052 5150 alind
1081 5085 1154 5148 dico
1183 5102 1255 5147 cum
1284 5083 1414 5161 l'boma,
1445 5081 1529 5162 quod
1559 5098 1619 5163 pax
1646 5099 1711 5144 non
1734 5104 1857 5151 summu.

67 5166 78 5187 ’
161 5192 250 5245 actus
281 5183 452 5266 perfectos,
482 5203 563 5266 quos
591 5196 831 5267 consequuntur
857 5188 912 5251 de-
967 5186 1043 5249 dicit
1065 5184 1220 5260 babitnm,
1246 5201 1305 5245 nec
1335 5189 1384 5245 est
1408 5181 1517 5258 virtus,
1543 5180 1599 5242 sed
1623 5188 1712 5243 actus
1726 5172 1859 5284 aaa]

162 5280 350 5348 lactationes
366 5282 539 5347 fruetuum.
556 5284 644 5347 Unde
659 5284 827 5349 virtutibus
841 5304 913 5368 ope
968 5304 1025 5348 seu
1048 5282 1184 5346 effectus
1208 5279 1318 5363 ipsius.
1343 5279 1410 5344 lmo
1434 5278 1644 5342 communiter
1668 5279 1714 5341 di-

287 5412 323 5468 Τ.
338 5418 378 5467 35.
1561 5416 1590 5465 17
