4309 6259
497 505 536 551 aa
557 505 648 553 aoms
668 506 802 552 srmrras
823 502 944 566 sancrr,
965 504 1141 553 mscrarus
1163 507 1202 553 rr.
1226 526 1267 537 -
1287 506 1413 555 anama
1434 508 1464 553 rr
1701 489 1761 553 aot

204 680 275 735 tum
298 691 362 736 non
388 674 491 737 solum
517 676 692 739 secundnm
716 674 859 757 pmprias
883 692 958 737 con·
972 676 996 737 A
1011 694 1074 756 que
1090 684 1193 740 ortum
1209 696 1228 739 a
1242 677 1325 740 dono
1346 675 1452 759 gratias
1469 698 1476 737 ε
1493 682 1526 739 et
1539 675 1606 739 baec
1627 674 1760 739 seientia

201 771 352 848 ditiones,
376 772 432 835 scd
461 772 557 835 etiam
582 774 757 836 secundum
785 772 957 854 proprieta-
1010 782 1059 835 est
1087 776 1205 838 donum
1236 776 1368 857 Spiritus
1397 774 1525 852 Sancti3
1555 774 1648 855 cujus
1684 774 1759 837 doni

202 876 253 931 tes
276 877 491 932 creaturarum
514 872 696 934 attenditur.
721 875 818 934 dctus
846 879 951 934 autem
1009 880 1099 935 actus
1128 880 1176 935 est
1204 874 1338 955 dirigere
1367 875 1406 936 ad
1435 874 1558 954 agenda
1583 872 1758 935 secundum

202 967 318 1047 ipsius,
329 976 378 1030 est
392 976 427 1030 ut
441 968 546 1051 ipsum
562 989 672 1033 vemm
688 969 844 1032 creditum
859 970 954 1032 devo-
1009 970 1199 1052 exigentiam
1216 970 1332 1053 regulae
1347 970 1433 1051 lidei,
1450 970 1542 1052 cujus
1557 977 1607 1033 est
1620 970 1757 1051 dirigere

202 1066 269 1127 tius
293 1074 386 1147 atque
410 1066 573 1129 ardentius
596 1067 754 1149 diligatur.
771 1066 809 1128 Et
834 1067 877 1128 ita
899 1067 955 1129 do-
1009 1068 1048 1129 ad
1077 1088 1174 1151 opera
1204 1069 1440 1147 misericordie,
1471 1078 1506 1131 ut
1540 1087 1604 1132 non
1635 1076 1757 1131 tantum

201 1182 283 1225 num
299 1163 477 1227 intellectus
492 1165 638 1228 consistit
660 1166 692 1227 in
713 1164 855 1228 rationali
878 1184 954 1228 con·
1009 1166 1092 1229 bona
1118 1186 1174 1249 pro
1198 1167 1290 1230 bonis
1312 1168 1433 1245 reddat,
1454 1176 1489 1230 ut
1512 1167 1609 1229 dietat
1633 1166 1681 1229 lex
1703 1186 1759 1228 na·

202 1262 408 1343 temptatione
432 1262 587 1326 Creatoris
611 1263 848 1346 spiritualisque
870 1282 953 1325 crea·
1009 1272 1098 1343 turae,
1115 1266 1169 1329 sed
1189 1266 1285 1329 etiam
1308 1267 1390 1329 bona
1409 1283 1466 1347 pro
1486 1266 1591 1344 malis,
1607 1274 1642 1327 ut
1660 1266 1759 1327 dictat
1779 1284 1867 1330 narrt.
1884 1300 1905 1337 v.

204 1369 293 1423 turae.
320 1360 399 1423 ilinc
423 1362 602 1426 Bernartius
625 1362 807 1444 appropriat
830 1362 949 1424 donum
1008 1362 1058 1425 lex
1087 1364 1205 1444 gratias,
1232 1364 1270 1426 ad
1296 1363 1458 1446 exenrplar
1484 1364 1609 1427 Christi.
1637 1362 1756 1425 idcireo
1775 1350 1904 1463 affl:

200 1458 385 1522 intellectus
400 1457 487 1539 lidci,
504 1461 668 1523 etdonum
691 1460 852 1541 sapientire
873 1460 953 1523 cari·
1007 1461 1046 1522 ad
1075 1462 1194 1525 donum
1223 1461 1364 1524 scientiae
1393 1463 1530 1545 pertinet
1557 1480 1621 1525 non
1651 1460 1754 1525 solum
1778 1474 1832 1516 uu
1846 1486 1892 1530 aq.

201 1558 269 1620 tati.
295 1594 336 1604 -
360 1558 392 1621 Si
422 1567 528 1621 autem
558 1558 736 1638 objiciatur,
761 1560 847 1639 quod
876 1577 952 1622 coa·
1006 1559 1141 1641 dirigere
1170 1560 1202 1621 in
1231 1561 1373 1642 agendis,
1406 1562 1460 1624 sed
1490 1561 1585 1623 etiam
1614 1580 1652 1624 ex
1680 1579 1755 1623 con·

199 1656 297 1737 tingit
320 1656 353 1718 in
378 1656 583 1719 sensibilibus
607 1656 708 1719 ileum
734 1675 949 1739 cognoscere3
1006 1658 1150 1738 sequenti
1166 1676 1259 1722 nosse
1275 1677 1312 1721 ea
1327 1678 1397 1739 quae
1413 1658 1486 1722 lidei
1502 1668 1587 1739 sunt,
1605 1666 1754 1740 tanquam

201 1754 565 1835 respondendum,quod
581 1754 656 1836 quia
670 1756 709 1817 ad
724 1756 844 1817 donum
858 1755 951 1816 intel·
1006 1775 1071 1817 suaa
1085 1756 1267 1821 directionis
1282 1756 1499 1837 fundamenta,
1516 1758 1655 1839 itemque
1670 1756 1757 1818 Chri-

200 1851 305 1914 lectus
341 1851 477 1932 pertinet
512 1852 737 1933 contemplatio
773 1852 888 1915 clarior
919 1860 951 1916 et
969 1850 1046 1916 Bsti
1075 1854 1315 1935 humanitatem,
1343 1864 1492 1938 tanquam
1521 1856 1681 1937 exemplar
1705 1854 1754 1917 sui

199 1948 407 2013 excellentior
424 1968 520 2030 quam
545 1951 586 2012 sit
609 1950 746 2031 cognitio
771 1950 858 2031 ndei,
874 1952 959 2013 hinc·
1006 1952 1182 2033 regiminis.
1209 1954 1323 2035 Sicque
1353 1952 1464 2036 triplex
1492 1962 1581 2017 actus
1606 1953 1756 2017 convenit

199 2049 241 2111 ad
256 2049 377 2113 donum
392 2048 474 2111 istud
490 2049 625 2129 pertinet
640 2049 739 2111 Deum
754 2051 951 2131 contempla·
1005 2050 1079 2112 huic
1109 2052 1193 2114 dono
1223 2053 1397 2115 seeundum
1428 2052 1585 2135 triplicem
1610 2053 1681 2133 ejus
1708 2071 1756 2115 re-

200 2146 240 2224 ri,
257 2166 321 2209 non
336 2146 369 2207 in
383 2146 608 2228 qualicumque
622 2155 777 2226 creatura,
795 2148 898 2209 sedin
913 2168 951 2210 ea
1006 2158 1150 2229 spectum
1173 2173 1180 2211 z
1202 2168 1284 2213 unus
1307 2150 1455 2213 videlicet
1475 2158 1619 2233 respectu
1638 2148 1756 2232 objecti

198 2244 234 2308 in
250 2264 314 2326 qua
333 2245 439 2325 imago
452 2252 485 2307 et
499 2244 672 2308 similitudo
691 2245 746 2309 Dei
767 2246 883 2309 clarius
903 2266 952 2309 re-
1006 2247 1054 2309 sui
1076 2248 1197 2322 motivi,
1220 2248 1378 2312 secundus
1399 2257 1545 2331 respectu
1571 2248 1619 2311 sui
1643 2248 1755 2312 lunda-

200 2343 287 2406 luaet
309 2366 316 2404 :
343 2342 376 2405 in
401 2342 535 2424 vestigio
554 2351 659 2405 autem
678 2344 761 2407 Deus
784 2344 951 2408 obscurius
1006 2344 1116 2421 menti,
1135 2345 1244 2408 tertius
1260 2354 1406 2427 respectu
1428 2346 1476 2409 sui
1493 2346 1681 2429 exemplaris
1702 2366 1755 2409 ex-

199 2441 414 2523 cognoscitur.
434 2476 476 2487 -
493 2440 599 2519 Porro,
616 2442 643 2504 si
669 2462 779 2505 rursus
804 2444 947 2525 objicias,
1006 2442 1137 2505 citativi.
1158 2442 1196 2505 Et
1213 2444 1363 2525 quoniam
1385 2444 1569 2527 principalis
1590 2452 1680 2507 actus
1704 2462 1757 2507 ac·

197 2540 286 2619 quod
310 2538 491 2602 intellectus
515 2540 679 2621 cognoscit
702 2560 760 2622 per
782 2542 948 2623 speculum
1006 2540 1121 2620 cipitur
1150 2550 1295 2624 respectu
1318 2541 1448 2623 objecti,
1475 2542 1549 2606 hinc
1575 2542 1753 2624 precipuus

197 2638 232 2699 in
247 2637 435 2719 aenigmate3
452 2638 721 2719 respondendum,
737 2641 823 2719 quod
842 2639 875 2701 in
896 2640 949 2705 illa
1005 2638 1076 2718 ejus
1096 2646 1184 2701 actus
1204 2648 1252 2701 est
1270 2638 1403 2721 dirigere
1424 2640 1507 2704 cirea
1529 2641 1698 2720 actionem,
1719 2648 1755 2702 ut

197 2735 381 2817 cognitione
403 2736 524 2799 diversi
547 2744 622 2799 sunt
644 2738 771 2818 gradm,
795 2738 839 2801 ita
863 2739 948 2819 quod
1004 2736 1116 2798 asserit
1136 2738 1330 2819 Augustinus
1351 2762 1358 2799 ε
1380 2739 1530 2819 quoniam
1554 2741 1647 2803 docet
1671 2739 1752 2802 bene

197 2834 434 2915 comparatione
453 2834 631 2916 aenigmatis
650 2835 741 2917 lidei,
760 2836 881 2900 donum
901 2837 948 2898 in·
1004 2836 1184 2898 conversari
1204 2836 1237 2897 in
1257 2837 1360 2899 medio
1380 2838 1516 2901 nationis
1536 2857 1639 2919 pravae
1658 2847 1753 2919 atque
1767 2863 1900 2921 Philippa,

196 2931 344 2995 tellectus
357 2933 447 3013 quasi
463 2932 532 2995 sine
546 2933 712 3014 enigmate
727 2934 882 2997 intuetur.
1004 2951 1170 3013 perverse.
1195 2968 1235 2980 -
1256 2935 1363 3017 ltaque
1386 2936 1553 3017 prudentia
1577 2936 1683 3017 dirigit
1705 2956 1753 2999 se·
1768 2928 1800 2969 ¹⁵·

236 3034 277 3092 Aa
292 3050 365 3095 vero
381 3032 466 3093 circa
484 3031 604 3093 donum
619 3034 764 3093 scientim
782 3033 984 3099 advertent}
1004 3031 1144 3093 cundum
1174 3032 1331 3115 principia
1358 3034 1438 3116 juris
1466 3035 1618 3099 naturalis
1645 3036 1684 3097 ad
1715 3054 1752 3097 ea

195 3130 285 3209 dum,
309 3130 394 3210 qaod
423 3129 563 3192 scientias
591 3129 786 3212 quadmplex
815 3139 863 3193 est
886 3130 948 3193 dil·
1002 3148 1073 3210 quae
1103 3138 1177 3193 sunt
1205 3131 1348 3209 honesta,
1381 3135 1436 3196 sed
1466 3134 1584 3197 donum
1614 3132 1752 3196 scientim

195 3226 341 3291 ferentia.
362 3227 509 3302 Quaedam
530 3228 616 3291 enim
637 3228 782 3291 consistit
801 3229 835 3292 in
856 3229 949 3293 intel·
1002 3226 1110 3308 dirigit
1131 3248 1188 3310 per
1210 3229 1367 3313 principia
1389 3230 1465 3293 fidei
1490 3251 1527 3297 ac
1550 3232 1630 3313 juris
1651 3230 1751 3294 divini

194 3325 282 3389 lectu
316 3344 394 3407 pure
424 3325 641 3407 speculativ03
669 3335 781 3408 estque
815 3327 948 3390 lundata
1002 3325 1041 3386 ad
1067 3345 1104 3388 ea
1128 3344 1198 3407 qum
1228 3335 1337 3391 sancta
1362 3336 1436 3391 sunt
1459 3353 1466 3391 :
1490 3330 1561 3393 ideo
1586 3329 1679 3393 altior
1702 3337 1751 3393 est

194 3442 293 3506 super
307 3423 461 3507 principia
475 3424 616 3503 rationis,
632 3433 664 3487 et
685 3424 801 3488 dicitur
815 3426 946 3489 scientia
1002 3430 1091 3485 aetus
1107 3423 1203 3503 hujus
1219 3424 1356 3487 scientiae
1374 3433 1445 3487 actu
1462 3426 1645 3507 pmdeatiae,
1663 3434 1750 3489 sunt-

193 3521 351 3601 acquisita
370 3522 410 3585 de
431 3540 630 3603 quacumque
653 3530 796 3585 creatura
812 3547 819 3585 :
836 3532 872 3587 ut
886 3524 946 3586 sci-
1001 3540 1063 3603 quc
1085 3521 1225 3583 distincti
1247 3522 1373 3585 babitus
1396 3523 1458 3585 isti.

193 3619 284 3682 entia
298 3619 507 3701 philosophiae
520 3620 677 3682 humanae.
694 3620 764 3683 Alia
779 3629 829 3684 est
843 3622 946 3684 scien·
1039 3618 1194 3701 Amplius,
1219 3620 1302 3684 circa
1326 3622 1445 3684 donum
1469 3624 1602 3682 consilii
1626 3621 1751 3684 intuen-

193 3719 250 3794 tia,
277 3735 348 3797 quae
376 3717 521 3781 consistit
544 3717 578 3779 in
602 3717 767 3782 intellectu
791 3719 944 3785 inclinato
1000 3717 1088 3796 dum,
1108 3718 1193 3798 quod
1217 3719 1299 3781 sicut
1317 3717 1497 3782 intellectus
1517 3720 1676 3783 interdum
1699 3738 1751 3782 ac·

193 3817 235 3879 ab
249 3814 390 3893 allectu3
406 3824 517 3897 estque
532 3815 663 3879 lundata
678 3836 774 3899 super
788 3818 944 3901 principia
1000 3815 1117 3897 cipitur
1146 3834 1202 3897 pro
1227 3824 1301 3880 actu
1325 3817 1534 3899 intelligendi,
1559 3819 1749 3899 quandoque

193 3913 459 3995 lidei,quaesunt
479 3914 605 3977 articuli
627 3916 713 3995 ndei,
730 3924 825 3979 etest
845 3918 944 3983 nihilo
999 3932 1057 3996 pro
1086 3933 1119 3975 re
1150 3914 1310 3977 intellecta
1339 3935 1395 3978 seu
1421 3915 1623 3998 intelligibili,
1650 3935 1749 3997 quan-

192 4012 304 4074 minus
317 4012 492 4093 acquisita:
509 4019 542 4074 et
556 4012 622 4075 baec
638 4022 686 4075 est
701 4013 832 4077 scientia
848 4034 945 4079 sacrae
998 4014 1102 4093 doque
1118 4031 1175 4094 pro
1195 4013 1304 4076 babitu
1324 4014 1479 4095 dirigente
1499 4014 1694 4079 intellectum
1715 4015 1748 4077 in

132 4102 138 4113 ’
192 4110 374 4191 Scriptura,
390 4129 486 4191 quam
507 4129 602 4174 nemo
621 4119 724 4191 potest
745 4111 861 4175 habere
883 4114 943 4176 nisi
996 4112 1169 4191 judicando
1184 4112 1223 4175 de
1239 4112 1321 4175 veris
1340 4120 1372 4175 et
1391 4112 1503 4192 lalsis;
1519 4114 1562 4177 ita
1580 4113 1748 4177 consilium

190 4207 309 4270 babeat
329 4206 428 4270 sidem
452 4209 491 4270 ad
512 4208 618 4271 minus
641 4208 822 4272 informem.
841 4211 943 4275 Tertia
959 4214 984 4275 ll
998 4209 1166 4291 tripliciter
1188 4211 1346 4274 sumitur:
1365 4212 1479 4293 primo,
1501 4231 1558 4294 pro
1579 4220 1652 4275 actu
1673 4230 1748 4275 con-

190 4316 241 4369 est
255 4306 398 4385 scientia,
413 4324 485 4386 qua
499 4307 644 4369 consistit
657 4307 690 4369 in
705 4308 869 4372 intellectu
885 4330 941 4374 seu
997 4306 1145 4383 siliandi;
1178 4309 1327 4386 secundo,
1355 4328 1413 4391 pro
1442 4329 1481 4373 eo
1509 4310 1548 4372 ad
1578 4310 1662 4392 quod
1686 4318 1748 4373 ter-

190 4404 316 4467 ratione
338 4402 371 4465 in
396 4412 550 4485 quantum
571 4404 704 4467 inclinat
727 4404 881 4469 allectum
902 4409 940 4470 ad
997 4405 1136 4467 minatur
1154 4406 1335 4487 hujusmodi
1356 4416 1456 4487 actus,
1478 4408 1744 4489 quemadmodum

190 4501 432 4584 operationem3
458 4510 490 4565 et
518 4504 586 4566 bac
615 4502 746 4566 lundata
770 4512 819 4567 est
846 4524 942 4586 super
996 4502 1143 4580 dicimuS,
1160 4504 1224 4567 Hoc
1239 4512 1288 4566 est
1309 4505 1477 4568 eonsilium
1494 4524 1600 4567 meum
1615 4526 1622 4581 ;
1640 4506 1743 4583 tertio,

188 4599 349 4683 principia
372 4600 452 4682 juris
477 4602 640 4680 naturalis,
661 4621 731 4684 quae
756 4603 941 4666 ordinantur
996 4618 1053 4683 pro
1074 4601 1184 4664 babitu
1205 4602 1259 4682 qui
1282 4603 1408 4683 expedit
1426 4610 1459 4666 et
1481 4602 1588 4683 dirigit
1606 4602 1744 4665 animam

188 4700 230 4761 ad
257 4699 454 4762 honestatem
479 4708 511 4763 ct
536 4700 758 4763 rectitudinem
784 4701 856 4763 vitra
880 4724 887 4763 ι
908 4710 941 4765 et
995 4700 1034 4762 ad
1054 4700 1244 4763 eliciendum
1266 4701 1484 4782 prosequenda
1505 4709 1537 4763 et
1558 4700 1743 4782 fugiendum

186 4798 259 4860 brac
274 4798 406 4861 scientia
421 4806 469 4861 est
482 4799 649 4880 prudentia
663 4799 774 4861 virtus.
792 4799 939 4873 Quadam
995 4798 1134 4861 vitanda.
1162 4798 1217 4861 Hic
1246 4806 1351 4860 autem
1382 4797 1509 4861 habitus
1538 4798 1654 4880 duplex
1684 4807 1743 4879 est,

187 4904 297 4959 autem
325 4904 376 4959 est
402 4897 532 4959 seientia
562 4915 632 4977 quas
660 4898 804 4959 consistit
832 4898 862 4959 in
893 4898 941 4961 in·
995 4896 1169 4959 secundum
1189 4896 1404 4959 diversitatem
1424 4896 1621 4978 eligibilium,
1644 4906 1675 4959 et
1697 4918 1745 4961 se-

186 4994 320 5057 tellectu
340 4995 513 5058 secundum
533 4995 618 5076 quod
637 5005 686 5057 est
703 4995 873 5058 inclinatus
895 5006 940 5059 at·
994 4996 1134 5057 cundum
1159 4994 1373 5057 diversitatem
1399 4996 1564 5059 modorum
1590 5016 1627 5059 ac
1650 4996 1743 5060 ratio

187 5110 252 5173 quc
274 5092 431 5155 inclinans
448 5116 456 5154 ε
473 5092 654 5171 inclinatus,
670 5093 812 5175 inquam,
828 5114 846 5157 a
862 5094 937 5175 side,
994 5113 1071 5156 num
1101 5092 1248 5175 eligendi.
1277 5091 1354 5155 Nam
1383 5093 1567 5175 eligibilium
1598 5095 1742 5174 quaedam

186 5198 221 5254 et
249 5190 409 5253 inclinans
437 5192 476 5253 ad
505 5192 621 5255 bonam
649 5192 877 5275 operationem.
902 5194 941 5257 Et
996 5199 1071 5254 sunt
1094 5190 1302 5269 necessitatis,
1326 5192 1469 5272 quaedam
1494 5191 1656 5254 arduitatis
1680 5213 1687 5252 :
1714 5200 1747 5254 et

185 5289 257 5355 baec
272 5288 424 5352 fundatur
442 5308 538 5372 super
555 5290 710 5373 principia
729 5289 815 5370 ndei,
832 5292 940 5356 habot-
995 5291 1029 5353 in
1044 5290 1155 5373 primis
1171 5289 1278 5371 dirigit
1293 5290 1479 5372 prudentia;
1496 5298 1528 5353 et
1542 5288 1575 5352 in
1596 5289 1745 5355 semmdis
