4309 6259
524 660 579 716 Sed
599 659 649 731 441
668 661 819 719 communi
839 662 1064 719 644444411444
1083 666 1201 720 conten·

488 750 537 804 tus
550 751 602 813 est,
615 750 833 807 communionis
843 753 961 809 41144144
973 768 1039 808 raro
1052 752 1201 824 experitur

489 842 541 894 441
563 839 684 897 remisse
707 841 835 906 sortitur,
855 843 909 898 408
919 845 950 897 B.
968 844 1066 914 114444
1088 846 1201 915 oportet

488 930 625 985 accedere
643 931 681 986 ad
704 947 818 987 sacram
839 948 971 988 mensam
996 948 1063 987 cum
1089 930 1200 1004 ingenti

489 1016 649 1082 devotione,
665 1020 755 1083 3330,
771 1021 874 1085 3880,
889 1021 975 1084 4430,
993 1021 1200 1093 44444414444

490 1107 656 1178 4444144144
685 1109 798 1165 4444114
830 1110 1076 1181 experimentalis,
1099 1111 1199 1173 aatn’,

489 1197 518 1250 et
545 1194 670 1252 sufficiat
697 1196 911 1260 intellectualis,
940 1197 1001 1254 imo
1031 1198 1068 1253 sit
1101 1200 1199 1263 tutior,

488 1283 585 1345 3340,
606 1300 673 1341 oum
703 1284 759 1342 ilde
787 1289 874 1351 certa,
894 1287 975 1349 660,
995 1288 1086 1352 4160,
1106 1289 1199 1351 4184,

491 1389 559 1429 oum
583 1390 633 1445 spe
661 1373 798 1431 11444441
825 1375 929 1447 grandi
954 1374 1069 1442 tlducia,
1094 1378 1147 1432 416
1158 1377 1200 1443 4’,

488 1463 580 1525 4170,
606 1478 674 1519 cum
703 1462 823 1519 14444411
851 1465 978 1528 44411414,
999 1466 1083 1520 3864
1113 1468 1142 1521 41
1166 1482 1200 1529 4.,

489 1550 590 1616 4164’,
615 1567 682 1607 cum
712 1551 858 1607 munditie
885 1552 990 1617 cordis,
1014 1554 1088 1620 664,
1110 1554 1200 1619 4170,

489 1640 580 1704 4390,
592 1657 660 1695 curn
675 1656 783 1711 magna
797 1641 966 1702 4444444114,
977 1642 1039 1705 381,
1054 1642 1142 1707 4740,
1159 1642 1200 1707 4’,

489 1730 528 1792 0,
544 1746 611 1784 cum
627 1729 882 1793 444464441111414,
898 1730 997 1795 4164’,
1009 1748 1076 1787 cum
1093 1732 1202 1788 deside·

489 1818 534 1874 rio
552 1822 581 1875 et
599 1818 713 1875 interna
728 1818 873 1883 ariditate,
888 1820 987 1885 4160,
1001 1822 1089 1884 4740,
1106 1821 1146 1882 4’,
1162 1822 1200 1887 0,

490 1924 557 1964 oum
574 1907 760 1980 gratitudine,
771 1908 870 1973 4164’,
883 1925 950 1965 cum
966 1910 1200 1981 compunctione,

490 1998 543 2054 416
555 1998 595 2052 0.
611 2029 644 2039 -
662 1998 749 2053 14414
767 1998 795 2052 S.
814 1998 1021 2069 augustinum,
1043 2002 1199 2071 antequam

490 2087 730 2142 communionem
762 2085 946 2158 recipiamus.
974 2089 1101 2158 4441444
1133 2093 1203 2144 4441

492 2176 651 2246 pensanda,
667 2179 779 2247 utputa,
796 2176 871 2247 quis,
887 2175 968 2247 4414.
985 2176 1031 2233 441
1053 2180 1082 2233 41
1101 2194 1200 2249 44444,

492 2266 557 2320 734
581 2268 609 2321 41
631 2282 665 2329 4.,
681 2265 761 2320 3354
785 2268 814 2321 41
835 2282 869 2325 s..
884 2266 968 2321 4044
992 2269 1021 2321 41
1044 2284 1079 2328 4.,
1099 2268 1200 2333 4634’;

487 2355 574 2428 juxta
592 2355 785 2425 ltuysbroeelr,
802 2354 929 2426 4414411
946 2354 1077 2426 accipere
1097 2372 1202 2428 corpus

493 2443 685 2507 dominicum,
701 2444 786 2499 (14641
810 2443 916 2500 babere
935 2447 1060 2515 quatuor
1084 2449 1200 2516 puncta,

490 2533 582 2590 4340
597 2536 676 2598 414.;
693 2533 780 2605 juata
797 2533 950 2604 quosdam,
965 2533 1042 2589 sicut
1062 2535 1101 2590 ad
1123 2536 1202 2591 thro-

491 2639 563 2678 num
579 2621 743 2679 Salomonis
758 2638 807 2677 444
823 2621 962 2694 gradibus
980 2624 1200 2688 ascendebatur,

491 2711 532 2767 ita
557 2712 595 2767 ad
619 2709 870 2782 participationem
894 2710 1073 2766 Sacramenti
1102 2711 1202 2767 4114414

491 2817 540 2857 444
566 2799 806 2872 praeparamentis
830 2799 974 2871 gradatim
996 2800 1141 2857 distinctis
1160 2804 1202 2857 ost

491 2890 719 2961 procedendum,
734 2889 822 2944 4160
832 2892 860 2944 41
873 2905 933 2960 444.

526 2978 738 3037 014414144444
759 2976 855 3032 solum
874 2977 1044 3033 4441441141
1061 2980 1099 3034 44
1114 2980 1203 3035 44441-

492 3067 632 3139 piendum
652 3066 707 3121 boc
732 3070 960 3131 sacramentum,
981 3066 1040 3123 imo
1059 3067 1147 3124 etiam
1174 3072 1203 3125 41

487 3157 579 3229 jubet,
595 3156 763 3212 terribiliter
786 3156 917 3227 loquens,
932 3157 1032 3220 4730,
1048 3159 1077 3213 41
1102 3158 1202 3215 444414

492 3245 739 3301 manducantibus
759 3244 838 3300 bunc
857 3245 954 3301 cibum
976 3246 1121 3316 promittit
1143 3245 1202 3303 144·

491 3338 571 3390 41444
590 3334 809 3396 exuberantem,
820 3335 914 3389 4744.
927 3334 1045 3397 1441444,
1058 3335 1090 3389 14
1105 3334 1204 3407 primi·

490 3424 549 3479 1144
563 3422 698 3486 Ecclesia,
714 3422 956 3480 44144441044144
975 3423 1104 3494 44411414
1123 3440 1202 3479 com·

491 3510 690 3572 manicabant,
706 3510 803 3574 4740,
818 3511 918 3574 4760,
935 3510 1004 3581 4414
1026 3513 1096 3567 1444
1120 3516 1203 3567 44441

491 3617 614 3657 numero
643 3599 794 3671 panciores
826 3602 855 3655 et
887 3600 1037 3655 devotione
1067 3600 1200 3673 majores,

489 3690 543 3745 443
553 3689 598 3752 0’;
624 3689 821 3760 postmodum,
846 3686 1048 3760 refrigescente
1072 3688 1201 3755 caritate,

491 3778 625 3835 instituta
644 3780 714 3833 sunt
736 3780 869 3849 tempora
891 3776 1131 3834 communicandi
1160 3779 1203 3834 di·

490 3884 647 3927 44444444
663 3870 767 3923 utnon
788 3866 967 3939 14444441144
981 3867 1090 3931 1144441,
1106 3870 1156 3924 444
1173 3872 1204 3925 41

490 3958 527 4013 44
543 3957 643 4011 minus
657 3960 727 4011 1444
745 3956 832 4016 beret.
846 3957 945 4011 4760.
960 3987 997 3997 -
1012 3957 1042 4011 14
1059 3962 1204 4015 monaste·

491 4045 544 4101 riis
568 4047 707 4101 Sororum
736 4045 813 4117 viget
839 4046 1018 4101 consuetudo
1038 4044 1205 4117 frequenter

491 4133 741 4194 communicandi,
766 4133 876 4189 scilicet
898 4134 978 4189 omni
1004 4134 1151 4190 dominica
1173 4135 1202 4190 in

490 4224 622 4278 Adventu
646 4225 676 4278 et
698 4222 938 4294 Quadragcsima,
954 4222 983 4277 14
1010 4223 1113 4278 4414414
1130 4227 1203 4279 tem·

491 4312 610 4384 poribus
642 4312 732 4368 semel
765 4312 795 4366 in
824 4312 983 4384 44144444,
1011 4312 1065 4367 443
1077 4314 1107 4366 B.
1138 4314 1203 4369 Herc

491 4402 670 4457 consuetudo
689 4401 844 4457 laudabilis
862 4403 913 4463 441,
930 4401 1092 4457 dummodo
1108 4402 1204 4459 debita

1075 494 1169 540 111004
1189 492 1377 542 enutritus

1293 664 1502 722 communione
1525 682 1682 737 suspense,
1697 666 1788 730 4600,
1809 668 1904 732 4614,
1926 666 1981 739 ipse

1292 756 1389 810 autern
1407 755 1513 812 debent
1527 754 1696 813 dilationem
1713 773 1803 812 444444
1818 756 1982 812 communio-

1292 842 1337 898 nis
1361 842 1503 914 patienter
1530 845 1686 916 suscipere,
1711 845 1813 907 4490,
1834 846 1923 905 4414,
1941 845 1981 901 bu·

1292 948 1411 987 mnnam
1434 937 1462 989 et
1482 932 1622 1005 puerilem
1643 934 1849 990 verecundiam
1869 934 1982 1005 suppedi

1291 1022 1433 1085 1444441
1450 1022 1505 1077 boc
1524 1022 1579 1077 erit
1591 1022 1675 1078 44144
1697 1022 1891 1085 meritorium,
1905 1024 1980 1078 4104.

1328 1112 1370 1165 44
1395 1112 1615 1167 concedendum
1636 1110 1674 1166 sit
1696 1112 1808 1167 devotis
1827 1111 1906 1167 laicis
1926 1129 1980 1183 quo

1291 1196 1361 1253 tidie
1388 1198 1616 1261 communicare,
1637 1199 1732 1260 4744,
1748 1198 1896 1254 affirmant
1912 1199 1980 1254 multi

1291 1290 1320 1342 et
1332 1287 1418 1351 docti,
1429 1288 1510 1344 4744
1525 1290 1554 1344 41
1562 1288 1766 1352 4,,444444444
1779 1287 1981 1344 communicans
2088 1322 2089 1333 ,

1290 1375 1395 1432 babeat
1412 1375 1589 1432 desiderium
1609 1375 1824 1448 conjunctionis
1840 1392 1904 1433 cum
1921 1377 1981 1431 Chri

1292 1468 1335 1519 sto
1353 1467 1381 1521 ct
1400 1464 1575 1521 sacramenti
1594 1463 1797 1529 reverentiam,
1812 1466 1864 1521 474
1875 1466 1901 1519 0.
1915 1464 1981 1519 Circa

1292 1554 1468 1610 desiderium
1497 1571 1532 1610 44
1563 1554 1777 1626 susceptionem
1806 1570 1894 1610 444444
1918 1572 1981 1609 com·

1292 1643 1442 1699 munionis
1462 1643 1569 1699 babere
1592 1660 1621 1699 44
1646 1644 1752 1699 446441
1775 1659 1877 1700 omnes
1902 1643 1982 1699 medio

1292 1734 1389 1799 modo,
1405 1731 1516 1788 seilicet
1535 1732 1611 1789 inter
1624 1732 1882 1804 presumptionem
1902 1735 1927 1787 et
1943 1734 1981 1787 de

1291 1820 1497 1895 sperationem,
1513 1822 1609 1886 431Β;
1621 1821 1709 1877 bomo
1728 1824 1830 1877 144444
1848 1838 1909 1877 rere
1929 1821 1981 1875 illu·

1292 1911 1431 1974 minatus,
1449 1926 1507 1966 444
1521 1910 1584 1966 4144
1600 1926 1703 1981 pavore
1718 1910 1798 1980 cupit
1813 1909 1934 1981 accipere
1946 1926 1981 1964 sa·

1292 2003 1483 2061 crumentum.
1507 1998 1714 2055 461044441ῑὶ
1737 1998 1817 2055 enim
1839 1997 1982 2070 1444444144

1291 2088 1554 2144 communicantes.
1567 2087 1829 2159 retrogradiuntur,
1845 2088 1979 2147 3880444

1291 2180 1409 2250 propter
1432 2175 1577 2233 deiectum
1593 2192 1628 2232 44
1652 2180 1733 2247 parte
1752 2175 1928 2234 sacramenti.
1941 2176 1980 2229 sed

1293 2267 1410 2337 propter
1435 2263 1640 2336 indignitatem
1668 2264 1741 2319 illud
1769 2262 1980 2335 suscipientium,
2091 2288 2092 2303 ,

1291 2354 1386 2410 3880.
1412 2354 1468 2409 Sed
1491 2352 1625 2425 44444414
1653 2352 1690 2408 411
1712 2352 1934 2408 commendabile
1953 2369 1981 2407 44

1293 2442 1459 2499 bumilitate
1487 2458 1504 2497 4
1532 2441 1739 2498 communione
1767 2440 1910 2497 interdum
1933 2458 1982 2497 ces

1292 2548 1365 2595 sare,
1381 2534 1510 2587 attamen
1526 2529 1619 2585 multo
1635 2529 1740 2586 melius
1754 2546 1789 2585 44
1809 2528 1982 2585 4441140414-
2092 2570 2093 2589 ,

1291 2636 1357 2677 4444
1377 2636 1411 2676 44
1432 2619 1491 2675 4414
1506 2618 1575 2675 6441
1595 2617 1762 2675 communis
1779 2618 1903 2690 44411414
1918 2634 1982 2673 com·

1293 2709 1454 2771 municars,
1469 2708 1531 2772 381,
1546 2708 1638 2763 4764.
1652 2738 1688 2748 -
1702 2706 1883 2763 04414444444
1898 2710 1981 2762 14444-

1291 2803 1341 2855 144
1369 2813 1422 2855 444
1448 2797 1619 2853 subtrahere
1645 2798 1866 2852 Sacramentum
1892 2794 1980 2867 dignis,

1293 2904 1345 2944 nec
1373 2886 1504 2959 indignis
1537 2887 1615 2945 dare.
1644 2886 1743 2949 4444,
1771 2884 1892 2940 474οι
1918 2885 1981 2939 4444
2093 2938 2094 2943 ,

1291 2975 1475 3049 vituperandi
1499 2974 1640 3046 4441441
1665 2973 1899 3030 communionem
1923 2988 1980 3043 444

1291 3066 1434 3121 1141444444
1458 3066 1556 3121 441441
1583 3062 1787 3127 devotissimis,
1810 3064 1861 3119 474
1873 3063 1909 3126 0,
1930 3078 1979 3116 ma·

1292 3156 1370 3211 xime
1403 3153 1535 3226 personis
1563 3168 1628 3224 4444
1655 3152 1811 3224 rapiuntur
1841 3152 1869 3207 14
1895 3154 1977 3211 Deum.

1292 3246 1381 3303 4734,
1398 3258 1468 3299 nam
1488 3242 1551 3314 ipsa
1570 3242 1740 3297 communio
1755 3257 1856 3297 earum
1875 3240 1978 3297 1444144

1292 3334 1351 3389 4144
1369 3334 1412 3388 441
1431 3347 1519 3403 quam
1533 3330 1606 3386 41414
1625 3334 1654 3387 41
1671 3330 1771 3386 fruitio
1785 3330 1884 3402 Sponsi
1898 3330 1977 3384 04414

1292 3438 1358 3477 rum
1372 3421 1402 3476 14
1417 3416 1976 3493 441414,4414444414444441144144710.

1294 3542 1326 3553 -
1351 3510 1498 3566 Evolvitur
1520 3508 1738 3565 commendatio
1757 3506 1935 3565 Eucharistiae
1950 3504 1978 3559 44

1294 3599 1573 3656 communicandum
1599 3597 1738 3661 alliciens,
1762 3598 1850 3652 4170
1871 3600 1898 3653 41
1914 3612 1932 3651 4.
1952 3624 1980 3635 -

1293 3690 1338 3761 04
1355 3688 1544 3750 0446441404,
1559 3687 1652 3743 Missa.

1257 3779 1451 3836 consessio
1470 3777 1588 3833 tristitia
1602 3777 1738 3848 44444444
1758 3779 1802 3833 441
1815 3792 1872 3847 444
1885 3776 1916 3831 44
1927 3772 1980 3827 4114

1294 3866 1339 3923 414
1362 3866 1448 3922 malis
1472 3865 1614 3927 dolemus,
1637 3865 1737 3927 btbd’,
1762 3867 1792 3921 et
1813 3880 1877 3936 qua
1898 3862 1981 3918 44144

1294 3956 1423 4012 caritatis
1437 3956 1543 4011 4114414
1556 3954 1642 4015 44411,
1658 3952 1702 4011 441
1717 3970 1752 4009 44
1772 3954 1876 4009 timore
1892 3948 1982 4007 similia

1294 4044 1754 4110 144144441,4460-04414444
1768 4044 1909 4114 competat
1921 4037 1983 4095 Chri·

1293 4138 1337 4191 sto
1351 4134 1647 4197 444441444,410,0.
1660 4134 1775 4197 Ourania
1794 4130 1880 4188 144411
1892 4134 1918 4186 Β.
1934 4129 1983 4184 tin

1293 4224 1368 4297 ginis
1395 4226 1433 4280 ad
1466 4222 1612 4279 Christum
1641 4222 1799 4294 patientem
1831 4218 1982 4292 compassio,

1293 4316 1383 4375 2780,
1399 4313 1499 4377 3390,
1515 4315 1544 4368 41
1561 4315 1701 4384 quantam
1721 4314 1852 4382 oporteat
1870 4326 1926 4366 esse
1946 4324 1983 4362 no

1294 4404 1501 4465 4144441884.

491 4489 702 4561 preparatione
725 4492 875 4553 accedant,
900 4491 980 4554 700,
1004 4491 1098 4553 4434,
1118 4490 1149 4546 0.
1171 4522 1203 4532 -
1258 4492 1477 4550 0011011Νο710
1488 4491 1584 4547 444414
1598 4488 1762 4547 remedium
1773 4492 1817 4546 est
1830 4492 1925 4544 eontra
1937 4502 1987 4557 pas

491 4579 524 4633 ln
544 4578 671 4650 hisquae
689 4582 821 4651 44441441
839 4580 876 4634 44
896 4596 982 4634 usum
1007 4582 1204 4635 sacramento·

1295 4582 1400 4641 aiones,
1416 4581 1504 4637 4090.

492 4684 570 4727 rum,
582 4668 754 4739 prenitentes
773 4669 880 4725 debent
893 4668 1015 4723 omnino
1034 4666 1205 4724 contessori—
1257 4668 1538 4726 001100301Μί4
1558 4668 1697 4724 dicuntur
1716 4667 1825 4723 animoe
1842 4668 1901 4741 1444
1917 4662 1987 4737 proti·

492 4757 546 4812 bus
565 4757 626 4812 suis
648 4757 887 4818 46441444440.
904 4758 1057 4813 Peccatum
1083 4757 1205 4813 mortale

492 4845 672 4902 contrarium
696 4846 870 4903 obedientiae
897 4846 1055 4902 committit
1082 4862 1205 4917 persona

492 5028 595 5080 contra
613 5025 792 5081 voluntatem
812 5024 1205 5097 44441444114,4494’,4414

492 5115 556 5187 ejus
571 5113 731 5186 praesidens
745 5116 788 5169 441
804 5114 896 5186 14444
911 5113 941 5168 14
957 5112 1206 5168 14444444414411-

493 5220 544 5259 oso
557 5220 592 5259 ac
607 5202 739 5259 medicus
754 5201 783 5256 14
798 5218 863 5258 4444
878 5200 1093 5265 sacramentali,
1105 5202 1158 5257 440
1166 5201 1205 5256 0.

494 5324 526 5333 -
541 5294 604 5349 Nou
618 5290 773 5349 temerarie
786 5289 956 5364 judicandae
974 5292 1044 5348 sunt
1056 5291 1176 5347 Sorores
1190 5306 1208 5347 a

1295 4758 1412 4821 4144144,
1431 4759 1482 4814 444
1506 4759 1637 4814 nondum
1663 4755 1807 4829 periectas,
1828 4756 1913 4812 33311.
1935 4766 1988 4823 444

1295 4849 1405 4919 Sponso
1416 4862 1473 4901 non
1489 4848 1558 4902 sunt
1567 4846 1728 4901 admodum
1741 4843 1905 4901 familiares.
1913 4840 1987 4897 6330.

493 4934 629 5006 religiosa
654 4952 719 5007 444
742 4935 853 4991 4444411
876 4937 912 4991 44
936 4952 1049 4991 sacram
1070 4952 1203 4991 mensam
1258 4934 1550 4991 CONCUPISCENTbt
1574 4932 1680 5005 duplex
1702 4933 1830 4995 satalia
1850 4930 1989 4988 intellectu·

1295 5023 1349 5079 alis
1368 5026 1397 5079 et
1417 5022 1725 5093 6ο44,1724’,44444
1746 5020 1776 5077 in
1797 5022 1881 5077 corde
1898 5017 1987 5075 excitat

1297 5111 1412 5168 bonitas
1426 5110 1533 5177 414144,
1543 5111 1641 5175 3910,
1650 5114 1679 5167 41
1688 5127 1777 5181 quam
1789 5108 1987 5181 requiritltups

1297 5201 1402 5257 broeclr
1428 5200 1457 5254 in
1481 5198 1773 5255 communicantibus.
1794 5196 1889 5260 4340,
1910 5194 1985 5251 teet.

1297 5288 1356 5345 4114
1369 5286 1517 5346 sensibilis
1530 5290 1559 5344 et
1572 5286 1657 5355 ioeda,
1671 5286 1759 5353 1720,
1770 5284 1941 5359 4444441444
1952 5281 1986 5337 441
