4309 6259
293 513 335 559 ns
356 514 556 560 sicmvsuro
576 516 706 561 snrssrs
726 514 763 559 sn
784 515 881 559 nisss
902 512 1128 559 messuerimus
1150 513 1308 559 bissenus.
1332 530 1372 541 -
1392 512 1462 557 nnn.
1485 510 1539 555 vm
1629 486 1686 553 391

149 684 199 747 rio
219 703 257 747 ac
277 684 400 763 salutis,
420 684 494 766 qnia
513 684 546 745 in
566 683 636 765 ejus
661 684 746 747 clara
769 682 890 748 visione
906 684 932 745 Α
947 684 974 745 si
990 682 1160 765 vestigium
1180 683 1333 764 pusillum
1354 702 1391 745 ac
1413 690 1519 760 tenue,
1536 677 1691 741 deficiens

148 802 182 844 ac
196 782 292 863 plena
304 781 455 846 fruitione
472 800 568 861 quern
588 782 682 844 modo
701 781 760 844 sub
780 780 892 844 formis

149 880 285 943 velatum
312 878 514 942 invisibiliter
541 878 675 956 sumitis,
699 886 765 941 tota
788 886 892 942 vestra

150 977 292 1041 consistit
310 977 456 1042 felleitas.

338 1267 583 1331 ARTICULUS
602 1266 694 1330 VIII.

146 1415 308 1491 Dr'ffusr'ar
321 1414 500 1475 declaratio
511 1416 749 1489 predictarum
764 1434 775 1473 .·
789 1416 894 1492 quall-

184 1512 233 1561 ter
248 1504 400 1563 Christus
414 1505 593 1562 secundum
608 1512 784 1581 utramque
799 1523 892 1562 suam

184 1600 339 1651 naturam
359 1593 403 1651 att
423 1593 514 1651 cidus
534 1593 751 1651 rationalium
767 1602 893 1651 creatu·

185 1700 317 1751 rarum,
329 1690 361 1739 at
380 1683 467 1759 quad
485 1682 699 1741 Eucharistia
719 1682 763 1740 sit
784 1700 892 1740 saara·

183 1780 331 1831 mantum
345 1771 466 1830 summi
478 1771 745 1849 divinissimc'que
758 1772 889 1830 amoris.

184 1957 331 2019 t'snrrss.
353 1990 394 2002 -
413 1956 608 2020 Rationalem
630 1964 806 2019 creaturam
828 1975 892 2019 non

146 2056 235 2116 decet
259 2054 378 2117 babere
402 2063 496 2135 caput
519 2055 656 2136 primum
680 2063 712 2117 et
733 2073 893 2116 summum

146 2151 202 2212 nisi
217 2152 332 2230 Deum,
347 2170 407 2215 nec
422 2151 549 2214 aliunde
563 2152 768 2233 spiritualiter
785 2152 893 2215 vivere

146 2249 204 2311 nisi
218 2249 338 2331 Spiritu
353 2250 408 2312 bei
425 2274 433 2311 :
451 2250 524 2313 binc
544 2251 686 2331 sequitur
705 2251 803 2314 Deum
824 2270 893 2315 esse

146 2348 249 2410 cibum
267 2347 364 2409 illius.
381 2347 469 2421 Quod
484 2346 571 2409 enlm
593 2347 691 2410 nutrit
712 2356 806 2429 atque
826 2368 895 2411 sus-

145 2455 243 2509 tentat
271 2446 401 2508 vitalem
435 2445 468 2507 in
498 2463 630 2526 corpore
662 2446 808 2509 autmalis
843 2467 894 2511 ca-

146 2546 257 2623 lorem,
278 2545 341 2607 hoc
366 2544 455 2607 cibus
480 2551 528 2606 est
552 2544 708 2607 animalis.
730 2546 894 2626 Quumque

146 2643 211 2705 sola
238 2641 349 2705 divina
375 2642 499 2705 bonitas
523 2642 555 2703 in
581 2642 726 2706 rationali
752 2652 894 2705 creatura

147 2740 312 2804 vivificum
336 2741 399 2803 alat
423 2748 455 2803 et
478 2748 646 2803 conservet
670 2741 895 2822 caloremque

147 2835 354 2917 spiritualiter
367 2835 496 2912 vivitur,
509 2844 618 2916 utpote
633 2836 807 2914 caritatem,
820 2854 896 2899 con-

149 2942 207 2995 stat
226 2936 313 3015 quod
333 2935 458 2997 bonitas
480 2934 535 2996 Dei
557 2934 722 2997 verissime
744 2934 834 2997 cibus
855 2936 896 2997 sit

946 782 1073 864 penitus
1100 781 1227 845 infinite
1251 782 1393 863 aprima
1421 780 1476 843 illa
1503 778 1616 842 fontali
1646 776 1693 839 in-

946 888 1114 961 creataque
1136 879 1275 943 bonitate
1297 879 1329 941 in
1353 879 1460 943 omnia
1484 877 1691 941 redundante.

946 978 1168 1055 Conformiter,
1197 978 1342 1059 voluptas
1370 996 1389 1038 a
1416 976 1556 1039 bonitate
1589 982 1695 1037 creata

946 1076 1150 1159 proveniens,
1177 1076 1252 1157 quid
1277 1082 1335 1153 est,
1358 1074 1421 1137 εἰεί
1447 1072 1617 1154 vestigium
1641 1090 1694 1133 ve-

947 1175 1033 1257 stigii
1054 1172 1205 1237 bonitatis
1226 1173 1343 1235 divinat
1360 1180 1393 1235 et
1412 1170 1585 1254 voluptatis
1606 1176 1695 1232 ester-

946 1293 1007 1352 nae,
1022 1273 1088 1337 imo
1109 1280 1140 1335 et
1160 1272 1273 1335 umbra
1294 1270 1413 1334 umbrae
1434 1270 1544 1333 illiusl
1566 1267 1598 1331 Si
1620 1284 1696 1347 ergo

947 1380 1087 1433 extrema
1109 1369 1316 1451 vestigiorum
1343 1368 1440 1447 illius,
1462 1374 1570 1447 utpote
1595 1362 1696 1427 sensi-

946 1469 1070 1546 bilium,
1084 1468 1259 1531 carnalium
1274 1474 1306 1529 et
1320 1464 1574 1547 corruptibilium
1590 1481 1696 1524 rerum

946 1567 1248 1649 voluptates,tant0s
1263 1566 1312 1627 sui
1328 1582 1451 1627 amores
1467 1562 1501 1625 in
1515 1560 1696 1624 bominibus

946 1666 1097 1743 excitant,
1114 1663 1234 1741 fovent,
1252 1661 1466 1741 inflammant,
1483 1668 1518 1722 ut
1537 1659 1598 1740 ipsi
1613 1677 1698 1720 ama-

947 1772 1031 1827 tores
1054 1763 1145 1845 quasi
1167 1759 1357 1842 conflagrari
1378 1768 1409 1822 et
1430 1759 1631 1821 inardescere
1652 1756 1699 1818 vi·

905 1859 929 1921 B
948 1863 1082 1925 deantur
1103 1884 1109 1923 :
1131 1866 1249 1942 quanto
1273 1857 1387 1921 fortius
1412 1854 1698 1940 supersplendidis·

948 1961 1040 2039 sima,
1069 1957 1380 2041 superpulcberrima
1411 1955 1466 2019 Dei
1494 1954 1632 2032 bonitas,
1663 1953 1696 2015 in

949 2059 1043 2122 corde
1058 2076 1168 2121 eorum
1184 2054 1300 2136 quibus
1317 2054 1466 2134 illuserit,
1483 2072 1606 2115 amores
1626 2070 1697 2113 san-

949 2156 1106 2219 ctissimos
1141 2151 1513 2233 immaculatissimasque
1546 2148 1698 2231 concupi-

950 2253 1086 2316 scentias
1101 2250 1258 2329 excitabit,
1275 2250 1393 2312 nutriet
1407 2256 1438 2311 et
1453 2247 1622 2311 accendetl
1637 2248 1698 2310 lle-

950 2352 1009 2415 rito
1036 2368 1112 2432 ergo
1138 2349 1244 2411 divina
1270 2348 1394 2411 bonitas
1424 2346 1514 2410 cibus
1538 2364 1575 2409 ac
1600 2345 1698 2407 nutri·

949 2457 1093 2513 mentum
1118 2447 1223 2509 vitalis
1247 2466 1283 2510 ac
1310 2444 1481 2528 spiritualis
1507 2444 1607 2506 fertur
1628 2461 1698 2505 esse

950 2545 1345 2629 caloris,quemadmodum
1358 2542 1544 2625 speciositas
1558 2540 1698 2604 mulleris

950 2647 1179 2709 nutrimentum
1203 2652 1234 2706 et
1253 2644 1343 2705 cibus
1364 2650 1412 2705 est
1431 2640 1534 2723 turpis
1555 2639 1695 2703 amoris:

949 2745 1034 2807 unde
1053 2745 1129 2806 dum
1154 2762 1172 2805 a
1195 2742 1290 2805 corde
1310 2740 1381 2803 talis
1404 2739 1554 2802 amatoris
1577 2738 1698 2801 subtra-

950 2842 1035 2905 bitur
1063 2860 1120 2922 per
1141 2840 1335 2903 obhvionem
1358 2838 1492 2900 aliamve
1518 2836 1699 2918 occupatio

950 2957 1118 3017 nem,mos
1133 2946 1235 3001 cessat
1249 2936 1349 3017 turpis
1365 2936 1481 2998 amoris
1496 2934 1697 3011 incendium3

148 3033 297 3111 beminis,
314 3032 348 3093 in
369 3051 431 3113 quo
451 3032 557 3095 vitalis
578 3033 665 3095 calor
684 3042 733 3096 est
752 3032 895 3095 sincerus
913 3039 935 3101 C
951 3039 1027 3100 dum
1041 3036 1162 3100 vernei
1177 3054 1234 3117 per
1248 3036 1432 3115 adspectum
1448 3041 1502 3095 aut
1513 3032 1698 3096 memoriam

148 3141 178 3193 et
206 3138 337 3193 sanctus
365 3149 454 3194 arnor
480 3139 513 3193 et
540 3131 681 3195 amicitia
710 3131 892 3213 spiritualis,

146 3249 207 3310 qua
229 3228 344 3291 fideles
368 3228 431 3291 Deo
460 3228 581 3291 haerent
607 3237 639 3291 et
666 3229 727 3291 sibi
755 3229 894 3292 invicem

147 3328 317 3406 cohaerent,
335 3334 464 3408 propter
477 3326 577 3389 Deum
591 3327 651 3389 sibi
667 3327 803 3389 invicem
820 3346 895 3390 con-

146 3425 298 3504 sulentes,
316 3433 442 3505 totaque
457 3424 705 3506 promptitudine
727 3425 894 3506 providen-

147 3531 243 3585 teser
260 3523 506 3601 subservientes,
522 3522 610 3585 omni
630 3541 757 3603 quoque
777 3524 895 3586 studio

145 3619 237 3681 sitate
255 3627 367 3682 mutuo
390 3638 424 3681 se
447 3628 589 3681 amantes
613 3638 650 3682 ac
674 3620 892 3683 defendentes.

146 3719 288 3780 lncreata
301 3717 388 3779 enirn
403 3717 528 3781 bonitas
544 3736 635 3780 veros
650 3736 725 3781 suos
739 3727 894 3781 amatores

147 3825 211 3879 tam
240 3816 346 3879 valide
374 3816 435 3878 sibi
462 3815 631 3897 adstringit
658 3824 690 3878 et
714 3816 834 3898 alligat,
861 3828 896 3881 ut

148 3926 278 3999 propter
307 3916 408 3996 ipsam
434 3915 530 3977 etiam
559 3914 618 3976 sibi
647 3914 785 3978 invicem
813 3917 895 3980 inse-

148 4014 331 4096 parabiliter
350 4032 428 4094 pure
450 4013 628 4076 cohaereant
648 4034 685 4077 ac
705 4014 829 4079 sincera
849 4016 896 4077 di-

148 4114 286 4177 lectione
306 4131 340 4175 se
361 4111 624 4193 complectantur.

951 3135 1128 3212 adhibetur,
1151 3152 1240 3197 amor
1269 3132 1452 3195 immundus
1478 3130 1640 3195 reviviscit
1662 3149 1699 3193 ac

950 3241 1131 3296 renovatur.
1162 3232 1257 3294 hlulto
1293 3231 1394 3312 magis
1429 3230 1633 3311 pulchritudo
1662 3246 1699 3289 ac

950 3330 1088 3394 suavitas
1117 3329 1248 3392 Deitatis
1276 3328 1442 3404 immensa,
1474 3327 1563 3389 cibus
1592 3333 1641 3388 est
1669 3334 1700 3388 ct

950 3429 1134 3492 incendium
1155 3427 1242 3509 digni
1263 3436 1294 3489 et
1313 3425 1517 3508 congruentis
1532 3424 1592 3487 sibi
1614 3442 1699 3487 amo-

950 3528 994 3590 ris
1013 3528 1047 3589 iu
1067 3525 1261 3589 amatoribus
1281 3524 1357 3587 suis.

989 3624 1146 3706 Amplius,
1164 3625 1239 3686 dum
1267 3622 1404 3704 percipis
1429 3620 1567 3701 aliquem
1593 3621 1697 3682 virum

950 3744 1019 3788 esse
1034 3723 1215 3786 sublimiter
1232 3721 1421 3798 virtuosum,
1437 3720 1557 3800 justum
1577 3727 1608 3781 et
1627 3737 1698 3799 pro-

950 3824 1037 3899 bum,
1068 3820 1256 3902 sapientem,
1287 3835 1392 3880 nonne
1422 3836 1460 3879 ex
1487 3816 1555 3879 solo
1588 3816 1698 3877 auditu

950 3919 1135 3983 accenderis
1150 3918 1220 3998 ejus
1236 3934 1354 3993 amore,
1366 3924 1398 3978 et
1411 3922 1498 3977 tanto
1513 3915 1584 3995 plns
1600 3933 1699 3995 quan-

950 4027 982 4082 to
997 4018 1128 4080 virtutes
1150 4016 1220 4097 ejus
1239 4014 1407 4095 agnoveris
1422 4012 1561 4075 elariust
1577 4012 1697 4086 Quanto

950 4116 1051 4196 magis
1065 4134 1103 4177 ex
1119 4113 1372 4177 consideratione
1387 4110 1520 4174 infinitus
1535 4109 1697 4192 perfectio

186 4212 359 4273 Siccanas.
374 4210 493 4273 -lloc
515 4210 609 4290 plana
631 4210 732 4275 fateor
751 4232 821 4275 esse
841 4233 894 4276 ve·
909 4218 934 4279 Ι)
949 4215 1000 4276 nis
1021 4212 1076 4275 Dei
1104 4211 1137 4273 in
1164 4210 1323 4287 omnibus,
1341 4210 1438 4272 debes
1464 4210 1564 4291 ipsius
1588 4227 1696 4272 amore

147 4310 319 4385 tissimum,
349 4327 448 4389 quum
482 4307 614 4373 limitata
649 4310 893 4393 defectuosaqne

146 4407 284 4484 bonitas,
299 4407 446 4486 dulcedo,
462 4409 681 4487 commoditas,
694 4410 894 4490 pulchritudo

148 4514 311 4581 creatura,
340 4505 373 4566 in
407 4524 464 4569 suo
497 4507 659 4587 cognitore
692 4506 893 4571 dilectionem

148 4604 196 4665 sui
220 4603 348 4683 excitet,
369 4604 431 4665 alat
460 4612 492 4665 et
514 4611 628 4684 augeat
652 4611 714 4664 tam
739 4604 892 4668 Intense:

149 4709 269 4781 quanto
297 4701 398 4783 magis
426 4702 547 4763 bonitas
580 4719 660 4781 pura
693 4708 725 4763 et
758 4700 895 4780 infinita,

151 4799 245 4880 cujus
259 4799 438 4862 amabilitas
452 4799 551 4861 finem
571 4797 684 4874 nescit,
700 4818 771 4879 quae
790 4820 897 4862 essen-

151 4897 270 4961 tialiter
299 4906 347 4961 est
373 4898 442 4978 ipsa
468 4895 604 4958 dulcedo
631 4895 797 4976 immensa,
824 4917 897 4961 con-

151 4995 401 5071 venientissima,
419 5002 449 5056 et
468 4992 670 5075 pulchritudo
689 4995 897 5059 mundissima

152 5092 429 5171 incircumscripta
442 5093 452 5151 l

192 5192 341 5254 vaurms.
363 5222 404 5234 -
425 5188 521 5250 Recte
545 5187 723 5266 concludis,
748 5190 898 5271 quoniam

152 5288 282 5354 bonitas
295 5286 524 5369 cujuscumque
539 5295 691 5353 creature
706 5307 771 5353 non
786 5297 835 5352 est
852 5289 901 5351 ni-

950 4309 1243 4392 incnmparabiliter
1264 4307 1480 4370 inflammarit

990 4409 1141 4489 Denique,
1159 4406 1240 4469 sicut
1254 4412 1364 4485 gustus
1380 4413 1487 4467 noster
1506 4406 1539 4467 in
1562 4404 1696 4486 singulis

950 4510 1095 4572 ciborum
1114 4514 1310 4587 potuumque
1329 4502 1487 4565 alimoniis
1507 4523 1544 4565 ac
1565 4504 1697 4565 varieta-

950 4608 1048 4683 tibus,
1065 4602 1224 4684 esperilur
1238 4608 1269 4663 et
1284 4600 1408 4661 invenit
1422 4601 1505 4681 quod
1521 4600 1697 4680 appetitum

950 4722 1044 4766 sunm
1068 4701 1183 4763 excitet
1206 4707 1238 4761 et
1261 4705 1465 4779 augmentet,
1482 4706 1513 4760 et
1536 4699 1618 4761 sicut
1643 4716 1698 4760 cor

951 4802 1070 4863 bonum
1090 4800 1122 4861 in
1142 4796 1290 4861 omnibus
1309 4796 1414 4858 verbis
1433 4804 1527 4877 atque
1549 4796 1697 4877 operibus

951 4906 1078 4977 totaque
1093 4894 1331 4960 conversatione
1346 4892 1405 4955 viri
1420 4892 1506 4972 boni,
1523 4894 1697 4973 praesertim

951 4995 1071 5058 beroici
1094 5004 1126 5057 et
1145 4990 1288 5076 perfecti,
1304 4990 1426 5053 invenit
1449 4991 1533 5072 qnod
1558 5009 1697 5054 amorem

953 5112 1046 5155 suum
1065 5092 1105 5155 ad
1125 5092 1229 5153 virum
1249 5090 1339 5152 illum
1359 5097 1521 5171 provocet,
1537 5088 1644 5152 foveat
1668 5097 1699 5151 et

955 5191 1150 5254 succendat:
1168 5189 1324 5251 siccanda
1343 5188 1517 5251 electorum
1538 5187 1571 5248 in
1594 5188 1698 5250 verbis

956 5299 988 5354 et
1005 5288 1154 5372 operibus
1176 5287 1242 5367 Ilei,
1258 5294 1407 5367 tanquam
1428 5286 1461 5349 in
1484 5284 1699 5368 spiritualibus
