4309 6259
804 836 1103 963 HORAE

333 1178 472 1332 DE
533 1181 1073 1336 PASSIONE
1133 1166 1556 1338 ΒΟΜΙΝΓ

940 1879 1055 1963 Aquia
1077 1879 1145 1963 ipse
1166 1889 1216 1944 est
1242 1882 1395 1947 Dominus
1420 1885 1503 1949 Deus
1525 1896 1649 1967 nostem
1671 1906 1730 1953 uos

373 1938 437 2010 AD
465 1936 727 2011 ΜᾹΤΠΉΝᾸΒ·
981 1986 1087 2041 autem
1108 1978 1244 2061 populus
1260 1980 1341 2062 ejus,
1354 1991 1386 2045 et
1406 2002 1482 2048 oves
1505 2005 1630 2069 pascue
1644 1986 1726 2068 ejus.

246 2078 691 2161 VE,benignissimellomiue
705 2077 779 2140 lesu
792 2076 926 2157 Christe,
1020 2076 1063 2139 l'e
1082 2076 1225 2140 omnium
1241 2078 1433 2143 Salvatorem
1453 2090 1582 2166 propter
1601 2102 1659 2148 nos
1678 2104 1730 2147 ca-

259 2178 364 2260 gralia
396 2178 524 2259 plenus,
552 2175 772 2239 misericordia
798 2183 926 2253 tecum,
981 2182 1084 2257 ptum,
1100 2175 1313 2257 vulneratum,
1334 2178 1488 2259 occisum,
1509 2181 1730 2263 adoramus,0

181 2276 349 2339 benedictn
368 2275 486 2357 passio,
502 2274 636 2337 vulnera
656 2283 689 2337 et
708 2292 794 2337 mora
817 2282 881 2353 tua,
896 2282 929 2336 et
981 2272 1104 2335 Christe
1118 2272 1283 2337 altissime.

181 2374 366 2437 benedictus
386 2372 516 2455 sanguis
534 2373 703 2437 vulnerum
722 2380 860 2435 tuorum.
1021 2370 1128 2435 Gloria
1142 2372 1236 2453 Petri,
1252 2381 1283 2437 ct
1298 2374 1388 2455 llilio,
1401 2384 1433 2439 et
1447 2376 1578 2459 Spiritui
1600 2378 1727 2443 Sancto.

59 2497 167 2547 raum
217 2484 250 2535 a.
266 2472 362 2549 Deus,
379 2472 411 2533 in
426 2469 621 2553 adjutorium
636 2489 743 2533 meum
758 2468 898 2532 intende.
1022 2468 1111 2533 Sicut
1124 2478 1191 2533 erat
1206 2469 1238 2531 in
1254 2470 1423 2555 principio,
1440 2482 1472 2537 et
1489 2494 1586 2557 nunc,
1603 2485 1635 2540 et
1649 2496 1730 2541 sem·

217 2589 250 2643 a.
266 2569 413 2649 Domine,
430 2570 470 2632 ad
489 2568 705 2649 adjuvandum
725 2586 776 2629 me
796 2565 925 2629 lestina.
982 2586 1050 2648 per,
1067 2566 1146 2629 etin
1163 2568 1279 2631 saecula
1293 2570 1491 2635 seculorum.
1509 2575 1621 2637 Amen.

216 2680 249 2730 a.
269 2667 378 2731 Gloria
411 2666 505 2747 Patri,
540 2674 573 2729 et
606 2664 698 2743 Filio,
730 2673 764 2729 et
797 2664 928 2747 Spiritui
1020 2664 1187 2727 OGhriste
1208 2663 1374 2730 altissime.

181 2765 308 2829 Sancto.
1022 2761 1065 2823 'le
1084 2761 1228 2825 omnium
1243 2762 1437 2829 salvatorem
1457 2776 1588 2851 propter
1606 2786 1664 2832 nos
1679 2788 1731 2833 ca-

216 2883 249 2937 n.
266 2863 358 2925 Sicut
378 2870 445 2925 erat
468 2862 502 2924 in
523 2861 695 2944 principio,
718 2868 750 2923 et
773 2878 871 2939 nunc,
894 2868 926 2922 et
982 2868 1083 2942 ptum,
1105 2860 1317 2943 vulneratum,
1338 2864 1492 2947 occisum,
1508 2867 1729 2947 adoramus‚0

179 2980 317 3043 semper,
339 2970 372 3023 et
395 2960 428 3022 in
451 2959 567 3023 saecula
590 2958 789 3022 seculorum.
812 2960 925 3019 Amen.
982 2956 1104 3020 Christe
1125 2955 1292 3021 altissime.

214 3060 298 3123 Laus
320 3058 390 3141 tibi,
410 3058 556 3138 Domine,
575 3059 639 3121 ller
661 3065 785 3121 eternae
805 3052 966 3139 glomuli
1149 3072 1153 3079 ’
1272 3060 1436 3137 Hymnus.

214 3161 466 3221 Invitatora'um.
492 3159 535 3221 Te
559 3157 704 3221 omnium
732 3156 926 3219 Salvatorem
1123 3154 1246 3218 Vexilla
1258 3154 1354 3238 Regis
1369 3158 1538 3240 prodeunt,

176 3264 308 3339 propter
321 3274 380 3319 nos
394 3264 534 3338 captum,
548 3256 761 3335 vulneratum,
771 3253 925 3333 occisum,
1103 3254 1214 3335 Fulget
1227 3254 1332 3317 erucis
1347 3257 1545 3339 mysterium,

176 3356 360 3435 adoramus,
375 3355 433 3436 †0
447 3354 569 3417 Christe
583 3352 750 3417 altissime.
1102 3353 1168 3427 Quo
1183 3371 1278 3415 carne
1294 3354 1399 3416 carnis
1414 3355 1565 3421 Conditor

439 3456 593 3515 Psalmus
607 3456 666 3515 94.
1104 3449 1283 3531 Suspensus
1297 3460 1346 3513 est
1359 3452 1514 3533 patibulo.

50 3569 68 3610 r
66 3583 137 3621 ιιιιι
144 3576 163 3615 1-
215 3551 344 3631 Venite,
366 3550 561 3613 exsultemus
583 3549 729 3628 Domino,
751 3547 927 3631 jubilemus
1123 3546 1255 3611 Consiua
1268 3547 1369 3612 clavis
1383 3550 1507 3615 viscera

50 3633 67 3671 ⁷·
175 3649 239 3713 lleo
253 3648 386 3712 salutari
402 3655 526 3726 nostro;
535 3665 794 3729 preoccupemus
809 3646 926 3711 laciem
1103 3646 1248 3709 Tendens
1263 3666 1387 3727 manus,
1404 3651 1538 3733 vestigia
1556 3676 1564 3731 3

175 3747 246 3828 ejus
272 3748 309 3809 in
333 3744 546 3825 confessione,
572 3744 662 3809 etin
687 3744 819 3828 psalmis
841 3745 926 3828 juni·
1104 3744 1343 3827 Redemptiouis
1357 3748 1470 3829 gratia,

175 3846 280 3909 lomus
295 3845 338 3909 ei.
1103 3843 1160 3907 llic
1175 3842 1339 3907 immolata
1352 3853 1401 3907 est
1415 3846 1528 3910 hostia.

214 3945 258 4007 'l'e
278 3942 425 4007 omnium
439 3942 634 4005 Salvatorem
652 3951 781 4025 propter
799 3960 858 4007 nos
876 3963 928 4007 ca·
1123 3942 1190 4017 Quo
1203 3941 1389 4006 vulneratus
1404 3942 1537 4027 insuper

175 4050 279 4124 ptum,
302 4042 516 4118 vulneratum,
537 4040 692 4119 occisum,
709 4041 887 4123 adoramus,
904 4043 928 4106 0
1104 4039 1251 4103 lluarone
1266 4038 1343 4103 dirae
1359 4040 1488 4124 lancee,

174 4140 302 4203 Christe
317 4138 485 4203 altissime.
1103 4138 1142 4200 Ut
1155 4155 1214 4201 nos
1228 4138 1348 4201 lavaret
1362 4138 1508 4221 crimine,

213 4239 372 4313 Quoniam
386 4238 471 4301 lleus
490 4256 623 4320 magnus
637 4238 801 4316 Dominus,
818 4248 850 4301 et
864 4239 927 4302 Rex
945 4236 968 4299 C
1103 4235 1239 4299 llanavit
1252 4238 1339 4299 unda
1353 4239 1519 4321 sanguine.

174 4356 314 4420 magnus
335 4355 431 4418 super
448 4354 559 4399 omnes
573 4337 649 4400 deos
668 4361 675 4398 :
692 4337 843 4418 quoniam
862 4356 927 4401 nou
1124 4336 1254 4418 lmpletu
1269 4344 1343 4399 sunl
1357 4356 1427 4419 quae
1442 4338 1584 4401 concinit

173 4435 313 4518 repellet
331 4434 485 4498 Dominus
505 4434 632 4516 plebem
654 4454 743 4497 suam
767 4458 775 4497 ε
796 4434 871 4517 quia
893 4435 926 4496 in
1104 4434 1202 4498 David
1218 4434 1325 4498 lidelis
1341 4436 1494 4516 carmine,

173 4553 275 4597 manu
289 4531 363 4614 ejus
377 4540 452 4595 suut
465 4550 577 4595 omnes
591 4532 674 4595 lines
689 4541 790 4612 terme,
806 4542 839 4596 et
856 4533 926 4595 alti·
1103 4533 1217 4596 Dicens
1235 4557 1242 4595 :
1258 4534 1292 4595 ln
1308 4533 1490 4597 nationibus

174 4632 306 4695 tudines
321 4630 477 4694 montium
491 4630 560 4713 ipse
575 4630 743 4713 conspicit.
1102 4629 1258 4713 Regnavit
1272 4650 1290 4693 a
1304 4631 1393 4711 ligno
1407 4631 1500 4694 Deus.

211 4730 236 4793 0
258 4728 385 4793 Christe
407 4728 571 4791 altissime.
1123 4728 1178 4807 Te,
1195 4747 1319 4791 summa
1333 4729 1416 4793 licus
1431 4730 1581 4811 Trinitas,

212 4826 373 4903 Quoniam
388 4825 490 4909 ipsius
500 4834 549 4889 est
563 4834 702 4905 mereat
719 4826 787 4908 ipse
798 4825 875 4890 lecit
891 4827 927 4889 il·
1102 4826 1266 4890 Collaudet
1280 4826 1385 4891 omnis
1400 4829 1531 4910 spiritus
1544 4853 1552 4909 3

170 4927 281 5005 lud,et
292 4924 414 4988 aridam
427 4924 643 4988 lundaverunt
656 4943 769 4987 manus
783 4925 928 5006 ejustve
1102 4926 1185 5001 Quos
1200 4946 1257 5008 per
1271 4926 1375 4990 crucis
1390 4927 1575 5010 mysterium

171 5024 444 5103 nite,adoremus‚
457 5030 489 5084 et
502 5021 705 5104 procidamus
720 5029 793 5085 aute
806 5022 924 5102 Deum3
1102 5024 1222 5103 SalveS,
1239 5044 1313 5107 rege
1327 5045 1384 5108 per
1399 5026 1525 5088 secula.
1543 5027 1653 5088 Amen.

171 5123 340 5206 ploremus
368 5139 474 5185 coram
497 5120 642 5198 Domino,
663 5119 718 5201 qui
742 5120 820 5183 lecit
839 5138 923 5183 nos:
1020 5124 1222 5201 Antiphone.
1241 5123 1383 5187 Christus
1398 5122 1509 5187 dilexit
1523 5140 1591 5186 uos.

219 5306 229 5344 ¹
248 5302 295 5353 Ex
311 5299 434 5354 editione
447 5298 606 5353 Coloniensi
620 5300 737 5354 loannis
750 5300 868 5362 Soteris,
884 5301 956 5352 15³2.
