4309 6259
481 488 542 552 tto
992 503 1150 554 mrosrrrc
1170 504 1277 552 aissa.
1301 522 1341 535 —
1362 504 1431 551 tur.
1454 506 1521 552 xvu

484 675 566 737 fleus
581 674 667 737 euim
683 675 717 737 in
731 674 880 739 omnibus
899 683 947 738 est
968 694 1025 757 per
1045 676 1229 752 essentiam,
1245 675 1271 736 ll
1792 734 1804 751 ,

485 774 685 853 pvaescntiam
700 783 732 837 ει
746 774 931 856 potentiam.
949 774 1004 836 Est
1023 794 1162 856 namque
1185 773 1233 835 iu·
1472 734 1717 799 ARTICULUS
1740 734 1849 797 xm·

485 871 794 953 circumSssfillffllilis
813 881 844 934 θῑ
863 892 937 935 lese
963 873 1149 949 immensus,
1165 890 1232 933 ⁰1¹¹·
1286 892 1333 950 De
1366 892 1533 950 intellectu
1568 891 1785 966 Proesctiom's
1817 901 2007 965 superscnctc

485 969 539 1031 uia
560 978 741 1050 penetrans,
757 970 864 1033 omnia
885 970 1064 1046 continens,
1082 970 1232 1031 universa
1328 980 1505 1039 Trinitatis
1532 1000 1543 1038 .·
1569 980 1633 1047 Qui
1656 998 1730 1039 cum
1752 981 1917 1056 unigenito
1939 982 2007 1040 Filio

484 1068 651 1146 excedens,
667 1069 933 1149 quemadmodum
954 1067 987 1129 in
1008 1067 1066 1130 lob
1088 1067 1229 1129 dicitur:
1327 1076 1394 1137 tuo,
1411 1075 1470 1129 etc.

336 1189 468 1240 coactas.
484 1164 645 1227 Excelsior
659 1166 740 1228 coelo
755 1173 814 1245 est,
831 1165 954 1245 etquid
969 1164 1085 1226 faciest
1102 1164 1233 1246 profun-

485 1261 556 1323 dior
576 1260 714 1339 inferno,
731 1270 762 1323 et
778 1262 861 1324 unde
883 1264 1078 1342 coguoscesl
1095 1260 1232 1341 Longior
1363 1264 1594 1330 UICUMQUE
1602 1264 1842 1340 glorificaverit
1860 1284 1916 1333 ine,
1927 1266 2006 1340 pleri·
2017 1286 2097 1340 ira-a:

483 1367 568 1421 terra
582 1378 731 1422 mensura
752 1359 834 1439 ejus,
850 1368 883 1422 ει
904 1359 997 1421 latior
1018 1358 1109 1421 mari.
1127 1358 1231 1422 Tertio
1371 1362 1472 1437 ficato
1492 1380 1577 1430 cnm,
1594 1359 1639 1422 ait
1657 1360 1809 1423 Dominus
1824 1384 1832 1437 ;
1849 1364 1905 1440 qut
1920 1370 2005 1420 cutem

484 1458 530 1520 sic
542 1477 577 1517 :c
592 1457 678 1519 Pleni
695 1465 769 1520 sunt
783 1457 855 1521 coeli
872 1464 904 1519 et
918 1465 1001 1519 terra
1015 1457 1117 1537 gloria
1132 1464 1185 1517 tua
1201 1478 1229 1533 n,
1287 1466 1496 1518 contemnunt
1520 1478 1581 1527 me,
1601 1468 1701 1518 erunt
1725 1460 1889 1535 ignobiles.
1905 1458 2008 1521 Coulm

484 1555 516 1617 id
532 1563 589 1633 cst,
608 1554 641 1616 in
655 1555 804 1618 omnibus
819 1556 984 1633 creaturis,
999 1554 1180 1617 visibilibus
1201 1563 1233 1616 et
1288 1555 1336 1618 sio
1351 1554 1466 1637 triplex
1481 1563 1540 1617 est.
1554 1556 1608 1617 Est
1623 1555 1708 1617 enim
1725 1554 1884 1619 confessio
1897 1557 2007 1638 propria

484 1653 713 1731 invisibilibus,
732 1654 852 1716 relucet
875 1654 984 1715 diviua
1009 1651 1175 1733 perfectio.
1196 1653 1231 1714 lu
1288 1652 1400 1733 culpae,
1418 1660 1551 1734 quaeest
1570 1661 1659 1715 actus
1681 1653 1895 1734 poeuiteutiae3
1910 1654 1944 1715 de
1960 1672 2008 1734 qua

484 1752 633 1814 omnibus
647 1752 734 1813 euim
748 1760 880 1833 apparet
891 1751 1048 1833 sapientia
1062 1758 1094 1812 et
1108 1751 1231 1813 bouitas
1288 1751 1422 1814 lacobus
1443 1750 1486 1813 ait
1503 1774 1510 1812 ε
1527 1750 1731 1813 Confitemini
1754 1752 1933 1813 alterutrum
1952 1770 2097 1833 pcc-,mna

484 1858 578 1931 atquc
600 1850 742 1932 potentia
767 1850 932 1926 Creatoris,
954 1848 987 1909 iu
1012 1848 1234 1911 intellectuali·
1250 1854 1357 1917 Beata
1373 1857 1489 1927 vestra,
1507 1856 1538 1911 et
1552 1857 1640 1912 orate
1654 1868 1712 1931 pro
1733 1848 1871 1911 invicem
1886 1857 1917 1911 ut
1930 1850 2008 1911 salve

485 1947 545 2010 bus
559 1948 688 2029 quidem
703 1966 760 2029 per
774 1948 903 2010 modum
920 1947 1079 2028 imaginis,
1096 1947 1131 2008 ia
1153 1946 1234 2009 infe·
1289 1946 1379 2009 mini.
1396 1948 1452 2009 Est
1465 1966 1591 2029 quoque
1607 1946 1767 2011 confessio
1784 1947 1886 2009 laudis
1902 1948 2006 2025 divine,

485 2045 622 2108 rioribus
637 2064 713 2108 vero
728 2063 784 2126 per
798 2046 928 2108 modum
948 2044 1086 2125 vestigii.
1103 2044 1233 2126 Propter
1288 2047 1327 2108 de
1349 2063 1411 2126 qua
1434 2044 1577 2107 Christus
1603 2045 1635 2106 in
1661 2044 1834 2126 Evangelio
1851 2068 1858 2106 ε
1875 2045 2068 2110 Confiteorvm
2084 2084 2098 2110 i..

336 2144 570 2227 13„n„„.‚quod
590 2144 624 2205 in
643 2144 867 2206 Ecclesiastico
891 2143 1031 2225 legitur:
1048 2142 1153 2205 Gloria
1177 2142 1231 2204 Dei
1288 2142 1417 2223 (inquit)
1437 2142 1507 2220 tihi,
1524 2142 1625 2220 Pater,
1641 2142 1774 2205 Domine
1797 2143 1869 2206 coeli
1884 2152 1913 2205 et
1926 2152 2006 2205 terra.
2018 2132 2040 2173 ²²

337 2242 371 2283 ¹⁶·
485 2244 616 2324 plenum
640 2251 688 2305 εει
711 2260 791 2323 opus
816 2242 897 2324 ejus.
914 2242 959 2304 Ex
982 2260 1045 2323 qua
1074 2241 1232 2303 elucentia
1288 2241 1326 2303 Et
1350 2241 1409 2302 ista
1434 2240 1594 2303 confessio
1618 2248 1706 2303 actus
1731 2248 1780 2303 εει
1804 2241 1910 2305 latria.
1927 2242 2009 2302 Tertia

484 2341 654 2405 relucescit
672 2359 768 2422 quam
787 2340 943 2422 gloriosus
969 2340 1011 2401 sit
1034 2340 1127 2401 Deus.
1144 2339 1231 2413 Quod
1289 2348 1336 2401 cst
1357 2338 1517 2403 confessio
1537 2339 1780 2417 credendorum,
1798 2340 1961 2402 secundum
1982 2339 2009 2400 il-

349 2460 425 2505 um.
439 2473 469 2511 ιι,
483 2446 589 2501 autem
604 2438 799 2520 adjungitur,
815 2442 972 2500 Hosanna
988 2440 1024 2497 in
1038 2440 1184 2507 excelsis,
1200 2436 1232 2497 id
1289 2438 1342 2499 lud
1358 2437 1498 2520 Apostoli
1518 2437 1637 2501 :Corde
1653 2437 1793 2499 creditur
1807 2438 1847 2500 ad
1861 2437 2007 2519 justiliam
2019 2464 2098 2506 aare

338 2528 372 2569 ¹⁰·
484 2546 532 2599 est
549 2560 556 2599 ε
574 2537 667 2599 Salva
687 2555 758 2617 nos,
778 2536 922 2615 Domine,
944 2545 979 2598 ut
999 2536 1233 2617 conjungamur
1287 2554 1341 2599 ore
1356 2544 1461 2600 autem
1477 2535 1637 2598 confessio
1652 2534 1691 2597 fit
1705 2536 1744 2597 ad
1760 2535 1904 2599 salutem.
1919 2535 1950 2597 Et
1964 2534 2009 2595 ista

485 2637 628 2699 societati
652 2636 841 2699 Sanctomm
863 2635 896 2696 in
918 2635 1020 2698 coelis.
1288 2634 1447 2697 confessio
1462 2642 1551 2697 actus
1567 2632 2008 2697 estfidei.hctusautemf1dci

363 2756 470 2805 urcem
523 2736 559 2797 lu
578 2753 616 2798 eo
636 2742 742 2798 autem
759 2735 844 2817 quod
864 2734 1018 2815 sequitur,
1037 2734 1233 2795 Benedictus
1287 2732 1469 2796 meritorius
1484 2740 1543 2811 est,
1560 2732 1592 2793 in
1608 2739 1762 2813 quantum
1779 2733 1864 2795 cadit
1879 2732 1932 2795 sub
1948 2750 2009 2813 pm·

336 2820 544 2924 {mhuhqui
571 2836 660 2894 venit
690 2836 725 2893 io
750 2835 882 2893 nominc
904 2834 1052 2902 Domini,
1076 2830 1160 2913 quod
1185 2838 1232 2892 est
1288 2838 1400 2914 cept03
1420 2839 1450 2893 et
1469 2849 1532 2911 quo
1552 2830 1632 2893 illud
1655 2832 1695 2893 de
1718 2848 1781 2912 quo
1805 2840 1855 2893 εει
1877 2830 2010 2906 fides‚cst
2099 2848 2100 2911 j

485 2932 646 2994 cauticum
661 2930 860 2994 obviantium
875 2930 998 2994 Christo
1013 2948 1183 3011 puerorum
1198 2929 1232 2991 iu
1287 2930 1388 3012 magis
1404 2930 1558 2992 rationem
1574 2929 1730 2992 excedens
1744 2938 1776 2992 ει
1791 2930 2010 3012 incomprehcu·
2099 2918 2100 2977 ἕ

484 3030 536 3093 die
560 3030 750 3107 Palmarum,
777 3028 923 3091 laudatur
951 3028 1092 3091 Christus
1120 3029 1268 3093 secun-G
1288 3028 1392 3106 sibile,
1419 3034 1505 3091 tauto
1534 3027 1693 3091 confessio
1723 3027 1794 3109 ejus
1819 3035 1868 3091 est
1894 3026 2009 3109 amplius
2099 3024 2100 3027 ’

484 3128 560 3190 dum
587 3127 816 3191 humanitatem
840 3134 1046 3208 assumptam.
1072 3128 1115 3189 lle
1140 3127 1231 3209 cujus
1288 3126 1459 3189 meritoria.
1477 3126 1577 3201 Ouum
1593 3144 1668 3206 crgo
1686 3126 1840 3189 articulus
1862 3126 1934 3189 fidei
1954 3125 2010 3186 bca·

485 3225 707 3288 benedictione
730 3226 765 3287 in
788 3225 928 3287 humana
952 3232 1064 3286 natura
1088 3234 1232 3289 cantatur
1286 3225 1417 3287 tissima
1432 3224 1593 3286 Trinitatis
1608 3224 1650 3287 sit
1664 3224 1808 3288 omnium
1828 3224 2010 3287 articulorum

335 3340 470 3391 renuas.
485 3325 519 3385 iu
546 3324 670 3387 Psalmo
697 3347 704 3384 z
732 3322 901 3404 Speciosus
929 3322 1032 3385 forma
1060 3341 1125 3404 prae
1153 3323 1231 3387 filiis
1287 3323 1364 3385 fidei
1381 3341 1443 3386 uon
1460 3324 1561 3386 solum
1578 3324 1711 3404 primus,
1729 3323 1895 3386 sedetiam
1913 3320 2011 3384 diflici-

485 3423 664 3501 bomiuum,
680 3419 800 3484 diffusa
814 3429 862 3484 εει
876 3421 978 3502 gratia
993 3421 1026 3482 in
1042 3421 1135 3483 labiis
1155 3423 1229 3503 tuis,
1287 3422 1347 3484 lior
1376 3430 1470 3502 atquc
1503 3420 1862 3503 incomprehensibilior
1888 3420 2010 3491 cunctis;

484 3528 652 3602 propterea
673 3519 836 3582 benedixit
849 3528 880 3581 te
899 3520 981 3581 fleus
1000 3519 1033 3579 iu
1054 3527 1228 3596 aetemum3
1287 3520 1407 3583 idcirco
1428 3520 1590 3582 Trinitatis
1615 3518 1786 3597 confessio,
1804 3528 1868 3581 tam
1890 3518 2009 3590 interior,

347 3635 388 3681 ει.
401 3638 468 3689 xci.
483 3626 516 3681 ει
533 3619 638 3681 denuo
655 3641 663 3679 ι
680 3616 862 3681 Praevenisti
884 3636 957 3679 eum
980 3617 1014 3678 in
1036 3617 1231 3682 benedictio
1286 3636 1356 3698 quae
1370 3617 1434 3680 dici
1455 3624 1558 3698 potest
1579 3617 1818 3698 contemplatio,
1835 3635 1926 3698 quarn
1945 3624 2012 3677 crte

483 3716 578 3778 nibus
602 3715 794 3779 dulcedinis.
819 3714 968 3778 Omnium
992 3714 1079 3777 euim
1108 3716 1231 3778 divina·
1287 3714 1362 3792 rior,
1375 3734 1444 3796 quae
1459 3714 1522 3777 dici
1540 3722 1643 3796 potest
1657 3715 1778 3777 vocalis
1793 3712 2012 3792 laudatio,inter

483 3834 553 3876 rum
593 3813 766 3876 eminentia
803 3813 977 3893 gratiarum
1013 3813 1135 3894 repleta
1170 3814 1232 3876 luit
1285 3812 1489 3875 omnesfidei
1506 3812 1725 3876 confessiones
1746 3821 1795 3875 εει
1816 3814 2011 3875 maximeme

482 3911 663 3973 humanitas
695 3909 809 3973 Christi
842 3909 911 3971 sine
946 3909 1073 3990 praeviis
1107 3909 1229 3971 meritis
1287 3911 1406 3974 vitoria.
1423 3912 1461 3973 Et
1475 3910 1503 3973 si
1518 3911 1625 3974 anima
1640 3910 1736 3973 fuerit
1751 3911 1907 3974 illustrata
1919 3907 2011 3971 diviui-

482 4009 561 4071 suis.
578 4008 743 4090 Repetitur
764 4016 869 4070 autem
884 4008 945 4072 hoc
961 4008 1031 4071 loco
1050 4032 1056 4069 :
1073 4012 1231 4070 Hosaooa
1285 4017 1335 4071 tus
1351 4019 1382 4071 et
1395 4011 1488 4072 docta
1503 4028 1521 4072 a
1535 4009 1682 4089 Domino,
1690 4008 1733 4071 ita
1748 4017 1783 4071 ut
1797 4028 1835 4073 ea
1849 4028 1916 4090 que
1931 4007 2010 4068 lidcru

482 4109 518 4167 in
537 4110 681 4168 excelsis.
697 4106 835 4168 Petimus
855 4106 940 4168 enim
966 4126 985 4168 a
1009 4107 1072 4169 Deo
1096 4104 1229 4168 salutem
1285 4128 1321 4170 ac
1337 4108 1463 4171 laudem
1478 4106 1641 4170 Trinitatis
1663 4108 1840 4188 continent,
1856 4109 1921 4171 acie
1940 4123 2011 4168 mcu-

481 4214 513 4268 ει
533 4205 668 4287 gloriam
690 4204 804 4267 auimae
826 4212 857 4267 et
878 4204 1032 4286 corporis.
1244 4206 1326 4275 Dtis
1341 4205 1466 4269 sincera
1488 4206 1664 4288 intelligat;
1681 4212 1756 4268 tuuc
1778 4205 1935 4269 confessio
1953 4201 2011 4266 talis

521 4302 666 4367 Praefatio
679 4321 818 4386 quoque,
835 4303 917 4366 sicut
931 4323 969 4365 ex
989 4302 1229 4366 circumstantia
1285 4305 1489 4368 dilectionem
1509 4304 1715 4367 vehementer
1733 4305 1889 4383 accendit,
1910 4300 2011 4367 devoti·
2098 4372 2099 4383 χ

482 4404 653 4465 verborum
681 4409 778 4484 patet,
805 4402 844 4463 ad
874 4401 971 4464 Deum
1001 4401 1123 4463 Patrem
1153 4401 1230 4463 diri·
1285 4422 1441 4485 onemque
1465 4401 1632 4466 efficacius
1653 4402 1779 4466 excitat.
1800 4404 1947 4478 Quoniam
1966 4400 2012 4481 igi-

482 4502 577 4583 gitur.
594 4500 728 4563 Additur
742 4500 828 4563 enim
846 4500 928 4562 :Per
946 4500 1105 4563 Christum
1125 4500 1230 4563 Domi·
1284 4510 1337 4565 tur
1354 4500 1498 4564 Praefatio
1514 4501 1676 4563 Trinitatis
1696 4502 1909 4582 pulcherrima
1922 4508 1974 4577 est,
1988 4506 2012 4560 et

484 4620 559 4663 num
581 4608 736 4664 nostrum.
753 4599 998 4681 Agnoscendum
1020 4598 1128 4677 etiam,
1145 4600 1229 4680 quod
1284 4601 1447 4663 nonnullis
1470 4600 1546 4663 satis
1565 4600 1723 4678 diflicilia,
1741 4602 1870 4682 expedit
1890 4600 1954 4683 ejus
1972 4616 2013 4660 er·

482 4700 593 4761 decem
618 4706 692 4760 sunt
714 4696 929 4776 Praefationes,
955 4715 1089 4778 quarum
1113 4715 1228 4762 novem
1285 4699 1459 4782 planationi
1475 4698 1637 4781 paulisper
1652 4699 1819 4763 intendere
1837 4724 1844 4761 :
1862 4719 1923 4764 uon
1941 4697 2012 4761 euim

481 4796 625 4860 Gelasius
649 4796 732 4877 Papa
756 4796 937 4874 ordinavit3
953 4794 1098 4876 Pelagius
1122 4804 1228 4860 autem
1284 4799 1396 4861 devote
1411 4804 1443 4859 et
1457 4796 1632 4860 affectuose
1647 4816 1683 4860 ac
1699 4798 1837 4861 dulciter
1851 4798 1911 4880 legi
1926 4801 2013 4879 potest

481 4894 563 4975 Papa
590 4894 680 4975 quasi
708 4892 911 4957 Praefatioues
939 4893 1110 4975 compegit.
1141 4895 1230 4958 Deci·
1283 4896 1346 4957 nisi
1370 4895 1577 4976 intelligatur.

479 5011 565 5055 mam
580 5011 666 5070 vero,
684 5011 754 5073 quse
776 5000 823 5054 est
844 4992 884 5054 de
905 4992 997 5055 beata
1012 4992 1141 5073 Virgine
1162 4992 1230 5073 glo-
1323 4994 1359 5056 Et
1394 4994 1524 5075 quidem
1560 5012 1672 5057 sensus
1706 4994 1803 5076 hujus
1836 4990 2012 5059 Praefationis

479 5091 575 5170 riusa,
592 5092 734 5154 Urbanus
748 5090 831 5172 Papa
846 5090 1047 5172 postmodum
1063 5091 1150 5153 fecit.
1168 5091 1229 5153 Sed
1283 5112 1383 5174 usque
1410 5094 1449 5155 ad
1479 5112 1548 5155 eam
1577 5101 1699 5177 partem
1728 5112 1790 5175 qua
1819 5094 1942 5171 dicitur,
1965 5088 2011 5165 Oui

479 5198 512 5253 et
532 5190 636 5253 Sixtus
661 5191 743 5273 Papa
764 5189 925 5254 ordinavit
943 5192 1086 5251 Sanctus
1108 5190 1228 5253 cautam
1283 5210 1356 5253 oum
1381 5191 1546 5273 unigenito
1571 5191 1650 5255 Pilio
1674 5200 1739 5270 tuo,
1762 5211 1801 5256 ex
1825 5188 2011 5275 praeinductis

479 5288 514 5354 in
534 5287 637 5351 llisaa.
1283 5298 1410 5373 apertus
1425 5289 1630 5371 cstlleulque
1644 5291 1728 5372 quod
1744 5289 1863 5353 dicitur
1876 5292 1914 5354 de
1925 5288 2009 5367 Patra,
