4309 6259
435 465 496 530 362
938 486 1099 536 nmosmo
1119 488 1228 536 mssa.
1251 506 1292 519 -
1311 489 1381 537 aar.
1405 490 1491 539 xxvn

438 655 480 719 sit
495 656 659 720 intendere
674 658 798 722 actibus
819 660 953 723 aliamm
973 661 1186 743 potentiarum
1200 662 1226 724 ll
1242 660 1361 725 confici
1377 661 1507 744 sanguis
1522 661 1721 742 Christi‚non
1736 661 1881 745 apposita
1894 681 1980 745 aqua.

439 774 568 818 suarum
587 780 594 818 :
611 756 730 821 idcireo
743 758 925 822 intellectus
947 760 1031 823 circa
1052 760 1185 823 subtiles
1240 758 1346 824 Nihilo
1361 760 1468 823 minus
1483 779 1565 842 aqua
1579 760 1653 825 vino
1668 761 1831 824 miscenda
1850 768 1907 823 cst.
1923 760 1982 823 l’ri-

438 861 532 936 atque
561 853 715 918 difficiles
745 857 894 920 materias
919 877 1062 936 versans,
1088 866 1119 921 et
1146 858 1185 920 ad
1241 876 1304 937 mo,
1333 866 1461 939 propter
1484 859 1718 923 ordinationem
1747 858 1982 922 Ecclesiaste

439 951 683 1034 intelligendum
697 962 792 1035 atque
807 956 1013 1019 scrutandum
1027 957 1186 1038 profunda
1241 956 1357 1036 cundo,
1366 964 1497 1039 propter
1511 956 1887 1039 significationemdqna
1901 957 1981 1019 enirn

439 1050 646 1115 immoderate
660 1061 716 1115 aut
728 1053 853 1117 fortiter
867 1064 1024 1136 satagente,
1034 1056 1185 1138 frigidum
1241 1062 1370 1136 propter
1388 1075 1478 1118 suam
1503 1055 1740 1119 multitudinem
1765 1056 1869 1137 signat
1892 1074 1982 1137 popu·
2124 1140 2125 1147 ἵ

438 1157 471 1212 et
491 1146 675 1213 indevotum
694 1151 773 1214 facit
792 1172 874 1234 saepe
893 1152 1058 1217 affectum.
1075 1156 1111 1216 ln
1126 1155 1186 1216 hae
1240 1151 1318 1230 lum,
1345 1154 1385 1216 de
1413 1172 1476 1235 quo
1505 1154 1550 1216 ait
1578 1154 1743 1217 Psalmista
1770 1176 1778 1215 :
1806 1153 2083 1220 Secundnrnn.11,a

437 1256 543 1310 autom
558 1250 792 1332 conscriptione
806 1270 871 1314 non
887 1251 949 1314 fuit
963 1253 1097 1316 intentio
1120 1272 1186 1316 mo-
1240 1250 1441 1315 altitudinem
1465 1260 1551 1315 tuam
1577 1252 1797 1334 multiplicasti
1824 1251 1908 1315 filios
1930 1252 1982 1316 ho-
2124 1314 2125 1323 ἶ

436 1364 512 1409 vere
540 1346 591 1409 vel
620 1355 749 1429 tangere
777 1348 840 1411 nisi
870 1368 907 1411 ea
935 1367 1005 1430 quae
1031 1349 1185 1413 affectum
1241 1349 1385 1429 minum;
1403 1359 1435 1413 et
1449 1352 1582 1433 Sapiens
1600 1375 1606 1413 :
1624 1351 1708 1414 liitte
1724 1351 1857 1432 (inquit)
1872 1370 2096 1432 panemroeenr.
2124 1362 2125 1385 ³

437 1444 573 1507 excitare
606 1452 638 1507 et
665 1446 826 1509 devotioni
856 1455 990 1527 possunt
1014 1447 1183 1529 prolicere,
1240 1457 1331 1511 tuum
1347 1468 1443 1531 super
1459 1458 1661 1513 transeuntes
1675 1469 1784 1531 aquea,
1801 1450 1835 1513 id
1854 1458 1901 1512 est
1920 1450 1983 1532 ple-

436 1541 623 1621 exponendo
642 1542 739 1605 verba
759 1542 857 1606 ldissae
876 1544 1022 1607 devotius
1045 1564 1108 1627 quo
1131 1566 1185 1609 va·
1241 1548 1314 1610 bem
1344 1547 1525 1611 mendicam
1553 1568 1610 1612 seu
1638 1568 1821 1632 pauperem.
1849 1549 1885 1611 Ut
1911 1566 1982 1629 ergo

439 1639 554 1702 lebam.
588 1640 737 1715 Quamvis
771 1660 847 1723 ergo
881 1642 966 1705 circa
1000 1644 1183 1725 praedictam
1240 1643 1398 1726 figuretur
1415 1647 1500 1727 quod
1523 1667 1581 1729 per
1602 1646 1841 1709 Sacramentum
1862 1646 1982 1729 sangui·

437 1738 569 1801 canonis
584 1747 707 1819 partem
721 1745 753 1801 et
767 1758 837 1801 eam
852 1758 922 1821 quae
938 1742 1090 1822 sequitur,
1103 1743 1185 1824 pela·
1240 1742 1291 1805 nis
1316 1743 1445 1823 Christi,
1461 1746 1599 1826 populus
1623 1745 1746 1808 Christo
1770 1745 1980 1826 coniungitur,

435 1855 495 1918 gus
519 1837 678 1916 quoddam
702 1837 894 1900 immensum
918 1838 1183 1903 difficillimarum
1197 1840 1221 1903 B
1240 1843 1384 1905 addenda
1399 1851 1447 1905 est
1461 1862 1543 1925 aqua
1558 1843 1650 1921 vino,
1667 1843 1842 1921 etiterum,
1859 1842 1982 1924 quiade

436 1934 647 2017 questionum
661 1944 757 2017 queat
770 1936 903 2015 moveri,
919 1955 983 2000 non
1001 1946 1107 2001 nmen
1127 1940 1185 2001 hu·
1241 1940 1337 2003 latere
1370 1941 1485 2004 Christi
1523 1942 1634 2005 lancea
1666 1941 1778 2005 militis
1808 1941 2097 2017 vulnerato,‚r,.„‚„„

435 2032 615 2114 juscemodi
630 2033 831 2097 introducere
846 2034 880 2097 in
895 2036 956 2099 hoe
971 2035 1080 2100 libello
1100 2056 1186 2101 com·
1239 2038 1337 2101 exivit
1352 2040 1480 2121 sanguis
1496 2048 1528 2103 et
1546 2059 1646 2121 aqua3
1668 2040 1773 2118 tertio,
1786 2040 1862 2120 quia
1876 2040 1983 2121 proba·
1995 2038 2024 2076 ³⁴·

436 2130 724 2213 placuit,qnoniam
742 2132 815 2195 talia
830 2132 862 2193 in
873 2132 966 2196 ldissa
976 2135 1122 2198 meditari
1132 2136 1183 2199 vel
1240 2136 1303 2199 bile
1318 2145 1419 2217 est‚ut
1430 2138 1565 2202 Thomas
1580 2138 1833 2220 opinatur,quod
1845 2137 1983 2200 Christus
2006 2158 2057 2230 sar.
2072 2156 2097 2204 n.

319 2295 322 2302 ,
437 2230 636 2293 considerare
652 2249 716 2294 non
731 2234 868 2314 expedit,
880 2242 991 2317 utputa
1005 2235 1044 2297 de
1059 2236 1185 2297 mirabi-
1238 2234 1271 2295 in
1287 2234 1362 2297 vino
1378 2235 1539 2317 lymphato
1558 2235 1770 2314 consecravit,
1787 2255 1826 2300 eo
1847 2236 1930 2317 quod
1951 2234 1983 2296 in
1995 2222 2098 2334 {³214

436 2326 519 2389 libus
540 2346 610 2408 quae
624 2328 656 2389 in
671 2329 732 2392 hoc
753 2331 949 2395 sacramento
971 2333 1182 2414 contingunt;
1239 2334 1334 2396 'ferra
1362 2342 1470 2397 sancta
1499 2335 1563 2397 sint
1592 2336 1668 2397 vina
1699 2334 1888 2411 fortissima,
1917 2353 1983 2415 qna

436 2426 491 2488 sed
508 2426 583 2488 talia
596 2425 783 2490 firmissima
798 2428 863 2493 fide
877 2438 1027 2513 tanquam
1047 2431 1185 2494 certissi-
1239 2432 1336 2494 moris
1352 2440 1399 2495 est
1415 2432 1585 2513 temperari
1602 2452 1659 2514 per
1679 2451 1806 2514 aquarn.
1824 2432 1982 2511 Praeterea,

436 2542 489 2586 ma
503 2526 721 2606 supponendo,
739 2546 777 2589 ea
792 2528 1036 2609 contemplanda
1055 2538 1130 2591 sunt
1150 2530 1183 2591 in
1239 2529 1414 2591 secundum
1439 2530 1670 2611 Innocentium,
1697 2549 1779 2611 aqua
1803 2531 1985 2593 absorbetur

436 2621 549 2685 officio
583 2622 682 2687 ldissae
716 2644 787 2705 quae
821 2626 974 2690 affectum
1010 2628 1184 2690 accendere
1239 2627 1364 2706 avino,
1380 2636 1410 2689 et
1433 2626 1528 2689 simul
1552 2636 1691 2691 mutatur
1712 2647 1786 2691 eum
1806 2628 1897 2691 eoin
1918 2648 1986 2691 san-

434 2727 565 2802 quennt,
585 2719 735 2783 videlicet
750 2746 757 2784 τ
775 2731 861 2785 tanta
879 2723 995 2786 caritas
1014 2724 1081 2804 Dei,
1098 2732 1185 2786 tanta
1239 2724 1369 2806 guinem
1392 2725 1505 2788 Christi
1523 2749 1531 2787 ε
1548 2734 1580 2789 et
1599 2744 1674 2808 ergo
1694 2726 1728 2787 in
1748 2725 1841 2789 valde
1863 2726 1985 2791 modica

435 2818 578 2899 dignatio
598 2826 629 2881 et
650 2818 820 2882 liberalitas
839 2820 967 2900 Christi,
990 2830 1078 2884 muta
1097 2822 1185 2885 beni-
1240 2822 1416 2904 quantitate
1431 2824 1595 2887 miscenda
1610 2831 1669 2902 est,
1687 2832 1817 2906 propter
1837 2825 1987 2887 securita-

434 2916 550 2997 gnitas,
567 2924 661 2997 atque
686 2918 805 2980 similia
825 2918 983 2982 beneficia
1002 2920 1097 3001 Regis
1118 2919 1184 2981 Sal·
1239 2928 1315 2999 tem,
1333 2921 1406 3002 quia
1420 2940 1480 2985 neo
1495 2922 1587 2985 decet
1601 2921 1634 2984 in
1652 2921 1709 2985 vili
1724 2930 1780 2984 aut
1793 2922 1892 2985 debili
1912 2922 1986 2985 rino

434 3013 614 3093 veterisque
639 3015 739 3076 nostri
753 3039 761 3093 3
777 3016 861 3096 quod
887 3023 933 3079 tot
955 3024 987 3079 et
1011 3025 1098 3079 tanta
1125 3036 1183 3099 pro
1202 3021 1224 3084 C
1240 3037 1438 3099 consecrare,
1456 3018 1539 3082 sient
1560 3040 1620 3083 nee
1644 3018 1678 3081 in
1704 3039 1787 3102 pane
1811 3020 1984 3095 maculoso,

435 3120 544 3174 nostra
566 3112 666 3175 salute
686 3113 828 3193 quotidie
847 3116 935 3191 facit,
952 3116 1036 3195 quod
1057 3116 1103 3179 sic
1127 3134 1183 3179 no·
1240 3125 1368 3198 propter
1388 3116 1467 3179 tanti
1489 3118 1682 3181 sacramenti
1704 3118 1871 3181 honorem.

436 3209 561 3272 biscum
577 3230 647 3273 esse
661 3212 820 3291 dignatur,
836 3214 920 3293 quod
935 3214 1027 3276 nobis
1049 3223 1113 3277 tam
1136 3216 1184 3277 in·
1279 3215 1418 3295 Denique
1433 3215 1532 3296 quaeri
1553 3223 1668 3297 potest,
1692 3236 1732 3278 an
1751 3215 1894 3278 Christus
1914 3235 1987 3279 con-

435 3306 513 3370 time
547 3308 700 3389 conjungi
734 3328 799 3373 non
835 3311 966 3392 respuit,
997 3314 1052 3375 sed
1081 3313 1183 3393 magis
1240 3313 1386 3391 sacravit,
1409 3312 1504 3395 fregit
1526 3321 1558 3376 et
1578 3314 1666 3375 dedit
1686 3314 1849 3396 proprium
1872 3332 1987 3397 corpus

437 3405 604 3468 desiderat.
623 3407 761 3470 Subtiles
776 3426 851 3471 vero
866 3408 929 3471 illae
943 3419 1038 3490 atque
1052 3410 1184 3492 profun-
1239 3430 1276 3475 eo
1298 3411 1407 3474 ordine
1429 3429 1492 3493 quo
1513 3412 1547 3473 in
1570 3431 1691 3475 canone
1711 3421 1743 3475 et
1762 3412 1796 3473 in
1817 3411 1988 3493 Evangelio

437 3503 574 3567 dissimae
602 3505 875 3569 considerationes
903 3507 1098 3571 mirabilium
1129 3509 1183 3571 Dei
1239 3518 1413 3573 enarratur.
1431 3510 1469 3571 Et
1491 3512 1758 3592 respondendum,
1776 3510 1901 3574 omissis
1923 3512 1989 3593 opi-

437 3602 470 3663 in
490 3602 551 3665 hoc
571 3613 780 3683 sacramento,
796 3605 997 3668 devotionem
1023 3625 1089 3669 non
1111 3626 1184 3670 cau·
1239 3608 1389 3671 nionibus
1424 3608 1530 3687 variis,
1561 3609 1645 3689 quod
1680 3608 1891 3691 Evangelistae
1924 3628 1987 3673 non

291 3722 421 3771 notram.
437 3708 519 3780 sant,
545 3700 608 3763 nisi
634 3701 714 3765 forte
738 3702 771 3764 in
797 3702 888 3765 valde
912 3705 1101 3784 exercitatis,
1127 3706 1182 3785 qui
1240 3715 1368 3769 narrant
1392 3726 1459 3769 rem
1483 3716 1603 3788 gestam
1624 3725 1662 3770 eo
1687 3708 1884 3789 ordineque
1905 3707 1988 3771 facta

436 3798 573 3861 solidum
595 3800 702 3862 eibum
724 3819 837 3882 capere
857 3811 1001 3883 possunt.
1239 3814 1306 3883 cst;
1324 3813 1356 3867 et
1374 3804 1435 3867 hoc
1457 3805 1604 3868 ultimum
1626 3806 1761 3869 Thomas
1783 3806 1940 3881 concedit,
1957 3816 2067 3877 etsffl
2080 3828 2101 3869 u

1238 3904 1292 3967 alii
1316 3904 1419 3983 multi,
1444 3903 1644 3967 affirmantes
1669 3906 1753 3987 quod
1778 3906 1988 3987 Evangelistae
2001 3899 2101 4003 {affl

1239 4020 1303 4065 non
1318 4020 1445 4083 semper
1459 4002 1629 4065 observant
1645 4002 1677 4065 in
1696 4002 1829 4065 historia
1842 4003 1987 4065 ordinem
2001 4025 2025 4067 a
2035 4028 2070 4065 r-.

607 4062 853 4129 ARTIGULUS
876 4065 1016 4129 XXVII·
1240 4120 1345 4162 rerum
1374 4107 1546 4181 gestarum.
1578 4101 1614 4162 lli
1644 4119 1720 4181 ergo
1750 4100 1873 4177 dicunt,
1905 4100 1989 4181 quod

436 4211 565 4271 Salutio
579 4213 801 4289 quorumdam
815 4215 1031 4291 questionum
1048 4216 1184 4275 utilium
1200 4195 1225 4257 Ι)
1239 4198 1380 4261 Christus
1401 4198 1469 4261 haec
1489 4196 1586 4261 verba
1609 4197 1800 4280 proferendo
1824 4216 1991 4262 eonsecra-

565 4301 654 4359 ca'rco
664 4310 859 4377 presentem
873 4306 1057 4366 materiam.
1239 4296 1305 4373 vit3
1327 4314 1386 4359 neo
1407 4314 1444 4358 ea
1469 4296 1628 4377 repetivit,
1650 4296 1705 4359 sed
1729 4296 1824 4358 simul
1850 4295 1991 4359 confecit

1240 4402 1272 4457 et
1286 4394 1492 4457 consecrandi
1511 4393 1647 4457 formam
1669 4393 1816 4477 praefixit.
1835 4394 1925 4457 Unde
1945 4414 1991 4456 se-

508 4488 623 4551 MNIS
641 4490 749 4548 scriba
772 4492 886 4551 doctus
910 4492 947 4549 in
973 4510 1072 4567 regno
1096 4494 1185 4551 coelo-
1241 4493 1380 4555 cundum
1394 4493 1465 4570 hos,
1482 4493 1578 4555 verba
1599 4492 1731 4555 canonis
1750 4492 1796 4555 sic
1814 4492 1992 4555 ordinanda

522 4605 611 4655 rum,
623 4587 743 4646 similis
753 4597 798 4647 est
810 4589 938 4647 homini
943 4590 1186 4665 patrifamilias
1241 4599 1316 4653 sunt
1332 4614 1339 4652 ε
1355 4590 1494 4653 Elevatis
1516 4590 1617 4653 oculis
1638 4590 1671 4652 in
1693 4590 1823 4670 coelum,
1845 4600 1923 4669 ete„
1941 4592 1993 4653 be-
2017 4617 2085 4663 narr.

438 4685 498 4762 qui
508 4686 639 4761 profert
653 4687 694 4744 de
709 4686 861 4745 thesauro
875 4706 932 4746 suo
953 4705 1037 4746 noca
1055 4696 1085 4746 ct
1105 4696 1185 4746 vete·
1240 4689 1371 4768 nedixit,
1389 4688 1498 4752 dicens
1516 4712 1523 4751 ε
1540 4690 1605 4752 Hoc
1620 4697 1668 4751 est
1683 4707 1799 4771 eorpus
1814 4708 1947 4765 meum3
1962 4697 1993 4751 et
2004 4682 2103 4792 ἳῖπὶ

440 4802 489 4841 ro.
506 4780 595 4844 Circa
619 4782 813 4863 praeinducta
837 4783 975 4865 plurima
1000 4783 1186 4867 investigari
1240 4787 1329 4851 dedit
1357 4786 1520 4870 discipulis
1550 4786 1627 4849 suis.
1657 4787 1728 4849 llaec
1756 4786 1841 4848 enim
1876 4787 1993 4869 positio
2006 4815 2047 4855 aa:
2069 4806 2102 4847 nr

439 4886 583 4960 possunt.
601 4878 717 4959 Primo,
733 4881 772 4943 de
786 4899 870 4961 aque
891 4900 960 4963 quae
979 4881 1054 4945 vino
1073 4882 1188 4945 misce·
1242 4885 1441 4950 communior
1461 4892 1519 4948 est.
2006 4870 2102 4980 fal,

439 4986 503 5055 tor,
520 4976 598 5058 quid
617 4978 659 5039 sit
677 4980 849 5042 tenendum
869 4980 908 5042 de
927 4999 975 5043 ea.
997 4980 1035 5042 Et
1058 5000 1189 5063 respon·
1281 4983 1413 5065 Insuper
1436 4982 1534 5065 quaeri
1560 4990 1674 5064 potest,
1697 4982 1773 5063 quid
1797 4982 1996 5046 demonstret
2007 5005 2037 5047 aa.
2048 5001 2072 5041 a.

441 5075 592 5155 dendum,
623 5077 798 5138 seeundum
827 5079 972 5141 doctores
1002 5079 1186 5157 catholicos,
1244 5082 1275 5163 ly
1289 5081 1361 5159 boc,
1378 5082 1453 5143 dum
1469 5081 1583 5144 dieitur
1601 5104 1607 5142 :
1625 5080 1689 5143 lloc
1705 5088 1753 5143 est
1770 5080 1857 5143 enirn
1878 5100 1996 5164 eorpus

440 5175 525 5256 qnod
536 5176 694 5257 appositio
705 5194 794 5256 aquae
809 5195 873 5239 non
889 5180 986 5240 cstde
1000 5178 1189 5261 necessitate
1244 5197 1362 5240 meum.
1381 5177 1448 5241 Non
1464 5179 1548 5241 enim
1565 5179 1760 5241 demonstrat
1775 5196 1895 5260 eorpus
1910 5180 1996 5243 Chri-

443 5271 541 5353 hujus
555 5272 747 5337 sacramenti
764 5297 771 5336 ε
788 5282 892 5357 potest
906 5295 1043 5359 namque
1058 5296 1096 5340 ex
1115 5277 1190 5342 vino
1248 5277 1300 5357 sti,
1310 5276 1461 5358 quoniam
1475 5276 1553 5340 illud
1569 5277 1711 5341 nondum
1725 5284 1775 5340 est
1789 5275 1913 5357 ibi,sed
1929 5286 1998 5361 post
