4309 6259
227 879 373 1031 DE
447 878 815 1033 SACRA
897 880 1667 1035 COMMUNIONE

468 1232 1425 1439 FREQUENTANDA¹

933 1958 1088 2023 uruntur
1116 1960 1175 2023 viri
1191 1958 1415 2024 eonscientiosi
1443 1959 1477 2023 in
1495 1966 1618 2026 tantum
1633 1962 1725 2029 Soro-

324 2020 570 2086 ARTIGULUS
592 2019 770 2085 PRIMUS·
974 2077 1025 2120 res
1040 2006 1103 2122 itte
1118 2066 1191 2121 sunt
1205 2058 1373 2137 assecuta,
1382 2009 1444 2123 imo
1457 2067 1490 2122 et
1499 2059 1723 2142 obstinatae,ad

231 2170 394 2231 Recitatio
409 2168 558 2228 materiae
569 2167 666 2244 cujus
681 2166 861 2227 declaratio
975 2159 1166 2221 servandum
1188 2158 1450 2221 consuetudinem
1472 2158 1560 2221 illam
1582 2178 1724 2224 commu-

459 2257 635 2335 quoeritar.
975 2255 1117 2334 nicandi,
1134 2257 1218 2339 quod
1234 2256 1322 2318 nulla
1343 2255 1568 2320 informatione
1591 2268 1725 2341 possunt

976 2354 1085 2419 induci
1111 2356 1150 2419 ad
1174 2354 1382 2418 minuendum
1406 2355 1617 2437 frequentiam
1636 2357 1725 2421 illam

238 2451 397 2516 PISTOLA
411 2459 522 2514 vestree
536 2451 709 2515 carissime
723 2450 922 2514 Paternitetis
976 2451 1248 2530 communicandi,
1265 2470 1362 2532 quum
1378 2460 1484 2515 tamen
1499 2452 1564 2515 vita
1579 2472 1724 2535 quarum-

253 2550 333 2613 mibi
348 2550 480 2630 directe,
496 2551 580 2613 inter
593 2557 698 2613 cetera
712 2550 919 2613 continebat:
975 2551 1049 2613 dam
1074 2568 1139 2614 non
1159 2550 1304 2613 videatur
1328 2550 1372 2613 ita
1391 2551 1523 2631 probata
1541 2553 1626 2633 quod
1651 2572 1724 2617 cum

170 2650 329 2726 Quoniam
350 2649 457 2712 multis
480 2648 682 2711 monasteriis
701 2648 862 2731 virginum
883 2668 921 2712 ac
976 2648 1082 2710 debita
1116 2648 1295 2711 reverentia
1329 2648 1526 2712 aestimentur
1559 2651 1722 2731 accedero,

171 2751 325 2813 Sororum
353 2748 522 2829 deputatus
548 2766 620 2809 sum
653 2747 806 2826 visitator,
836 2748 923 2810 solli·
977 2765 1037 2809 nec
1060 2745 1200 2809 fructum
1229 2766 1285 2809 seu
1312 2744 1491 2828 profectum
1519 2768 1556 2810 ex
1585 2767 1727 2813 commu-

172 2848 267 2910 citor.
283 2846 318 2909 ln
333 2846 382 2908 bis
403 2864 541 2926 namque
563 2845 762 2908 monasteriis
777 2864 833 2907 seu
847 2865 922 2910 con·
977 2846 1072 2908 nione
1102 2852 1165 2907 tam
1194 2845 1321 2907 assidua
1346 2846 1496 2927 consequi
1526 2846 1609 2909 sicut
1633 2864 1726 2930 opor-

172 2944 412 3027 giegutionibus
438 2943 576 3026 antiquie
603 2944 849 3007 consuetudines
877 2945 922 3007 vi·
977 2951 1032 3024 tet,
1055 2963 1153 3025 quum
1175 2944 1353 3026 pertinaces
1378 2951 1527 3007 maneant
1550 2952 1582 3008 ct
1605 2954 1726 3028 proter-

171 3052 260 3125 gent,
281 3060 361 3123 quas
381 3060 441 3104 nec
462 3041 564 3104 audeo
584 3041 712 3123 penitus
733 3042 919 3123 approbare,
978 3060 1046 3119 vae3
1070 3050 1175 3123 atque,
1197 3042 1280 3123 quod
1302 3043 1430 3123 gravius
1452 3050 1512 3121 est,
1537 3042 1569 3106 in
1591 3044 1726 3107 occultis

170 3160 278 3221 neque
293 3139 477 3221 simpliciter
491 3138 660 3220 reprobare
677 3163 684 3200 :
701 3140 784 3221 quod
800 3140 922 3202 scilicet
941 3139 965 3202 B
979 3140 1234 3204 confessionibus
1249 3142 1327 3220 suis,
1344 3140 1580 3205 confessoribus
1595 3143 1661 3226 suis
1675 3163 1728 3207 ac-

170 3240 250 3321 ipsae
280 3240 410 3301 Sorores
443 3238 536 3301 valde
563 3237 747 3319 frequenter
781 3258 923 3302 commu·
978 3240 1143 3322 quiescere
1178 3247 1342 3322 respuunt,
1373 3240 1398 3301 si
1428 3238 1509 3304 forte
1538 3241 1728 3306 dictaverint

171 3337 393 3418 nicant,omni
408 3336 531 3399 scilicet
551 3336 711 3400 dominica
730 3337 762 3399 in
776 3337 922 3400 Adventu
979 3357 1017 3400 ex
1038 3337 1233 3401 conscientia
1254 3356 1311 3400 sua
1336 3358 1388 3401 eas
1410 3338 1448 3400 ad
1469 3340 1727 3404 communionem

170 3447 203 3501 et
227 3434 486 3517 Quadrugesima,
513 3436 547 3497 in
572 3435 685 3498 ceteris
711 3442 817 3498 autem
846 3443 924 3498 tem·
978 3454 1043 3499 non
1066 3456 1135 3499 esse
1157 3436 1367 3499 admittendas
1385 3460 1392 3499 :
1410 3437 1474 3500 imo
1496 3439 1601 3521 potius
1616 3440 1727 3523 culpas

171 3535 305 3619 poribus
334 3534 432 3596 semel
460 3534 494 3595 in
518 3532 691 3615 quindena,
719 3534 752 3595 in
775 3534 923 3597 omnibus
980 3553 1053 3597 suas
1082 3552 1147 3597 non
1175 3534 1416 3613 confiterentur,
1443 3536 1520 3599 dum
1549 3537 1669 3601 scirent
1693 3558 1727 3602 sc

170 3634 271 3697 ctiam
298 3630 473 3713 majoribus
499 3630 589 3695 festis
614 3631 812 3711 Sanctorum,
838 3632 924 3695 vide-
979 3642 1108 3716 propter
1121 3632 1191 3695 illas
1206 3652 1224 3695 a
1239 3634 1725 3718 communionesnspendendas,

170 3733 247 3797 licet
270 3730 489 3794 sacratissime
511 3730 659 3813 Virginis,
677 3730 708 3793 S.
725 3730 854 3794 loannis
867 3731 924 3794 Ba·
978 3741 1073 3815 prout
1101 3731 1274 3813 saepissime
1303 3740 1352 3794 est
1380 3740 1590 3814 compertum.
1621 3734 1659 3797 Et
1693 3744 1729 3799 ut

172 3830 289 3913 ptistee,
320 3828 555 3911 Apostolorum,
584 3828 757 3907 Michaelis,
785 3828 920 3907 Martini,
978 3831 1118 3894 breviter
1136 3831 1253 3908 audivi,
1275 3832 1419 3912 quedam
1440 3832 1514 3895 satis
1533 3851 1655 3897 annosa
1674 3835 1728 3899 de-

170 3937 269 4012 atque
297 3927 435 4010 patroni.
461 3926 499 3989 lit
523 3927 669 4009 quamvis
694 3926 778 3990 infra
805 3926 923 3990 hetdo
977 3929 1105 4011 glutivit
1125 3930 1265 4011 spongiae
1286 3936 1421 4011 partem,
1442 3938 1478 3992 ut
1499 3929 1673 3995 suffocaret
1693 3952 1727 3997 se

171 4027 313 4106 medam,
347 4032 535 4088 occurrente
569 4026 757 4090 solennitate
792 4025 825 4088 in
860 4044 923 4108 qua
978 4028 1079 4109 ipsam
1101 4051 1108 4091 :
1127 4036 1159 4090 et
1179 4028 1251 4109 boc,
1273 4049 1310 4092 ex
1331 4029 1530 4111 impatientia
1554 4038 1586 4093 et
1606 4030 1725 4113 dolore,

171 4124 411 4189 communicare
438 4130 513 4187 sunt
539 4124 649 4201 solita,
680 4142 803 4187 sacram
838 4142 923 4186 sum·
977 4125 1051 4207 quia
1071 4132 1186 4207 negata
1207 4125 1236 4188 ei
1258 4126 1319 4188 fuit
1341 4144 1430 4189 sacra
1452 4127 1644 4192 communio.

171 4225 298 4307 pserint
310 4222 553 4304 Eucharistiem,
569 4221 669 4286 nihilo
688 4223 794 4284 minus
815 4222 848 4283 in
868 4223 924 4286 do
1017 4224 1072 4287 His
1087 4225 1347 4307 perplexitatibus
1363 4226 1585 4308 angustiantur
1599 4228 1726 4291 illarum

172 4322 295 4386 minica
318 4339 382 4403 qua
409 4329 644 4385 consueverunt
673 4322 920 4401 communicare,
941 4324 1188 4389 (leonfessores.
1215 4323 1338 4387 Etenim
1363 4327 1559 4390 consuetudo
1584 4326 1639 4391 illa
1662 4334 1726 4390 tam

172 4420 424 4486 communicant.
977 4422 1154 4505 frequentis
1177 4424 1410 4486 communionis
1435 4424 1561 4488 videtur
1582 4425 1660 4489 olim
1679 4425 1728 4488 in-

210 4521 302 4583 flanc
321 4517 595 4599 consuetudinem,
611 4527 646 4581 ut
667 4519 767 4601 tetigi,
789 4538 853 4583 non
875 4540 923 4584 re-
977 4522 1083 4599 ducta,
1100 4520 1175 4602 quia
1190 4529 1265 4583 tunc
1286 4530 1377 4585 erant
1395 4540 1528 4587 numero
1547 4524 1726 4606 pauciores,

172 4618 286 4701 probo,
308 4616 482 4681 dummodo
503 4636 577 4681 cum
598 4618 704 4681 debita
724 4621 923 4701 preparatio
977 4628 1009 4683 et
1023 4620 1191 4683 devotione
1207 4620 1354 4702 majores.
1373 4620 1453 4684 Hinc
1469 4622 1508 4685 ab
1528 4641 1637 4685 earum
1653 4641 1728 4688 con-

171 4737 224 4797 no,
254 4716 439 4796 devotione,
466 4716 645 4779 reverentia
671 4718 835 4781 accedant.
861 4719 922 4783 Sed
978 4718 1151 4783 fossoribus
1179 4718 1340 4782 multoties
1369 4738 1440 4782 sum
1474 4730 1601 4803 rogatus
1629 4730 1665 4785 ut
1693 4723 1727 4785 in

172 4816 255 4881 sicut
282 4815 389 4880 omnis
422 4816 546 4879 fructus
580 4815 676 4879 babet
711 4836 853 4880 vermem
888 4838 923 4881 se
976 4820 1037 4882 boc
1067 4838 1143 4881 casu
1171 4818 1372 4901 providerem
1402 4818 1448 4882 eis
1471 4820 1510 4883 dc
1535 4820 1654 4884 salubri
1679 4841 1727 4886 re

171 4923 443 4997 corrumpentem,
469 4915 514 4979 sic
544 4915 627 4979 actio
651 4916 852 4980 laudabiliter
875 4918 923 4981 in·
976 4917 1093 4981 medio.
1120 4916 1198 4979 Nam
1227 4916 1260 4979 in
1289 4925 1422 4999 utroque
1451 4927 1568 4983 eventu
1594 4928 1726 5002 apparet

172 5014 295 5093 stitutu,
331 5014 461 5077 caritate
495 5012 649 5096 paulatim
684 5013 920 5097 refrigescente.
976 5015 1166 5099 periculum.
1198 5016 1230 5079 Si
1259 5036 1397 5098 namque
1426 5018 1623 5099 temporibus
1652 5038 1727 5083 con-

173 5112 273 5190 Unde,
299 5112 383 5175 sicut
406 5112 532 5176 illarum
557 5112 758 5177 confessores
785 5132 922 5197 conque-
976 5116 1074 5180 suetis
1089 5114 1293 5180 Eucharistiae
1308 5124 1541 5181 sacramentum
1556 5118 1634 5201 ipsis
1654 5118 1726 5183 sub-

218 5316 230 5355 ¹
249 5313 293 5366 Ex
307 5312 428 5368 editione
443 5312 602 5369 Coloniensi
616 5313 733 5369 ioannis
747 5314 863 5378 Sotene,
878 5315 950 5368 15³2.
