4309 6259
678 506 836 556 txrosrno
855 506 962 555 ursas.
985 526 1026 539 ·-
1046 508 1115 555 aar.
1138 510 1192 557 xrx
1650 494 1711 558 353

163 674 248 754 bent,
267 684 398 759 propter
416 676 687 759 significationem
708 686 741 742 et
761 678 946 743 reveren-A
1004 680 1174 762 Sequitur:
1193 684 1309 753 Quam,
1325 680 1447 744 scilicet
1461 680 1648 757 Ecclesiam,
1664 684 1711 743 dr·-

163 774 238 835 tiam
261 774 339 835 tanti
364 776 554 839 sacramenti
582 800 589 838 ε
615 795 679 840 non
704 777 790 839 enim
814 777 908 839 debet
958 781 1073 855 pneris
1097 782 1286 858 pacificare,
1315 780 1387 842 lites
1416 787 1510 861 atque
1538 778 1710 842 discordias

162 871 252 951 panis
271 872 452 937 maculosus
473 892 554 950 esse,
571 874 622 937 vel
642 874 753 937 vinum
772 874 907 955 permix—
961 876 1147 955 auferendo,
1173 886 1205 940 et
1228 878 1374 942 inimicos
1401 876 1476 940 fidei
1503 877 1711 959 deprimendo

162 977 238 1044 turn,
255 969 318 1031 nisi
332 989 406 1033 cnm
420 971 546 1035 modica
560 973 811 1054 aqua,quamvis
825 992 908 1035 sem-
961 992 998 1036 ac
1027 974 1218 1056 dejiciendo,
1244 979 1421 1046 custodire,
1446 976 1476 1038 id
1502 984 1591 1039 esta
1620 974 1710 1037 malis

161 1086 217 1149 per
237 1066 271 1128 in
293 1086 374 1148 pane
395 1068 521 1132 triticeo
542 1078 573 1132 et
600 1070 675 1133 vino
698 1070 773 1132 vitis
797 1088 907 1133 conse·
960 1079 1126 1153 protegere
1141 1073 1191 1135 vel
1211 1073 1243 1134 in
1266 1073 1348 1136 bono
1368 1090 1568 1149 conservare,
1585 1076 1712 1133 aduna-

161 1165 259 1227 cratio
288 1164 360 1227 fieri
390 1174 497 1247 queat,
521 1168 674 1247 quamdiu
700 1167 824 1247 species
849 1186 906 1229 seu
962 1190 1009 1239 re,
1032 1168 1169 1232 haereses
1197 1178 1229 1234 et
1257 1170 1427 1233 schismata
1452 1170 1654 1247 destruendo,
1680 1180 1710 1230 et

160 1260 262 1325 lorma
285 1264 438 1327 naturalis
465 1282 576 1327 eorum
601 1265 823 1347 permanserit.
848 1265 906 1328 l'el
962 1286 1084 1344 repere,
1109 1268 1139 1331 id
1169 1277 1217 1332 est
1245 1270 1283 1331 ad
1313 1269 1459 1333 ultimum
1489 1267 1587 1331 linem
1616 1276 1710 1350 atque

160 1360 310 1423 dicuntur
329 1383 346 1421 a
363 1361 485 1426 illibata
500 1384 517 1421 a
531 1382 570 1426 eo
588 1364 682 1427 modo
701 1382 765 1445 quo
784 1372 903 1426 sancta.
960 1373 1110 1429 aeternam
1127 1366 1309 1430 felicitatem
1325 1366 1471 1449 dirigere.
1489 1366 1637 1441 Quamvis
1657 1385 1711 1429 au-

160 1457 314 1521 Dicuntur
333 1478 460 1543 quoque
481 1461 564 1525 dona
584 1463 652 1525 baec
673 1470 815 1525 «sancta
836 1484 852 1521 a
874 1469 907 1523 et
960 1472 1023 1527 tem
1039 1482 1097 1548 pro
1118 1473 1182 1529 tota
1202 1466 1295 1548 plebe
1317 1464 1488 1528 christiana
1509 1464 1549 1527 sit
1567 1465 1599 1527 in
1618 1465 1710 1528 lllissa

160 1580 177 1617 a
207 1556 329 1619 illibata
357 1580 388 1636 r,
416 1560 567 1641 quoniam
603 1578 660 1641 per
695 1560 905 1641 prolationem
959 1562 1150 1643 generaliter
1169 1572 1199 1625 et
1221 1564 1323 1645 primo
1341 1565 1508 1641 orandum,
1526 1571 1632 1625 tamen
1653 1582 1710 1645 pro

160 1674 321 1719 sacrorum
336 1656 505 1719 verborum
519 1666 552 1721 et
565 1658 657 1739 signa
672 1658 776 1721 crucis
796 1666 906 1740 aptan-
960 1680 1086 1724 summo
1109 1660 1264 1725 Pontifice
1284 1669 1317 1724 et
1335 1661 1464 1743 proprio
1486 1668 1611 1742 pastore
1632 1680 1711 1743 prae-

158 1760 209 1815 tur
221 1760 256 1815 et
269 1752 360 1835 qnasi
376 1753 593 1836 meliorantur,
610 1764 645 1818 ut
663 1756 728 1817 sint
746 1756 905 1838 condigna
961 1757 1053 1841 cipue
1073 1777 1203 1822 exorare
1222 1767 1357 1842 oportet,
1373 1759 1489 1822 deinde
1509 1777 1566 1839 pro
1585 1758 1634 1821 his
1655 1760 1710 1839 qui

158 1852 291 1914 nratcria
304 1870 375 1933 qua
390 1852 424 1914 in
439 1870 555 1935 corpus
569 1862 601 1916 et
615 1854 803 1935 sanguinem
818 1854 906 1916 Chri·
922 1855 945 1916 B
960 1856 993 1919 in
1019 1856 1137 1938 populo
1165 1856 1337 1921 christiano
1359 1856 1565 1919 excellentius
1588 1856 1710 1919 clarent

157 1950 196 2011 sti
210 1958 426 2014 convertatur.
440 1950 471 2013 Si
487 1951 573 2014 enim
588 1960 691 2015 vestes
705 1962 736 2015 et
751 1954 905 2035 templum
961 1964 993 2018 et
1017 1955 1163 2038 pluribus
1188 1963 1331 2039 prosunt,
1354 1954 1516 2037 fidemque
1541 1974 1598 2036 per
1619 1974 1709 2018 suam

157 2068 192 2111 ac
226 2068 306 2111 vasa
332 2049 476 2113 ecclesia
503 2049 736 2113 benedicuntur
763 2070 800 2113 ac
835 2070 906 2115 san·
960 2054 1149 2135 sapientiam
1170 2052 1346 2117 defendunt
1364 2061 1458 2134 atque
1477 2061 1650 2135 exponunt,
1670 2054 1710 2116 de

157 2146 342 2210 ctificantur
355 2157 391 2210 ut
404 2147 468 2210 sint
481 2156 554 2230 apta
574 2148 785 2212 instrumenta
803 2149 905 2211 divini
961 2152 1078 2234 quibus
1094 2152 1127 2213 in
1143 2152 1271 2215 Daniele
1287 2152 1442 2233 scriptum
1457 2158 1521 2213 est:
1534 2151 1590 2226 Oui
1605 2160 1710 2214 autem
1726 2175 1781 2217 aaa
1792 2178 1857 2226 aaa.

156 2245 315 2327 obsequii,
335 2254 454 2326 quanto
478 2246 699 2309 rationabilius
721 2256 770 2310 est
790 2266 906 2329 panem
960 2251 1045 2313 docti
1073 2248 1203 2330 luerint,
1235 2250 1404 2331 fulgebunt
1436 2250 1527 2331 quasi
1562 2250 1713 2332 splendor

156 2353 186 2407 et
209 2345 325 2407 vinum
352 2353 426 2407 ante
449 2345 722 2409 consecrationem
745 2345 905 2425 benedici,
961 2347 1178 2426 firmamenti;
1200 2356 1233 2411 et
1252 2348 1306 2429 qui
1328 2348 1368 2410 ad
1387 2347 1541 2429 justitiam
1565 2348 1714 2410 erudiunt

157 2451 191 2505 ut
211 2442 279 2504 sint
300 2449 374 2525 apto
394 2442 526 2505 materia
544 2442 907 2506 transsubstantiationis
961 2446 1127 2529 plurimos,
1149 2446 1238 2527 quasi
1260 2446 1359 2509 stellae
1379 2446 1413 2507 in
1435 2452 1604 2527 perpetuas
1625 2452 1713 2508 mter-

157 2539 412 2621 supermirabilis
426 2547 520 2623 atque
534 2540 673 2603 divinati
688 2540 767 2603 Nam
781 2549 813 2603 et
831 2540 908 2603 alio-
962 2544 1087 2607 nitates.
1110 2543 1229 2607 ldcirco
1251 2562 1352 2607 canon
1375 2544 1540 2606 descendit
1561 2544 1600 2605 ad
1621 2561 1713 2606 oran-

156 2658 226 2701 mm
248 2647 521 2703 sacramentorum
540 2639 692 2719 materias,
712 2648 842 2722 propter
859 2658 908 2703 re-
962 2644 1038 2705 dum
1060 2642 1094 2705 in
1114 2641 1247 2725 speciali
1266 2660 1324 2724 pro
1348 2642 1493 2725 personis
1516 2639 1710 2723 hujusmodi.

155 2737 334 2800 verentiam
363 2738 565 2819 sacramenti,
590 2746 664 2801 ante
692 2756 784 2801 usum
814 2757 907 2801 suum
962 2742 1095 2803 Additur
1116 2758 1254 2821 namque
1272 2764 1278 2802 :
1297 2761 1376 2811 ana,
1393 2740 1424 2802 id
1447 2748 1495 2802 est
1516 2740 1622 2817 simul,
1638 2761 1712 2801 cum

155 2835 411 2915 sanctificantur,
428 2842 463 2898 ut
482 2854 564 2919 aqua
582 2836 734 2919 Baptismi
754 2836 804 2899 vel
824 2836 908 2899 chri·
960 2841 1088 2917 famulo
1110 2848 1177 2909 tuo,
1194 2842 1286 2915 Papa
1302 2848 1423 2907 nostro,
1439 2847 1469 2897 et
1490 2840 1638 2898 antistite
1659 2858 1713 2898 rto-

155 2954 223 2996 sma
246 2952 305 2996 seu
325 2932 444 2997 oleum.
962 2946 1042 3007 stro,
1071 2936 1103 2998 id
1131 2944 1179 2998 est
1208 2935 1336 3018 proprio
1364 2934 1528 3016 episcopo,
1558 2934 1613 3016 qui
1649 2934 1713 3016 spi-

193 3030 346 3113 S'equitur
370 3055 378 3093 :
402 3033 589 3108 Inprimis
613 3052 687 3113 qaoe
715 3034 777 3093 titt
799 3034 907 3113 offeri·
925 3031 1118 3097 Critnaliter
1145 3042 1269 3116 praeest,
1296 3043 1326 3093 et
1356 3052 1430 3110 repe
1457 3041 1580 3102 nostro,
1605 3032 1636 3094 id
1665 3040 1713 3095 est

154 3151 236 3201 caus,
252 3130 285 3191 id
300 3137 358 3206 est,
376 3151 393 3189 a
408 3148 479 3211 quta
494 3151 511 3188 r
526 3129 630 3212 primo
644 3136 676 3191 et
689 3130 909 3214 principaliter
962 3132 1153 3214 imperatore
1169 3132 1322 3209 Romano,
1338 3131 1392 3211 qui
1408 3130 1440 3191 in
1457 3129 1543 3193 civili
1559 3129 1712 3211 regimine

155 3228 247 3291 ntibi
264 3226 433 3291 ollerimus
448 3247 550 3308 a‚pro
563 3231 709 3291 Ecclesia
723 3239 781 3289 tua
794 3240 907 3290 sancto
964 3229 1110 3310 praesidet
1137 3252 1144 3290 :
1172 3238 1278 3291 tamen
1304 3228 1336 3290 in
1362 3229 1444 3309 Papa
1473 3235 1521 3289 est
1549 3228 1712 3308 utriusque

154 3328 329 3396 catholica,
353 3325 385 3388 id
413 3334 462 3389 est
483 3344 541 3408 pro
565 3325 653 3390 omui
677 3327 797 3409 populo
824 3327 908 3390 chri·
963 3326 1125 3408 potestatis
1147 3322 1378 3408 plenitudo;'et
1399 3328 1549 3385 omnibus
1563 3326 1711 3385 orthodo-

154 3424 272 3487 stiano.
298 3424 420 3487 Bonum
450 3424 569 3507 quippe
598 3442 768 3487 commune
796 3424 908 3507 prante-
961 3426 1028 3495 cis,
1049 3424 1082 3486 id
1104 3432 1153 3486 est
1177 3422 1314 3505 gloriose
1338 3442 1394 3485 seu
1418 3422 1610 3485 excellenter
1633 3420 1712 3485 lide-

154 3523 292 3585 rendum
320 3529 370 3584 est
397 3522 491 3595 bono¹
510 3522 694 3604 particulari
722 3531 817 3604 atque
842 3524 907 3605 pri-
962 3521 1057 3601 libus,
1083 3522 1136 3603 qui
1161 3522 1306 3584 doctrina
1335 3529 1367 3584 et
1391 3521 1454 3583 vita
1480 3520 1649 3602 splendent
1677 3520 1710 3583 in

153 3629 227 3684 rato
260 3643 269 3681 :
299 3627 331 3682 et
365 3638 441 3701 ergo
475 3618 634 3683 ordinavit
668 3629 777 3685 sancta
806 3630 907 3683 mater
962 3619 1111 3681 militanti
1126 3618 1279 3682 Ecclesia.
1297 3618 1384 3681 Sicut
1405 3618 1491 3680 enim
1506 3617 1584 3680 tales
1601 3617 1710 3680 multis

152 3717 310 3797 Ecclesia,
341 3718 372 3781 id
401 3727 449 3781 est
477 3718 638 3801 principes
670 3717 746 3782 fidei
778 3727 904 3799 nostras,
961 3724 1035 3779 sunt
1062 3715 1167 3793 utiles,
1199 3714 1243 3777 sic
1280 3713 1364 3776 liunt
1398 3713 1505 3776 multis
1534 3713 1653 3795 nocivi,
1683 3714 1709 3777 si

152 3817 309 3880 videlicet
331 3816 433 3879 sancti
457 3815 612 3899 Apostoli,
639 3824 675 3879 nt
699 3816 761 3879 boc
786 3815 906 3879 sacrifi·
960 3814 1093 3895 gratiam
1113 3813 1248 3895 perdant
1266 3820 1360 3893 atque
1381 3811 1548 3875 carnaliter
1569 3812 1679 3875 vivant
1699 3836 1707 3875 ε

152 3913 239 3976 cium
266 3913 372 3997 primo
392 3920 486 3995 atquc
507 3912 730 3997 principaliter
751 3912 906 3976 offeratur
959 3920 992 3976 et
1012 3931 1089 3994 ergo
1111 3910 1291 3995 specialiter
1312 3928 1369 3992 pro
1389 3909 1467 3992 ipsis
1488 3910 1615 3992 expedit
1637 3929 1710 3974 exo·

151 4030 245 4095 «pro
260 4010 405 4074 Ecclesia
417 4011 486 4091 »‚id
501 4018 550 4074 est
563 4011 810 4093 congregatione
825 4011 906 4075 lide-
959 4030 1040 4073 rare.
1063 4010 1196 4073 Additur
1219 4027 1346 4091 quoque
1371 4008 1403 4069 in
1425 4026 1547 4071 canone
1573 4028 1581 4067 ι
1601 4012 1710 4088 Atque

152 4110 245 4189 llum,
263 4131 281 4169 c
298 4108 499 4187 catholica»,
514 4108 611 4173 idest
631 4109 816 4191 universali,
832 4110 906 4191 quia
958 4112 1125 4170 catholicos
1145 4118 1176 4169 et
1199 4110 1380 4185 apostolica.²
1399 4108 1480 4185 fidei
1498 4108 1709 4168 cultoribus:

152 4227 191 4271 ex
218 4206 312 4271 omni
338 4225 455 4289 genere
483 4206 650 4271 bominum
678 4216 726 4270 est
759 4208 902 4272 collecta.
920 4212 1033 4274 bnam
1049 4215 1082 4269 et
1101 4225 1160 4289 pro
1179 4206 1296 4271 talibus
1318 4212 1386 4268 orat
1401 4203 1552 4283 Ecclesia,
1569 4203 1623 4285 qui
1644 4221 1708 4268 non

152 4305 263 4371 Nihilo
292 4305 399 4367 minus
434 4312 538 4386 potest
568 4306 716 4369 sacerdos
745 4305 905 4371 celebrare
959 4305 1063 4369 solum
1088 4304 1154 4367 lide
1179 4304 1232 4367 sed
1258 4322 1355 4385 opere
1381 4310 1414 4365 et
1437 4302 1567 4364 veritate
1595 4300 1708 4365 fideles

154 4424 213 4488 pro
242 4424 341 4469 causa
368 4402 552 4487 particulari
584 4422 622 4466 ac
651 4404 780 4487 proprio
807 4403 903 4486 bono,
960 4410 1044 4467 sunt.
1060 4402 1119 4465 Pro
1134 4402 1185 4463 bis
1200 4418 1275 4483 ergo
1290 4408 1359 4463 orat
1374 4399 1520 4462 sacerdos
1535 4400 1705 4481 praecipue,

152 4512 251 4587 prout
269 4504 396 4568 devotio
414 4502 554 4585 suggerit
576 4501 627 4566 vel
646 4502 818 4565 necessitas
842 4504 906 4565 exi·
960 4509 995 4564 ut
1015 4501 1096 4563 Deus
1118 4500 1208 4563 Pater
1222 4499 1369 4581 dignetur
1383 4515 1437 4561 eos
1457 4494 1637 4579 pacificare,
1655 4517 1709 4561 cu-

151 4602 198 4684 git
224 4626 232 4665 :
260 4620 337 4665 nam
360 4603 445 4683 quod
467 4602 529 4667 boc
553 4598 752 4664 sacrificium
781 4599 821 4663 lit
847 4620 906 4684 pro
960 4599 1087 4678 stodire,
1106 4599 1246 4663 adunare
1267 4617 1304 4661 ac
1325 4614 1445 4677 regere.

151 4708 218 4763 tota
229 4698 443 4777 Ecclesia,est
456 4719 495 4763 ex
510 4698 708 4763 institutione
724 4707 905 4763 sanctorum

150 4798 295 4875 Petrum,
323 4816 459 4879 quorum
487 4796 549 4861 luit
582 4798 702 4861 bonum
736 4815 905 4862 commune
1152 4796 1397 4864 ARTICULUS
1421 4796 1513 4862 XIX.

150 4895 400 5007 oesplcfmlwd
414 4898 575 5005 ⁸⁸⁰⁰¹⁵d⁰⁸z
587 4895 771 5006 ⁴3¹,sp00lali
786 4896 906 4961 assem
959 4937 1007 4996 De
1017 4932 1165 5012 pleniori
1177 4932 1396 4991 elucidatione
1410 4928 1706 5005 protodoctorem.

151 5005 184 5058 et
197 4993 482 5073 ordrnatrone,boc
496 4994 694 5057 sacrificium
707 4994 826 5059 offerre
842 5004 907 5078 pnt-

151 5103 202 5157 est
216 5110 279 5177 pro
292 5092 433 5174 qualibet
452 5092 505 5173 pia
519 5110 625 5170 causa,
641 5092 808 5175 dirigendo
826 5093 907 5157 alle·
1031 5092 1261 5159 IRIGATUR,
1277 5088 1425 5157 Domine,
1440 5088 1546 5146 oratio
1560 5104 1630 5145 mea
1650 5086 1708 5145 sic·
1720 5100 1760 5145 Pr.
1770 5112 1816 5152 cxc,
1826 5102 1847 5145 a.

152 5202 243 5257 ctum
259 5200 356 5273 atque
374 5190 582 5255 intentionem
602 5210 693 5254 snam
711 5193 752 5255 ad
770 5193 802 5257 id
821 5197 907 5275 quod
1045 5199 1081 5249 ut
1097 5191 1265 5249 incensum
1281 5189 1316 5247 in
1332 5194 1500 5261 conspectu
1516 5194 1580 5244 teo.
1596 5183 1710 5258 Quem-

153 5287 341 5373 specialiter
365 5289 452 5371 cupit
470 5289 605 5372 adipisci
626 5308 646 5351 a
665 5290 809 5357 Domino.
962 5287 1134 5351 admodum
1163 5284 1296 5367 Sapiens
1320 5284 1374 5361 ait,
1400 5281 1503 5345 omnis
1527 5298 1631 5344 senno
1654 5281 1710 5344 liei
1724 5299 1864 5354 reterns.

278 5422 318 5472 .T.
337 5422 377 5473 35.
1555 5414 1586 5466 23
