4309 6259
458 455 519 523 520
743 478 784 525 bs
804 477 961 525 ramuoldo
981 477 1019 523 ΕΤ
1040 475 1204 524 stemfarn
1223 475 1340 533 ssllldi,
1362 475 1450 522 tissa
1471 476 1502 521 ll.
1525 494 1566 505 -
1586 476 1656 523 All'l'.
1678 476 1731 522 XIV

458 646 597 727 quendo,
632 665 705 709 cum
740 646 922 711 orthodoxis
956 644 1139 710 doctoribus
1173 644 1206 707 id
1221 642 1247 706 A
1262 644 1301 706 de
1325 642 1445 727 Spiritu
1468 643 1584 707 Sancto
1608 643 1808 708 sentiendum
1832 646 1990 711 exsisteret.

458 743 565 826 ipsum
585 764 725 809 asserere
745 763 804 826 par
824 753 873 808 cst
889 769 896 807 :
913 763 977 808 non
992 752 1115 807 veteres
1137 762 1209 806 san-
1261 741 1442 804 Pravissimi
1465 742 1584 825 quippe
1604 743 1760 823 homines,
1783 745 1838 826 qui
1859 764 1891 807 se
1909 746 1991 809 etiam

459 849 538 920 ctos,
568 843 807 925 praesertimque
835 842 1018 925 Prophetas,
1048 842 1208 905 Trinitatis
1261 838 1449 903 christianos
1485 859 1555 903 esse
1589 840 1713 903 mentiti
1743 850 1827 922 sunt,
1860 842 1992 925 Spiritum

459 938 542 1003 fides
570 940 673 1004 latuit.
699 940 787 1015 Quod
821 948 927 1003 mmen
956 940 1008 1002 hic
1037 940 1206 1019 deducere,
1263 937 1413 1000 Sanctum
1427 945 1483 1001 aut
1496 938 1564 1001 solo
1585 938 1715 1003 nomine
1730 959 1749 1002 a
1763 939 1854 1003 Patre
1867 940 1991 1022 Filioque

460 1037 599 1101 brevitas
618 1038 670 1101 cui
690 1038 802 1101 studeo
821 1038 977 1121 prohibet.
994 1038 1089 1101 Porro
1108 1056 1205 1115 nunc,
1260 1036 1414 1118 distingui
1436 1036 1575 1100 arbitrati
1597 1045 1683 1117 sunt,
1705 1046 1740 1100 ut
1760 1038 1931 1117 Sabellius3
1949 1048 1993 1102 aut

460 1154 502 1197 an
521 1135 623 1199 staria
645 1155 772 1217 quoque
796 1136 908 1218 patuit,
929 1136 1024 1217 idque
1048 1156 1087 1199 ex
1107 1136 1209 1198 Evan-
1262 1142 1374 1198 natura
1389 1142 1421 1197 et
1435 1134 1575 1215 nomine,
1589 1143 1624 1198 ut
1637 1136 1991 1212 Macedonins.0noniam

461 1233 546 1315 gelio
560 1234 684 1296 ostendi
699 1235 811 1316 possit,
828 1234 966 1297 studiose
981 1233 1156 1296 scrutabor.
1262 1232 1367 1314 itaque
1379 1232 1476 1296 llaria
1496 1234 1536 1297 de
1556 1233 1674 1315 Spiritu
1689 1234 1803 1299 Sancto
1822 1254 1881 1298 ncc
1901 1236 1992 1300 scisci-

502 1332 540 1395 Et
554 1332 694 1415 quidem,
711 1332 738 1395 si
752 1332 812 1396 rite
832 1333 1040 1415 contemplor,
1057 1353 1096 1397 cx
1113 1351 1209 1396 evan·
1263 1338 1327 1393 tata
1345 1338 1393 1393 est
1412 1332 1573 1413 angelum,
1590 1351 1693 1414 neque
1714 1352 1771 1414 pro
1790 1341 1867 1397 tuno
1886 1334 1992 1396 emdita

462 1430 572 1512 geticae
593 1430 735 1493 veritatis
756 1439 916 1510 contextu,
933 1432 1018 1513 quod
1039 1432 1133 1494 llaria
1154 1450 1209 1493 an·
1263 1428 1302 1491 ab
1326 1448 1374 1507 eo,
1401 1429 1554 1491 elucescit
1576 1431 1661 1512 quod
1686 1430 1798 1512 ipsius,
1827 1432 1890 1496 imo
1913 1433 1991 1495 totim

461 1535 590 1609 tequam
610 1530 739 1592 coeleste
757 1530 797 1592 ab
817 1530 930 1610 angelo
949 1530 1133 1612 mysterium
1155 1549 1209 1591 au·
1263 1526 1432 1607 Trinitatis,
1448 1528 1611 1592 notionem
1632 1529 1789 1593 habuerit.

462 1626 574 1707 dierat,
596 1628 694 1690 Deum
719 1626 838 1690 trinum
862 1647 932 1691 esse
955 1646 1020 1690 non
1045 1628 1210 1709 ignorave-
1302 1624 1341 1687 Et
1360 1625 1457 1707 hujus
1476 1644 1603 1707 quoque
1625 1626 1828 1693 confirmatio
1851 1637 1907 1710 est,
1921 1630 1990 1712 quod

463 1723 514 1803 rit,
530 1724 602 1787 elici
623 1725 718 1787 valet.
739 1724 870 1806 Nempe,
891 1726 968 1788 dum
990 1725 1069 1807 ipsa,
1091 1725 1209 1788 divina
1262 1722 1445 1786 Ambrosius
1470 1724 1516 1785 ait
1540 1749 1547 1786 :
1575 1724 1626 1787 Sic
1653 1726 1802 1806 equidem
1826 1728 1992 1809 magnificat
2001 1746 2075 1793 saar

462 1821 645 1886 efficientiae
666 1823 842 1887 maneriem
866 1824 1041 1902 sciscitans,
1067 1823 1206 1901 dixisset,
1225 1820 1369 1883 Banima
1383 1822 1484 1886 llariae
1498 1823 1678 1905 Dominum,
1695 1844 1732 1889 eo
1754 1827 1840 1907 quod
1860 1828 1935 1890 Petri
1953 1828 1991 1890 Pi·

327 1938 448 1991 traaas.
462 1920 623 1994 Quomodo
645 1919 704 1983 fiet
726 1920 821 2002 istud,
843 1922 993 2002 qnoniam
1016 1923 1119 1985 virum
1143 1940 1208 1984 non
1263 1918 1367 2001 lioque
1383 1921 1506 1999 devota,
1523 1940 1622 1983 unum
1638 1922 2080 2006 Deumexquoomnia,1ra.a

461 2021 641 2100 cognoscof
656 2037 729 2082 mox
747 2020 803 2083 Dei
823 2038 927 2102 praeco
948 2021 1139 2103 respondere
1159 2038 1208 2083 or·
1262 2024 1294 2081 et
1315 2037 1415 2080 unum
1433 2019 1601 2081 Dominum
1623 2037 1680 2101 per
1703 2040 1799 2101 quem
1822 2022 1935 2100 omnia,
1949 2006 2016 2104 pio‘'

341 2135 447 2179 oseas.
461 2136 515 2178 sus
532 2140 540 2178 ε
557 2116 693 2198 Spiritus
713 2105 846 2180 Sanctus
860 2118 991 2199 (inquit)
1005 2118 1209 2199 superveniet
1262 2122 1430 2179 veneretur
1457 2114 1587 2179 affectu.
1618 2118 1749 2182 Devotio
1776 2128 1882 2183 autem
1907 2120 1989 2184 fidem

460 2214 494 2275 in
509 2222 551 2294 te,
567 2222 599 2275 ct
619 2215 721 2277 virtus
735 2215 889 2277 ditissimi
908 2214 1112 2279 obumbrabit
1130 2216 1205 2292 tibi3
1261 2214 1488 2296 praesupponit,
1502 2222 1533 2277 et
1548 2234 1586 2277 ex
1600 2234 1638 2277 ea
1652 2215 1879 2297 proficiscitur.
1890 2218 1925 2281 Et
1936 2218 1990 2282 hac

458 2312 594 2393 ideoque
614 2320 646 2375 et
664 2314 748 2394 quod
768 2322 916 2377 nascetur
934 2333 971 2376 ex
993 2322 1024 2377 te
1049 2322 1205 2391 sanctum,
1263 2311 1391 2391 quidem
1406 2312 1453 2392 (ni
1472 2311 1579 2392 fallor)
1595 2313 1673 2377 ratio
1695 2315 1756 2378 hoc
1778 2315 1908 2397 obtinet,
1922 2316 1991 2397 quod

458 2410 627 2472 vocabitur
646 2409 745 2472 Pilius
765 2410 884 2473 [teiln
906 2430 1058 2491 responso
1078 2413 1140 2475 hoc
1162 2412 1208 2474 di·
1263 2428 1301 2471 ex
1315 2410 1491 2490 evangelici
1507 2410 1597 2473 verbi
1613 2411 1721 2474 subtili
1737 2413 1897 2496 indagine,
1908 2414 1993 2477 Prim-

457 2506 604 2569 vlnerum
631 2506 868 2571 distinctionem
893 2508 1102 2571 Personarum
1131 2509 1207 2571 insi·
1264 2507 1334 2569 tatis
1360 2507 1507 2571 notitiem
1533 2527 1598 2572 non
1622 2509 1763 2574 defuisse
1787 2512 1900 2593 llariae,
1914 2513 1991 2575 ctiam

457 2624 574 2667 nuasse
601 2604 848 2686 Archangelum,
873 2606 928 2687 qui
956 2605 1132 2669 catholicus
1160 2614 1208 2669 est
1263 2612 1337 2668 ante
1351 2605 1529 2687 angelicam
1545 2606 1633 2669 illam
1649 2609 1941 2673 reverendissimam
1955 2630 1993 2672 sa-

460 2722 525 2766 non
539 2703 683 2785 ambigit.
701 2705 762 2765 Aut
780 2704 876 2785 igitur
894 2711 967 2767 ante
987 2704 1131 2786 responsi
1150 2705 1208 2766 hu·
1263 2702 1459 2781 lutationem,
1478 2703 1550 2766 elici
1573 2705 1682 2786 possit.

455 2801 509 2883 jus
544 2801 700 2882 auditum,
730 2801 938 2864 Personarum
971 2802 1207 2865 distinctionem
1303 2802 1444 2882 Denique
1474 2802 1657 2865 nullatenus
1686 2812 1790 2884 sonat,
1819 2806 1902 2886 quod
1929 2824 1993 2887 pra

455 2899 523 2962 fide
542 2899 706 2979 didicerat,
727 2917 789 2980 quo
808 2900 893 2977 dato,
914 2907 1001 2981 patet
1025 2899 1183 2961 intentum
1197 2924 1205 2979 3
1263 2898 1463 2961 stantissimae
1478 2899 1523 2961 illi
1535 2900 1656 2982 Virgini
1672 2920 1729 2982 per
1743 2920 1839 2983 mam
1855 2912 1887 2965 et
1900 2903 1930 2963 in
1942 2922 1993 2983 qua

456 3005 511 3060 aut
534 2997 667 3060 minime
689 3021 697 3060 r
718 2998 802 3078 quod
827 2997 854 3059 si
879 2998 1006 3078 dixeris,
1027 2997 1073 3059 nil
1099 2998 1207 3079 utique
1224 2997 1246 3060 (i
1262 2997 1345 3058 Deus
1360 2996 1585 3077 Prophetarum
1601 2998 1750 3061 vaticinia
1764 2999 1934 3081 adimplere
1944 3000 1992 3061 dis

456 3114 496 3158 ex
518 3094 708 3176 Archangeli
733 3095 939 3176 responsione
962 3095 1108 3177 profecit.
1128 3096 1209 3170 Qua·
1262 3094 1378 3176 posuit,
1410 3095 1594 3157 eorumdem
1620 3096 1876 3179 intelligentiam,
1899 3098 1929 3159 in
1953 3096 1993 3159 his

457 3193 531 3256 liter
548 3193 633 3255 enim
659 3191 891 3256 certificaretur
914 3194 954 3255 de
977 3193 1095 3256 divinis
1114 3194 1209 3256 mira·
1262 3192 1427 3274 potissime
1448 3211 1518 3273 quae
1542 3193 1581 3254 ad
1607 3192 1682 3256 fidei
1707 3194 1934 3275 perfectionem
1954 3196 1993 3257 ln·

458 3290 589 3368 bilibus,
615 3291 746 3353 audiens
771 3310 881 3354 eorum
909 3290 1063 3354 effectum
1092 3292 1207 3373 ignotae
1264 3290 1519 3371 carnationisque
1541 3291 1725 3372 mysterium
1751 3294 1920 3374 pertinent,
1941 3312 1993 3355 non

462 3390 521 3451 sibi
542 3408 645 3452 causas
665 3388 826 3451 adscribit
1264 3388 1445 3451 revelasset.
1454 3388 1552 3469 Unde,
1560 3407 1658 3469 quum
1674 3390 1769 3453 Vates
1784 3392 1867 3454 sacri
1881 3392 1994 3453 Trinita-

496 3488 615 3568 ltaque,
644 3487 720 3549 dum
749 3486 888 3549 coelestis
917 3488 1047 3550 nuntius
1081 3507 1208 3551 annun·
1263 3495 1327 3549 tem
1355 3486 1598 3565 insinuaverint,
1626 3488 1743 3569 Deique
1771 3489 1885 3552 Filium
1910 3490 1996 3551 incar

457 3584 600 3647 tiationis
616 3604 679 3647 suae
694 3584 903 3647 efficientiam
922 3586 961 3647 ad
982 3585 1116 3666 Spiritus
1131 3588 1208 3649 San·
1264 3585 1405 3647 nandum
1420 3584 1606 3663 cecinerint,
1624 3586 1768 3650 dubitare
1783 3606 1849 3651 non
1869 3587 1995 3670 congruit

460 3683 503 3746 cti
529 3682 744 3745 causalitatem
771 3682 878 3761 refert,
900 3683 926 3744 si
947 3683 1080 3765 Spiritus
1101 3685 1206 3749 Sancti
1264 3682 1340 3763 quin
1356 3681 1470 3745 horum
1485 3681 1582 3744 etiam
1597 3682 1780 3764 praeclaram
1796 3686 1938 3749 notitiam
1949 3685 1996 3746 Pu-

461 3780 571 3842 notitia
590 3780 693 3843 llariae
713 3799 777 3843 non
797 3779 904 3860 infuit,
921 3782 966 3842 uti
987 3801 1046 3844 nec
1069 3781 1133 3844 illis
1153 3784 1208 3864 qui
1264 3781 1333 3843 ellae
1347 3779 1394 3841 illi
1409 3779 1627 3845 mundissime
1646 3781 1729 3843 Deus
1750 3784 1937 3864 praestiterit,
1951 3802 1996 3865 per

313 3893 421 3946 aaran,
434 3897 446 3937 a
460 3879 619 3956 dixerunt,
645 3877 753 3960 Neque
778 3878 805 3941 si
834 3878 1133 3960 Spiritus-Sanctus
1161 3891 1210 3946 est
1264 3897 1359 3959 quam
1374 3878 1535 3959 Prophetae
1550 3879 1621 3958 ejus
1636 3879 1749 3943 fideles
1768 3881 1891 3945 inventi
1912 3889 1993 3943 sunt:

313 3962 392 4012 ’Μ’
459 3976 659 4055 audivimus,
690 3975 864 4040 certificari
893 3995 958 4040 non
991 3979 1100 4041 valuit.
1130 3980 1206 4060 lmo,
1265 3984 1420 4058 quatenus
1435 3976 1643 4039 etardcntius
1665 3976 1813 4042 humanas
1835 3980 1939 4043 salutis
1957 3998 1996 4041 sa·

460 4074 535 4157 quid
564 4074 625 4137 sibi
655 4074 847 4155 loqueretur,
877 4075 1032 4139 nescisset
1061 4100 1068 4138 :
1101 4097 1210 4159 quem·
1265 4082 1463 4137 crementum
1495 4082 1698 4156 concuperet,
1724 4073 1888 4160 fidemque
1911 4077 1997 4159 pleni·

460 4173 631 4236 admodum
652 4191 750 4253 quum
771 4172 900 4235 divinus
921 4173 1035 4235 Paulus
1055 4177 1210 4256 quosdam
1225 4176 1250 4236 D
1265 4191 1352 4236 orem
1381 4179 1413 4235 ct
1444 4172 1520 4235 item
1551 4172 1654 4254 magis
1684 4174 1883 4239 meritoriam
1912 4174 1996 4259 possi-

459 4271 697 4351 interrogasset,
726 4270 758 4332 Si
788 4270 939 4351 Spiritum
968 4271 1119 4334 Sanctum
1149 4274 1211 4354 (in-
1265 4270 1364 4332 deret.

459 4368 586 4449 quiens)
601 4367 766 4449 recepistis
781 4368 968 4431 credentesf
984 4368 1044 4447 illi,
1056 4370 1132 4451 quid
1149 4367 1209 4434 sibi
1304 4367 1414 4431 Adhuc
1440 4375 1557 4446 autem,
1584 4370 1853 4449 quemadmodum
1878 4372 1994 4455 Spiritus

459 4464 588 4529 nomine
605 4464 738 4546 Spiritus
760 4465 866 4528 Sancti
888 4466 985 4529 vellet
1003 4468 1182 4532 nescientes
1200 4494 1207 4534 :
1265 4465 1409 4545 Sanctus,
1427 4463 1561 4546 Spiritus
1577 4464 1685 4546 utique
1699 4466 1841 4531 veritatis
1862 4478 1893 4532 et
1912 4468 1994 4551 pieta-

458 4563 566 4645 Neque
592 4563 619 4625 si
645 4563 780 4645 Spiritus
806 4563 939 4626 Sanctus
963 4574 1012 4627 est
1033 4565 1208 4648 (inquiunt)
1263 4562 1314 4642 tis,
1340 4563 1461 4644 Virgini
1484 4561 1531 4625 illi
1554 4582 1649 4643 quam
1679 4564 1739 4628 sibi
1763 4566 1804 4629 ab
1832 4566 1993 4631 aetemoin

459 4662 649 4725 audivimus.
679 4661 814 4743 Ideoque
849 4661 944 4743 paulo
972 4672 1044 4745 post
1072 4664 1207 4747 Spiritus
1262 4660 1417 4742 templum
1442 4668 1536 4742 atque
1565 4662 1738 4724 sacrarium
1764 4665 1933 4748 praeelegit,
1954 4663 1995 4727 sui

459 4760 566 4823 Sancti
581 4759 709 4822 eosdem
728 4757 827 4821 fidem
847 4759 968 4822 edocet.
985 4759 1204 4845 Conformiter,
1262 4777 1388 4840 quoque
1403 4759 1548 4822 notitiam
1563 4778 1582 4821 a
1596 4767 1739 4842 tempore
1760 4780 1825 4843 quo
1840 4783 1934 4846 capax
1952 4781 1995 4824 ex-

458 4859 485 4922 si
510 4859 550 4921 de
577 4856 695 4939 Spiritu
719 4856 834 4919 Sancto
857 4876 965 4920 veram
988 4858 1083 4921 llaria
1107 4860 1205 4924 fidem
1261 4858 1340 4919 stitit
1364 4876 1429 4921 non
1452 4857 1634 4935 indicasset,
1652 4877 1784 4923 cernere
1808 4861 1934 4941 (fateor)
1951 4878 1995 4923 nc·

458 4956 568 5019 sortita
582 4972 647 5017 non
661 4952 776 5016 fuisset
789 4954 886 5035 (quod
904 4954 1014 5035 utique
1027 4954 1204 5020 Gabrielem
1260 4974 1352 5036 queo.
1380 4955 1476 5018 Porro
1504 4955 1663 5038 Sapientia
1688 4956 1743 5020 illa
1766 4977 1839 5039 quaa
1863 4959 1995 5023 omnibus

456 5070 658 5135 nequaquem
683 5049 850 5131 latuisset),
876 5058 943 5115 erat
972 5072 1009 5115 ea
1034 5051 1067 5114 in
1091 5054 1203 5133 primis
1259 5054 1308 5115 sui
1328 5052 1498 5136 capacibus
1520 5055 1802 5137 se-communicat,
1819 5076 1890 5139 quse
1907 5055 2082 5121 omni-scer

455 5153 496 5215 de
517 5151 650 5233 Spiritus
671 5148 778 5211 Sancti
798 5148 864 5213 fide
888 5150 1061 5213 erudienda
1084 5153 1124 5214 ab
1148 5172 1204 5215 an·
1258 5151 1317 5214 bus
1339 5150 1509 5216 mobilibus
1533 5152 1682 5215 mobilior
1706 5162 1857 5219 censetur
1879 5156 1995 5238 (quippe

455 5250 547 5333 gelo;
563 5254 617 5310 aut
635 5254 721 5311 certe
739 5245 809 5328 ipsa
827 5246 976 5327 quesisse
995 5247 1105 5310 debuit
1125 5250 1202 5332 quid
1259 5268 1329 5332 qua
1350 5250 1475 5333 attingit
1493 5268 1511 5312 a
1530 5250 1596 5315 fine
1614 5270 1717 5333 usque
1735 5253 1776 5316 ad
1795 5253 1896 5320 fmem
1918 5252 2083 5318 forti-Mle*
