4309 6259
450 502 491 548 na
511 498 668 548 raacomo
688 498 726 546 rr
745 499 910 547 crcmmra
929 499 1047 558 uasta,
1068 499 1157 547 tram
1177 502 1210 548 rr.
1233 520 1273 532 -
1293 502 1363 549 aar.
1385 504 1439 551 xm
1659 486 1720 551 ttae

171 669 266 733 nibus
286 678 408 735 naturae
431 671 603 753 gratiaque
627 670 824 750 muneribus,
839 669 956 733 liiliorl
973 689 1063 752 guas,
1090 672 1173 752 quod
1196 671 1263 754 jam
1286 680 1381 755 atque
1405 673 1438 735 in
1467 671 1718 757 praecedentibus

171 768 342 845 adorando,
358 768 422 831 lleo
442 788 528 847 vero,
545 779 613 831 erat
630 767 840 832 mundissima
858 768 919 830 lda-
973 769 1073 831 multa
1100 770 1235 832 dixerim
1263 779 1294 835 et
1320 770 1398 835 item
1426 770 1716 849 determinaverim,

170 866 407 930 tersimillima.
423 867 522 930 Filius
540 876 647 931 autem
668 868 784 948 ejus,a
805 884 919 930 conce-
972 885 1052 947 qua,
1083 874 1118 929 ut
1148 868 1283 948 videtur,
1314 889 1418 951 neque
1446 888 1504 951 per
1531 869 1718 933 canonicam

170 962 287 1043 ptienis
306 982 371 1027 suae
390 972 552 1028 momento
570 963 732 1047 perfectus
751 964 845 1026 etiam
870 982 919 1026 se·
972 963 1178 1046 Scripturam,
1195 984 1254 1029 nee
1270 985 1326 1047 per
1341 974 1522 1030 sauctorum
1537 966 1719 1030 testimonia

169 1062 310 1123 cundum
324 1069 520 1143 assumptam
534 1070 681 1125 naturam
694 1062 813 1124 exstitit
832 1079 919 1124 oom—
972 1061 1225 1144 documentaque
1249 1063 1415 1128 doctorum
1443 1064 1577 1148 probare
1602 1064 1718 1128 stabili·

169 1159 345 1239 prehensor
360 1182 368 1221 ε
385 1178 449 1223 non
472 1167 579 1223 tamen
603 1160 660 1237 sic,
684 1159 766 1222 siout
789 1158 916 1221 divinus
972 1178 1047 1222 reve
1068 1158 1172 1223 valeo.

167 1256 361 1321 intellectus.
377 1257 497 1320 Ceteris
511 1276 587 1339 erge
602 1258 636 1320 in
654 1258 716 1320 hoc
737 1275 864 1339 quoque
885 1257 915 1319 ci
1011 1257 1072 1319 Sed
1100 1258 1150 1320 his
1177 1257 1243 1339 jam
1273 1260 1497 1340 compendiose
1525 1261 1720 1343 responden-

168 1354 306 1418 similier
319 1356 478 1419 censenda
498 1365 548 1419 est
566 1356 663 1419 Mater
683 1356 835 1437 virginea.
851 1354 916 1417 Nec
972 1354 1048 1418 dum
1076 1378 1083 1416 :
1110 1354 1209 1418 Deum
1233 1374 1291 1438 per
1313 1356 1484 1419 essentiam
1507 1356 1627 1437 videre,
1653 1376 1718 1422 non

167 1453 309 1516 alienum
323 1472 405 1532 reor,
423 1452 450 1516 si
469 1454 554 1536 quod
574 1453 688 1517 animas
708 1454 779 1516 Filii
800 1452 917 1516 indesi-
972 1452 1082 1533 utique
1109 1452 1169 1516 vie
1203 1453 1258 1515 sed
1286 1454 1396 1535 patriae
1426 1454 1653 1518 beatitudinem
1681 1475 1718 1519 ac

168 1559 283 1615 neuter
296 1552 494 1634 impertitum
509 1560 567 1630 est,
582 1552 689 1615 ldatris
703 1552 800 1615 etiam
814 1551 918 1634 puris-
972 1550 1201 1631 perfectionem
1224 1552 1386 1631 exsistere,
1408 1571 1468 1616 neo
1487 1553 1520 1617 id
1540 1553 1635 1617 alicui
1657 1554 1718 1618 nisi

168 1648 256 1713 simae
283 1648 555 1732 sanctissimeque
583 1649 693 1728 menti,
722 1658 778 1713 aut
804 1650 914 1730 semel,
970 1649 1102 1713 omnino
1117 1650 1400 1731 supernaturaliter
1414 1651 1593 1735 impertiri,
1610 1654 1665 1716 sed
1687 1660 1719 1717 et

167 1755 222 1810 aut
235 1748 438 1829 quandoque,
454 1756 509 1811 aut
522 1756 607 1811 certe
627 1748 765 1811 ubertim
786 1766 916 1811 conces·
971 1747 1135 1810 hominem
1159 1748 1392 1830 hujuscemodi,
1409 1751 1542 1813 durante
1566 1751 1622 1815 Dei
1644 1771 1719 1816 con-

167 1866 238 1909 sum
259 1846 332 1927 quis
353 1854 482 1909 asserat.
933 1845 1187 1927 Btemplationc,
1204 1846 1244 1908 ab
1263 1847 1388 1910 actione
1411 1866 1563 1911 sensuum
1589 1868 1717 1931 prorsus

204 1943 351 2025 Insuper,
368 1951 455 2006 tanta
475 1951 524 2006 est
536 1942 639 2006 Marias
660 1942 825 2025 plenitudo
846 1962 917 2025 gra·
970 1941 1039 2006 fore
1058 1962 1260 2025 suspensum,
1277 1962 1336 2007 neo
1361 1944 1468 2008 vivere
1492 1946 1556 2009 vita
1578 1947 1718 2010 humana

165 2043 226 2120 tire,
243 2043 329 2123 quod
351 2060 393 2104 ne
415 2041 485 2123 ipsa
506 2040 637 2123 quidem
658 2042 802 2105 eamdem
821 2042 915 2124 plene
970 2048 1064 2123 atque
1078 2041 1222 2104 sensibili
1240 2066 1247 2103 ι
1265 2042 1374 2124 sicque
1388 2044 1620 2125 quodammodo
1635 2064 1719 2109 mor·

165 2139 277 2203 videre
296 2138 397 2201 valuit
414 2137 476 2201 nisi
500 2137 554 2201 llei
579 2138 750 2201 essentiam
775 2147 916 2202 contem·
969 2147 1044 2201 tuus
1063 2146 1121 2217 est,
1138 2139 1289 2221 quoniam
1314 2158 1371 2223 pro
1395 2147 1471 2205 tunc
1495 2142 1615 2205 nullam
1640 2163 1718 2225 prae-

165 2237 348 2320 plansflaeo
363 2254 480 2318 nempe
493 2235 603 2317 gratie
617 2256 682 2299 suae
696 2236 830 2299 altitudo
844 2254 916 2299 oon·
971 2236 1070 2299 sentis
1085 2236 1158 2299 vitae
1173 2237 1388 2319 operationem
1402 2239 1567 2304 evidenter
1579 2250 1714 2305 exercet.

165 2335 260 2413 sistit,
268 2335 353 2417 quod
367 2334 433 2397 veri
448 2333 738 2417 omnipotentisque
752 2334 808 2396 llei
820 2333 916 2397 llater
969 2334 1076 2415 Porro,
1093 2336 1179 2417 quod
1202 2336 1298 2419 hloysi
1318 2336 1351 2397 in
1370 2337 1477 2401 Exodo
1495 2346 1644 2421 negatum
1669 2349 1717 2403 est

165 2454 241 2498 vera
265 2432 351 2496 facta
374 2441 423 2495 est
443 2456 450 2493 :
473 2433 557 2514 quod
580 2433 711 2510 denum,
732 2439 767 2494 ut
787 2432 912 2515 opinor,
969 2433 1104 2513 (dictum
1123 2434 1241 2516 quippe
1265 2440 1313 2497 est
1337 2434 1367 2497 ei
1390 2435 1455 2499 illic
1473 2434 1634 2500 :Gloriam
1660 2456 1716 2501 seu
1742 2468 1818 2513 m,

166 2530 396 2614 comprehendi
410 2530 530 2611 nequit,
542 2529 603 2593 nisi
618 2530 688 2611 ipsa
702 2529 756 2591 Dei
770 2530 916 2592 videatur
969 2529 1085 2593 faciem
1100 2550 1203 2595 meam
1215 2531 1322 2596 videre
1336 2550 1401 2595 non
1416 2534 1596 2615 poteris),id
1611 2534 1714 2617 ipsum
1728 2545 1801 2585 ¹¹¹¹¹¹=
1814 2535 1848 2577 ²⁰·

165 2649 223 2713 per
237 2628 381 2711 speciem
401 2627 562 2709 maiestas.
579 2627 616 2690 Ut
637 2626 732 2709 igitur
752 2626 916 2708 incompa-
969 2629 999 2690 ei
1020 2628 1054 2690 in
1075 2628 1221 2691 Numeris
1245 2647 1433 2693 concessum
1458 2631 1652 2713 perhibetur,
1670 2634 1715 2697 uti
1728 2658 1863 2710 ramae.

165 2726 274 2791 rabilis
288 2724 580 2808 pretiosissimaque
594 2724 689 2807 Virgo
703 2724 767 2789 Deo
781 2725 916 2787 incessa-
969 2727 1064 2809 paulo
1078 2733 1151 2790 ante
1166 2727 1337 2790 deductum
1352 2736 1409 2791 est.
1431 2729 1567 2793 loannes
1588 2749 1715 2814 quoque
1728 2749 1860 2805 :epm

165 2826 274 2889 biliter
287 2824 406 2907 gratior
418 2823 593 2902 exsisteret,
609 2825 715 2888 datam
736 2823 830 2885 ctiam
851 2821 914 2885 sibi
969 2826 1008 2887 de
1030 2824 1155 2889 visione
1179 2824 1328 2907 perfecte
1352 2828 1645 2909 comprehensionis
1670 2832 1717 2895 lo

164 2923 301 3005 gratiam
316 2921 488 3004 perfectius
502 2921 696 3003 conciperet,
704 2921 844 3002 itemque
858 2940 916 3002 per
969 2922 1086 3003 quitur,
1104 2940 1167 3003 qua
1194 2942 1285 2985 mens
1312 2924 1400 2987 nulla
1429 2934 1545 3005 creata,
1563 2926 1628 2991 imo
1655 2947 1715 2991 nee

164 3024 224 3087 hec
239 3021 355 3085 Filium
368 3021 468 3085 Mum
483 3028 633 3084 tractaret
645 3020 821 3098 honestius,
830 3017 951 3083 ama-(l
970 3020 1075 3083 anima
1089 3020 1214 3098 Christi,
1222 3020 1321 3083 Deum
1335 3022 1506 3085 sublimem
1522 3044 1651 3089 cernere
1667 3046 1717 3089 va·

165 3130 212 3184 ret
225 3121 402 3201 ardentius,
415 3120 547 3183 lactaret
559 3119 745 3201 jucundius,
758 3118 916 3181 ministra·
970 3118 1023 3181 let.
1043 3118 1177 3181 llemum
1201 3118 1367 3201 Dionysius
1390 3120 1429 3183 de
1454 3140 1492 3183 ea
1514 3122 1570 3185 llei
1594 3124 1716 3187 visione

165 3228 212 3283 ret
225 3218 393 3296 humilius,
410 3218 656 3299 conviveretque
671 3216 848 3295 decentius,
861 3217 916 3279 de·
968 3234 1040 3297 quae
1053 3235 1112 3298 per
1126 3215 1266 3300 speeiem
1281 3225 1417 3281 creatam
1433 3218 1587 3300 eflicitur,
1599 3221 1716 3285 effatus

166 3320 271 3381 cuisse
287 3318 413 3382 videtur
426 3318 511 3399 quod
531 3317 582 3380 vel
603 3315 773 3399 aliquando
793 3316 823 3379 ci
846 3315 915 3397 ipse
970 3323 1028 3377 est.
1044 3313 1155 3377 Creata
1173 3323 1278 3377 autem
1298 3315 1402 3378 omnis
1426 3316 1576 3399 forma,a
1599 3320 1716 3384 divinat

167 3436 200 3479 se
221 3416 309 3480 olere
330 3414 593 3478 manifestaverit.
969 3411 1175 3495 perfectionis
1209 3413 1484 3496 incircumscripta
1519 3417 1717 3499 plenitudine

969 3509 1096 3573 infinite
1111 3509 1291 3573 occumbit:
1304 3509 1439 3592 ideoque
1452 3531 1511 3594 per
1524 3532 1594 3576 eam
1608 3515 1719 3579 divina

970 3608 1109 3672 essentia
1123 3607 1208 3670 clare
1222 3607 1361 3688 itemque
1376 3608 1408 3670 in
1424 3628 1457 3672 se
1478 3610 1580 3674 videri
1594 3615 1717 3694 nequit.

363 3696 607 3761 ARTIGULUS
629 3696 724 3761 XIX.
970 3707 1031 3770 Sed
1045 3724 1084 3769 eo
1099 3706 1167 3768 haee
1181 3703 1236 3767 Ilei
1251 3706 1403 3768 adorandi
1424 3708 1648 3790 contemplatio
1668 3730 1720 3775 ex·

170 3847 313 3924 objectio
336 3854 451 3905 contra
469 3845 692 3919 proeinducta‚
713 3844 848 3922 ejusque
870 3863 916 3903 se·
970 3812 1032 3915 siat
1045 3802 1327 3913 praesfapmrfqm
1342 3822 1400 3913 pes
1413 3804 1634 3915 huj,¹¹⁸⁰em⁰di
1650 3828 1720 3891 spe'

208 3938 294 3996 ΜΟ
308 3955 320 3994 .·
335 3936 372 3993 in
385 3952 448 4013 quo
461 3934 591 4008 plenior
610 3934 714 3992 dam,
727 3934 917 4008 explanatio
971 3921 1051 3965 crem
1077 3901 1215 3963 lucrdrus
1239 3908 1424 3979 innotuerit,
1441 3903 1488 3965 ml
1513 3922 1642 3985 prorsus
1667 3925 1720 3970 eo-

207 4024 480 4103 quemadmodum
504 4022 593 4081 Deus
620 4022 657 4078 in
680 4023 750 4080 vim
776 4022 837 4079 hoo
854 4039 918 4097 per
972 3998 1327 4081 rumquaesunt,Deum
1341 3998 1719 4079 consistere,sedcunctis

208 4114 345 4189 speeiem
363 4112 465 4186 possit
486 4109 605 4169 videri.
972 4097 1239 4181 superelevatum,
1261 4096 1556 4179 superineffabilem
1578 4102 1720 4181 penitus·

931 4199 1034 4278 llque
1057 4194 1414 4277 incomprehensibilem
1436 4214 1527 4275 esse;
1547 4206 1641 4279 atque
1662 4219 1720 4283 per

228 4299 281 4362 El)
315 4296 459 4361 fortassis
495 4295 546 4357 his
580 4294 740 4377 quispiam
772 4293 915 4375 objiciet,
954 4296 1033 4359 -hoc
1055 4292 1165 4356 unitur
1185 4312 1276 4355 mens
1296 4292 1360 4356 Deo
1382 4300 1533 4374 tanquam
1553 4295 1672 4378 ignoto.

245 4396 330 4480 quod
348 4395 431 4458 llcus
449 4401 586 4457 eternus
604 4402 637 4456 et
654 4392 798 4456 excelsus
820 4392 918 4475 ldoysi
1011 4392 1193 4470 Enimvero,
1224 4391 1308 4473 quod
1342 4399 1502 4473 postremo
1534 4396 1716 4477 opponitur,

77 4520 143 4565 aaa,
169 4496 314 4578 precanti
338 4500 433 4575 atque
456 4492 588 4570 dicenti,
610 4490 746 4555 Ostende
768 4491 846 4553 mihi
872 4492 919 4554 fa·
972 4490 1208 4554 discutiendum
1222 4489 1369 4553 arbitror.
1386 4489 1424 4551 Et
1438 4490 1566 4571 quidem
1582 4493 1615 4554 id
1629 4514 1720 4559 sccu-

48 4595 102 4688 ἴω·
125 4588 156 4635 ¹²
171 4596 252 4657 ciem
278 4600 377 4669 tuam,
403 4590 429 4652 si
453 4588 562 4652 iuveni
587 4588 720 4671 gratiam
752 4607 858 4652 coram
873 4598 914 4668 te,
972 4609 1007 4652 re
1022 4588 1185 4672 profiteor,
1193 4587 1238 4649 nil
1253 4606 1305 4649 me
1320 4586 1429 4667 utique
1444 4588 1536 4651 dictis
1551 4591 1720 4673 scriptisve

64 4679 70 4690 ⁸
170 4690 337 4774 respondit
352 4712 359 4751 z
376 4689 445 4753 Non
466 4688 586 4751 videbit
608 4707 659 4750 me
674 4687 848 4769 (inquiens)
863 4689 919 4752 ho-
972 4688 1160 4751 Sanetomm
1188 4685 1361 4749 assemisse
1389 4687 1584 4751 eontrarium
1617 4690 1720 4754 scien-

50 4815 157 4871 ιω,
170 4810 223 4854 mo
247 4798 280 4853 et
303 4788 400 4851 vivet.
423 4786 518 4850 l’orro
541 4786 677 4849 loannes
698 4786 822 4849 zlleum
846 4788 918 4866 (ait)
972 4786 1133 4867 ter:quod
1148 4784 1175 4847 si
1190 4783 1308 4863 fecero,
1316 4783 1547 4848 correctionem
1562 4806 1627 4851 non
1643 4790 1717 4854 vito.

49 4880 77 4983 ᾖ
93 4941 150 4986 Μ
171 4907 267 4952 nemo
294 4887 375 4949 vidit
401 4903 553 4965 unquam.
583 4884 723 4965 Denique
751 4884 918 4967 Dionysius
972 4886 1117 4966 lnsuper,
1132 4902 1202 4965 quae
1216 4882 1301 4945 dicta
1316 4890 1399 4960 sunt,
1413 4900 1478 4945 non
1493 4882 1613 4965 absque
1628 4887 1722 4951 ratio-

48 5016 157 5056 mm
171 5004 230 5050 nos
252 4984 374 5062 edocet,
391 4982 542 5064 quoniam
563 4981 725 5062 praesentis
746 4980 819 5043 vitae
840 5001 919 5063 prea-
972 5002 1014 5046 ne
1028 4982 1183 5059 disserui,
1200 4981 1255 5044 sed
1271 5000 1308 5043 ex
1322 4980 1373 5041 his
1387 4999 1457 5061 quae
1471 4981 1552 5045 fades
1573 4985 1717 5065 adstruit,

48 5066 157 5185 iffi
172 5081 369 5146 stantissima
383 5078 538 5161 perfectio
552 5086 601 5140 est
614 5078 678 5141 Deo
691 5085 842 5160 tanquam
864 5100 918 5162 pe-
972 5090 1027 5144 aut
1060 5078 1252 5157 necessario,
1289 5087 1344 5141 aut
1378 5086 1462 5142 certe
1491 5079 1720 5147 rationabiliter

171 5183 258 5244 nitus
271 5180 380 5261 ignoto
396 5176 489 5240 uniri.
506 5212 547 5222 -
559 5176 633 5238 llihi
648 5184 754 5239 autem
773 5176 916 5242 fortassis
974 5177 1155 5243 inferuntur
1171 5199 1179 5238 ε
1196 5176 1330 5257 ideoque
1350 5178 1531 5259 apocrypha
1550 5179 1650 5242 multa
1670 5200 1719 5244 re-

171 5279 317 5362 ohjicies,
335 5295 448 5359 meque
462 5276 570 5340 forsan
591 5275 846 5359 presumptionis
868 5297 917 5340 ar·
973 5276 1053 5359 liqui
1066 5283 1161 5356 atque
1176 5272 1513 5354 relinquamllenique
1528 5294 1587 5339 nec
1601 5276 1633 5339 id
1649 5278 1719 5359 qui-
