4309 6259
461 478 518 543 lli
864 491 1022 539 carosum
1043 490 1144 536 uvam
1167 489 1175 534 :
1197 488 1325 535 arruns
1345 489 1448 537 naaun
1468 490 1619 539 coucnoa

460 688 497 731 ac
523 664 733 729 miserationis
763 672 824 727 tuae
852 663 1014 726 immensa
1039 680 1098 725 nos
1123 682 1140 719 a
1167 660 1211 721 la·
1224 659 1250 723 Α
1264 661 1425 740 gando,ex
1439 661 1554 742 quibus
1564 664 1709 727 emuntur
1722 666 1852 729 timores
1863 667 2006 749 pueriles,

460 767 572 829 bentes
589 788 618 843 u,
635 764 666 827 id
681 772 730 827 est
745 770 912 845 peccantes
928 761 1078 842 quotidie,
1095 760 1160 822 imo
1178 766 1210 821 et

460 864 548 927 omni
563 882 645 946 pene
661 863 749 941 hora,
767 861 879 924 saltam
894 861 926 921 in
949 858 1137 937 venialibus,
1153 876 1210 938 per

461 962 577 1025 mentis
616 961 847 1039 distractiones,
888 956 1099 1021 incustodiam
1139 974 1209 1017 sen-

461 1078 566 1137 suum,
584 1077 640 1140 per
661 1059 757 1121 verba
778 1056 985 1133 infructuosa,
1001 1073 1039 1116 ac
1054 1052 1124 1115 aliis
1144 1071 1210 1115 mo

310 1177 378 1220 rrae.
390 1189 445 1227 xxiv.
460 1158 520 1236 dis,
537 1157 575 1219 de
596 1156 710 1237 quibus
732 1156 764 1216 in
784 1153 958 1217 Proverbiis
979 1152 1116 1233 legitur:
1134 1150 1210 1230 Sep-

314 1243 346 1283 ld.

461 1256 518 1319 ties
543 1255 575 1315 in
598 1255 647 1317 die
669 1255 760 1316 cadet
783 1252 897 1334 justus,
921 1252 1055 1315 loannes
1082 1266 1209 1328 quoque

312 1372 445 1418 lacaenas.
461 1352 622 1435 apostolus
640 1375 647 1413 :
666 1352 697 1412 Si
713 1350 883 1412 dixerimus
898 1348 1027 1429 (inquit)
1042 1346 1115 1427 quia
1137 1364 1210 1427 pec-

460 1460 566 1515 catum
586 1470 649 1513 ncn
670 1449 834 1527 babemus,
856 1447 915 1529 ipsi
938 1465 995 1509 nos
1016 1444 1206 1507 seducimus.

460 1550 576 1631 Estque
593 1549 688 1611 miser
709 1554 741 1609 et
762 1546 831 1607 vilis
855 1544 961 1625 lapsus
982 1544 1058 1605 dum
1079 1543 1120 1605 ab
1141 1542 1209 1603 alti-

460 1649 566 1711 tudine
591 1646 722 1710 actualis
744 1643 931 1721 devotionis,
955 1642 1086 1704 sincerae
1112 1639 1209 1701 medi-

459 1747 595 1824 tationis,
626 1746 772 1809 virtuosae
801 1740 991 1817 allectionis,
1019 1738 1207 1820 exemplaris

1264 758 1394 821 tristitiae
1408 760 1694 841 deprimentes,aut
1706 783 1809 845 pravae
1824 772 1856 827 et
1870 765 2007 828 carnales

1263 854 1450 919 allectiones
1477 881 1484 918 :
1513 859 1553 921 ad
1581 879 1716 941 quarum
1744 861 1889 925 omnium
1913 864 2008 925 eradi-

1264 954 1420 1016 cationem
1435 975 1471 1018 ac
1493 957 1717 1021 devitationem
1738 961 1918 1042 indigemus
1939 962 2008 1023 visi-

1264 1051 1381 1114 tatione
1405 1073 1543 1135 superna
1566 1074 1603 1117 ac
1628 1056 1836 1121 illustratione
1857 1057 2005 1139 piissima,

1262 1151 1346 1231 quia,
1374 1159 1408 1213 ut
1431 1152 1583 1234 scriptum
1608 1164 1666 1232 est,
1691 1156 1772 1219 sicut
1796 1157 2005 1237 parturientis,
2030 1183 2078 1225 assa·

1264 1268 1319 1310 cor
1343 1258 1432 1311 tuum
1462 1251 1642 1330 phantasias
1672 1254 1798 1334 patitur,
1826 1254 1886 1316 nisi
1916 1253 2095 1318 tuentum-‘-

1264 1347 1303 1409 ab
1319 1347 1478 1411 ditissimo
1493 1350 1609 1413 emissa
1630 1351 1776 1415 visitatio.
1794 1351 1923 1415 Talibus
1936 1374 2008 1435 ergo

1263 1464 1326 1509 uon
1353 1445 1540 1527 immoreris
1562 1467 1661 1529 quum
1686 1470 1743 1531 per
1763 1451 1932 1514 leremiam
1953 1453 2009 1515 llo

1263 1544 1368 1605 minus
1390 1544 1474 1606 dicat
1490 1569 1498 1607 ι
1515 1547 1682 1629 Usquequo
1705 1548 1913 1611 morabuntur
1934 1550 1965 1611 in
1980 1560 2007 1613 te
2019 1568 2107 1611 razu

1262 1642 1467 1721 cogitationes
1489 1645 1610 1708 noxiael
1631 1646 1697 1709 lmo
1718 1647 1861 1728 protinus
1887 1656 1921 1710 ut
1943 1668 2010 1710 seu-

1263 1741 1341 1803 seris
1365 1741 1527 1822 quidpiam
1552 1742 1625 1822 tale,
1652 1746 1692 1807 ad
1722 1744 1860 1808 salubria
1884 1754 1915 1809 te
1939 1767 2010 1810 cou-

459 1844 637 1923 locutionis‚
655 1842 821 1906 laudabilis
843 1840 959 1921 operis,
975 1838 1153 1900 delabimur
1166 1837 1206 1898 ad
1225 1840 1362 1916 Bverte‚
1393 1840 1431 1901 ad
1462 1841 1699 1906 meditationem
1727 1843 1884 1924 passionis
1914 1845 2010 1908 domi·

458 1944 561 2008 cordis
577 1942 806 2024 evagationem,
816 1938 959 2000 inutilem
972 1936 1205 2017 cogitationem,

458 2042 612 2126 puerilem
637 2039 841 2103 allectionem
870 2035 1127 2118 operationemve
1153 2032 1208 2093 iri-

318 2158 358 2203 Ρι.
371 2173 442 2211 evin.
458 2141 574 2204 volam.
594 2139 672 2201 Hinc
693 2136 793 2201 oravit
815 2135 976 2197 Psalmista
993 2157 1000 2195 :
1018 2133 1153 2215 Adspice
1173 2132 1206 2193 iu

311 2223 358 2266 itt.

459 2259 521 2317 me,
543 2247 574 2300 et
598 2236 747 2299 miserere
772 2234 855 2313 mei3
876 2241 906 2295 et
929 2233 961 2293 iu
987 2230 1207 2294 Ecclesiastico

350 2360 423 2406 asera.
458 2345 526 2399 orat
554 2336 603 2399 vir
631 2334 757 2416 sapiens
783 2356 790 2394 :
818 2332 961 2394 Miserere
988 2330 1098 2408 nostri,
1125 2329 1206 2391 lleus

337 2438 410 2475 ¹¹¹l¹·
423 2429 441 2468 ¹·
458 2435 612 2513 omnium,
630 2442 662 2496 et
683 2432 804 2513 respice
826 2449 895 2508 nos,
913 2438 944 2491 et
965 2430 1095 2493 ostende
1115 2428 1206 2490 nobis

459 2535 563 2598 lucem
586 2532 823 2596 miserationum
848 2538 983 2591 tuarum.
1011 2532 1054 2589 Et
1078 2548 1135 2587 nos
1159 2530 1206 2586 vi-

457 2637 563 2694 dendo
587 2634 727 2709 corripe,
751 2629 783 2691 id
807 2637 865 2705 est,
892 2626 1136 2689 misericorditer
1159 2626 1206 2687 iu-

457 2733 575 2795 tuendo
590 2729 725 2793 emenda
740 2746 809 2807 nos,
826 2734 920 2807 atque
941 2726 973 2786 in
996 2724 1059 2787 vita
1073 2725 1132 2786 bac
1156 2724 1205 2805 pie

457 2850 493 2893 ao
511 2828 714 2913 paternaliter
728 2844 787 2889 nos
802 2824 931 2905 castiga,
948 2844 988 2885 ne
1003 2823 1205 2904 postmodum

458 2929 557 2991 multo
578 2927 681 2991 acrius
703 2945 739 2988 ac
761 2924 878 2986 diutius
900 2922 1078 3004 puniamur,
1096 2940 1207 3002 quem-

1263 1935 1400 2013 uicae,ad
1415 1938 1600 2000 memoriam
1612 1941 1856 2004 novissimorum
1873 1950 2006 2020 tuorum,

1262 2035 1302 2096 ad
1324 2035 1607 2099 considerationem
1629 2038 1743 2102 divinae
1766 2041 1951 2121 presentiae,
1971 2042 2008 2104 ad

1261 2132 1411 2197 orationis
1441 2135 1611 2215 refugium,
1641 2137 1680 2198 ad
1716 2137 1898 2218 psalmodias
1932 2140 2008 2204 sola-

1263 2232 1352 2293 tium.
1376 2232 1526 2314 lienique,
1550 2252 1648 2314 quum
1669 2235 1827 2317 appetitus
1848 2236 2007 2319 objectum

1263 2329 1302 2391 sit
1331 2330 1450 2392 bouum
1483 2332 1717 2412 apprehensum
1749 2353 1805 2396 seu
1835 2335 2005 2415 cognitum,

1262 2428 1335 2490 hinc
1358 2428 1403 2489 nil
1426 2430 1532 2511 appeti
1556 2438 1669 2511 potest,
1692 2440 1747 2493 aut
1770 2432 1935 2495 abhorreri
1955 2453 2007 2495 seu

1262 2526 1434 2605 formidari,
1449 2528 1509 2589 nisi
1522 2528 1587 2608 jam
1603 2530 1839 2610 apprehensum
1854 2550 1911 2594 seu
1927 2532 2008 2613 cogi·

1262 2632 1361 2687 tatum
1392 2649 1399 2687 :
1430 2625 1547 2688 idcirco
1575 2627 1631 2707 qui
1659 2628 1728 2691 vult
1755 2628 1796 2692 ab
1824 2629 2007 2694 inordinatis

1262 2722 1460 2804 passionibus
1491 2724 1621 2788 tristitiae
1646 2736 1677 2788 et
1702 2726 1823 2789 timoris
1847 2736 1879 2790 et
1905 2728 2006 2809 pravis

1261 2821 1430 2885 aflectibus
1455 2843 1511 2885 seu
1536 2824 1801 2905 concupiscentiis
1825 2827 2007 2907 presan-ari

1262 2928 1315 2982 aut
1330 2920 1467 3001 liberari,
1484 2924 1608 2985 studeat
1622 2944 1641 2985 a
1662 2924 1818 3004 praetactis
1832 2926 2007 3006 apprchen-

309 3042 356 3088 ιον.
371 3058 393 3095 x.
408 3046 441 3088 aa.
458 3027 628 3091 admodum
653 3024 802 3088 ieremias
829 3022 929 3085 oravit
955 3045 963 3082 :
989 3020 1116 3101 Corripe
1141 3040 1203 3101 me,
1221 3020 1244 3086 (l
1263 3019 1414 3100 sionibuS,
1450 3020 1736 3102 imaginationibus,
1767 3023 2007 3105 cogitationibus

308 4390 385 4440 aasz.

368 4508 387 4563 8

458 3126 602 3203 Domine,
629 3130 847 3186 verumtamen
876 3120 909 3181 in
935 3118 1055 3200 judicio
1083 3119 1129 3198 (id
1158 3127 1207 3182 est

459 3224 511 3307 pio
526 3220 724 3285 discretionis
747 3218 985 3297 moderamine),
1002 3236 1042 3279 ne
1063 3216 1145 3280 forte
1166 3218 1205 3279 ad

458 3321 592 3383 nibilum
609 3319 731 3399 redigas
747 3335 809 3379 me.

496 3421 538 3480 Si
552 3419 697 3495 respicis,
713 3415 744 3477 id
760 3422 818 3492 est,
836 3412 940 3475 sitam
956 3412 1006 3495 pie
1022 3432 1058 3475 ac
1074 3420 1205 3494 paterne

456 3534 515 3580 nos
530 3513 677 3596 adspiciS,
688 3517 798 3589 tapsus
812 3510 988 3581 eadvuald
1003 3518 1062 3590 est,
1074 3518 1205 3591 peccata

455 3622 563 3679 nostra
584 3612 738 3675 deliciunt
759 3630 795 3673 ac
817 3608 972 3687 delentur,
990 3609 1140 3690 quoniam
1161 3608 1205 3669 ita

455 3712 630 3795 adspicere,
646 3718 695 3774 est
716 3708 853 3791 peccatis
875 3708 1038 3789 ignoscere
1058 3706 1205 3788 gratiam-

454 3831 515 3893 que
545 3817 704 3892 praestare,
730 3811 873 3887 fletaque
901 3810 998 3881 culpa
1025 3808 1167 3865 solvitur
1193 3825 1204 3864 .·

454 3910 532 3972 dum
561 3908 647 3972 enim
677 3906 722 3968 sic
752 3904 892 3985 respicis,
925 3921 980 3965 cor
1009 3902 1089 3983 lapsi
1119 3920 1204 3965 com-

455 4007 617 4089 pungitur,
643 4003 814 4079 emollitur,
840 4010 869 4063 et
895 4002 927 4063 in
953 4000 1202 4083 paenitentialem

456 4106 570 4167 fletum
591 4102 703 4165 saltem
725 4101 905 4163 interiorem
925 4100 1078 4176 solvitur3
1096 4100 1203 4180 sicque

1262 3138 1295 3181 se
1311 3138 1445 3201 purgare
1460 3128 1492 3181 et
1507 3138 1709 3201 preservare.

1300 3218 1485 3296 cllentisque
1519 3238 1668 3280 somnum
1701 3221 1838 3281 discute.
1873 3220 2007 3284 Somnus

1262 3314 1387 3397 proprie
1416 3315 1456 3377 ad
1492 3324 1612 3397 partem
1645 3318 1781 3399 pertinet
1812 3318 2006 3383 sensitivam.

1261 3414 1355 3477 Porro
1381 3431 1511 3476 somnus
1535 3416 1651 3478 mentis
1676 3424 1724 3479 est
1748 3416 1865 3498 duplex
1891 3441 1898 3479 :
1927 3438 2006 3481 nnus

1261 3510 1438 3591 laudabilis,
1447 3512 1501 3593 qui
1517 3521 1565 3576 est
1579 3514 1737 3595 soporatio
1752 3514 1868 3577 mentis
1884 3516 1916 3577 in
1932 3516 2005 3593 lice,

1260 3628 1390 3671 somnus
1406 3610 1680 3692 contemplationis
1694 3611 1747 3692 (de
1762 3631 1827 3694 quo
1841 3614 2007 3695 exponitur

1259 3708 1337 3770 illud
1360 3708 1519 3771 Geneseos
1545 3733 1552 3771 :
1579 3711 1710 3773 Immisit
1734 3711 1887 3774 Dominus
1916 3730 2110 3793 sepo-emas.

1259 3825 1327 3868 rem
1342 3806 1374 3867 in
1389 3808 1509 3886 ddam3
1526 3809 1610 3871 unde
1632 3810 1746 3891 exponi
1761 3818 1864 3891 potest
1883 3819 1914 3873 et
1929 3810 2005 3872 illud

1258 3905 1291 3965 in
1305 3904 1429 3968 Psalmo
1446 3928 1453 3966 :
1470 3905 1505 3967 ln
1528 3926 1605 3987 paca
1627 3906 1659 3968 in
1682 3907 1712 3969 id
1732 3907 1837 3989 ipsum
1851 3908 2005 3971 dormiam
2019 3924 2115 3980 raas,

1258 4011 1290 4064 et
1304 4003 1514 4084 requiescam)
1529 4027 1536 4079 ;
1553 4004 1632 4067 alius
1647 4006 1875 4087 vituperabilis,
1891 4008 1947 4088 qui
1962 4016 2008 4070 est

1258 4100 1463 4182 negligentia,
1490 4110 1608 4183 torpor,
1634 4103 1775 4167 otiositas
1800 4105 1905 4168 cordis
1935 4105 2006 4168 inti-

456 4202 551 4283 culpa
565 4201 635 4282 ejus
651 4197 832 4261 dissolvitur
847 4207 878 4260 et
892 4196 1083 4279 indulgetur,
1094 4216 1203 4278 quem-
1218 4201 1244 4264 l)
1260 4199 1382 4276 morati,
1406 4200 1598 4278 incustoditi,
1622 4220 1682 4263 nec
1704 4220 1812 4265 coram
1833 4202 1898 4265 Deo
1922 4204 2008 4266 solli·

313 4326 432 4381 asana
455 4301 625 4365 admodum
654 4298 762 4361 Petrus
795 4316 813 4359 a
848 4305 876 4358 te
909 4304 1083 4377 respectuS,
1113 4295 1203 4358 llevit

454 4419 561 4465 aruare
577 4418 613 4462 ac
629 4397 754 4460 veniam
770 4394 960 4476 impetravit.

497 4502 556 4567 Tu,
573 4501 644 4567 tac,
657 4498 786 4573 refulge
799 4496 956 4565 sensibus,
968 4492 999 4554 id
1015 4500 1073 4572 est,
1087 4516 1104 4552 u
1121 4501 1155 4554 tu
1171 4516 1201 4572 a,

305 4620 438 4675 Jmn.r,r;
454 4596 586 4675 Christe,
603 4617 620 4653 «
637 4594 691 4655 lux
706 4616 722 4653 a
739 4612 824 4669 vera,
842 4592 1031 4669 luxmundi,
1049 4592 1203 4672 sapientia

306 4686 397 4736 '¹¹¹'¹²·
454 4694 551 4757 Patris
579 4692 698 4769 aterni,
723 4691 838 4754 irradia
867 4698 898 4752 et
927 4691 1094 4772 resplende
1124 4690 1203 4753 iute-

454 4792 588 4857 rioribus
611 4790 793 4853 «sensibus
817 4812 833 4848 u
855 4789 981 4866 nostris,
1005 4788 1201 4850 intellectum

452 4893 486 4955 in
501 4890 648 4955 omnibus
663 4888 860 4965 illustrando,
878 4886 1030 4949 rationem
1045 4887 1199 4967 docendo,

453 4992 519 5053 vim
544 5007 671 5070 quoque
692 4985 892 5067 cogitativam
914 4992 945 5047 et
966 4984 1201 5066 imaginativam

453 5110 471 5153 a
492 5088 580 5151 vanis
602 5094 633 5149 et
654 5084 757 5147 stultis
779 5082 1083 5165 apprehensionibus
1102 5082 1202 5163 pban-

453 5185 581 5263 tasticis,
603 5182 879 5265 imaginationibus
901 5182 1056 5263 turpibus,
1077 5181 1201 5244 involu-

452 5284 588 5351 tionibus
607 5281 774 5346 insensatis
796 5282 1017 5363 preservande
1037 5290 1068 5343 et
1087 5299 1201 5362 expur-

1259 4297 1319 4359 rite
1334 4298 1535 4360 ambulantis.
1553 4297 1650 4372 Quem
1666 4300 1839 4380 pessimum
1855 4319 2004 4364 somnum

1258 4414 1426 4478 precamur
1450 4396 1564 4459 discuti
1588 4405 1619 4459 et
1647 4398 1762 4479 expelli
1790 4418 1809 4460 a
1833 4398 1937 4475 uobis,
1965 4400 2006 4461 ita

1257 4495 1342 4576 quod
1354 4494 1435 4556 lleus
1451 4495 1564 4557 excitet
1580 4514 1637 4558 nos
1652 4505 1684 4558 et
1698 4496 1834 4558 illustret
1847 4497 1888 4559 ad
1903 4498 2006 4560 eonsi-

1257 4594 1431 4655 derandum
1447 4594 1560 4656 idonee
1580 4602 1657 4675 quot
1678 4603 1707 4656 et
1724 4595 1849 4675 quantis
1870 4595 2006 4659 circum-

1257 4690 1320 4753 dati
1354 4698 1385 4753 et
1418 4691 1549 4773 expositi
1568 4683 1681 4755 'simus
1715 4692 1874 4773 periculis,
1907 4712 2005 4774 quam
2112 4723 2113 4766 t

1256 4792 1463 4853 metuendum
1503 4791 1657 4871 judicium
1697 4790 1788 4854 nobis
1827 4791 2002 4870 immineat,

1256 4907 1351 4968 quam
1368 4887 1592 4950 crudelissimis
1607 4888 1742 4952 inimicis
1759 4889 1927 4967 vallamur,
1946 4892 2006 4953 sic-

1256 5004 1318 5066 que
1333 5005 1406 5047 cum
1422 4993 1519 5063 metu,
1538 4994 1674 5050 tremore
1689 4996 1720 5049 et
1736 4987 1847 5051 timore
1862 4996 2004 5050 nostram
2017 5000 2108 5053 ruutrrt

1256 5102 1424 5164 operemur
1445 5084 1591 5162 salutem,
1615 5086 1774 5148 residuum
1795 5086 1867 5148 vitae
1889 5095 2005 5149 nostre
2018 5066 2046 5107 ¹²¹

1257 5181 1424 5263 spatiolum
1441 5182 1601 5246 fructuose
1615 5182 1733 5264 jugiter
1746 5185 1972 5265 expendentes.

1299 5284 1342 5342 Te
1365 5291 1478 5341 nostra
1498 5303 1561 5342 eoa
1579 5286 1729 5359 primum
1749 5292 1838 5343 sonet
1856 5302 1868 5342 :
1890 5282 1921 5344 id
1943 5291 2003 5364 est,
