4309 6259
471 502 511 549 ον
532 503 733 550 alemanam
752 504 963 551 nuceammrn
984 505 1141 553 suasorem
1161 506 1228 555 sax.
1251 524 1291 537 --
1312 507 1410 555 sunno
1422 508 1462 555 ur
1683 492 1742 559 469

191 668 397 751 quietudines
420 670 618 752 passionum,
639 672 831 735 tentationes
855 672 942 735 circa
955 673 981 734 Α
996 674 1042 736 les
1061 693 1099 737 ac
1122 675 1247 738 divinas
1270 678 1428 760 perductae
1445 686 1529 757 sunt,
1552 697 1616 743 non
1641 680 1743 743 solum

191 766 353 831 mirabilia
378 767 467 846 fidei,
493 769 703 832 obscuritates
728 788 883 852 errorum,
910 778 943 833 et
996 772 1157 836 interdum
1176 782 1229 837 aut
1254 793 1324 837 raro
1349 782 1404 837 aut
1428 777 1595 841 duratione
1620 797 1745 860 permo

190 866 300 928 omnia
314 874 408 929 erunt
422 886 544 945 serena,
556 867 739 948 tranquilla,
750 868 893 949 jucunda
907 870 941 930 in
996 870 1079 950 dica,
1096 872 1151 933 sed
1166 880 1197 934 et
1213 872 1304 935 valde
1319 872 1549 955 frequentaret
1564 895 1621 957 per
1643 877 1745 959 spatia

42 985 175 1040 spamae.
190 971 239 1027 tet
263 964 314 1027 Sic
343 963 442 1047 igitur
464 965 647 1047 ingrediens
671 965 813 1027 Christus
838 966 872 1028 in
896 974 938 1043 te,
995 966 1101 1048 longa,
1117 974 1150 1029 et
1163 969 1307 1049 quedam
1323 970 1441 1052 septies
1462 980 1517 1033 aut
1536 971 1664 1035 circiter
1678 990 1745 1035 om-

191 1062 333 1126 coenabit
347 1069 452 1125 tecum
466 1064 562 1125 etiam
577 1071 651 1126 ante
665 1064 846 1147 prandium,
860 1072 892 1127 et
906 1085 940 1128 se
994 1063 1029 1126 ni
1043 1065 1107 1145 die,
1120 1065 1154 1127 in
1169 1066 1256 1129 omni
1271 1085 1398 1149 quoque
1413 1087 1503 1131 sacra
1517 1070 1744 1135 communione

191 1160 300 1241 ipsum
314 1169 471 1243 proponet
485 1161 543 1224 tibi
562 1162 597 1223 in
616 1161 786 1242 ferculum,
802 1163 914 1226 dicens
930 1188 937 1225 :
994 1170 1025 1225 et
1040 1163 1265 1245 celebratione,
1282 1166 1457 1246 praesertim
1473 1166 1532 1229 sub
1553 1167 1741 1231 elevatione.

48 1277 141 1329 cauta,
154 1282 175 1322 t.
190 1258 341 1339 comode,
352 1260 466 1339 amice,
478 1267 509 1323 et
523 1260 648 1341 bibe,et
662 1261 832 1339 inebriare,
843 1262 941 1325 caris·
994 1261 1081 1337 Quod
1097 1261 1124 1323 si
1145 1262 1216 1343 quis
1238 1262 1299 1325 ista
1317 1282 1381 1326 non
1401 1265 1519 1342 credat,
1541 1265 1574 1327 in
1595 1275 1744 1349 promptu

47 1378 174 1428 racana.
191 1356 290 1436 sime,
306 1359 437 1422 comede
451 1377 566 1439 panem
582 1360 667 1421 hunc
682 1359 757 1421 vitat
770 1368 802 1422 et
817 1358 942 1423 iutelle-
994 1366 1042 1421 est
1061 1359 1157 1422 otiam
1177 1359 1227 1423 his
1246 1360 1359 1423 diebus
1381 1362 1442 1424 hoc
1462 1362 1679 1427 demonstrare
1703 1365 1743 1427 ad

39 1476 175 1527 munna.
190 1462 283 1531 ctus;
308 1456 440 1537 degusta
465 1464 497 1518 et
524 1457 597 1519 vide
621 1476 716 1539 quam
740 1456 844 1519 dulcis
869 1477 940 1519 sum
993 1457 1133 1521 oculum.
1149 1458 1259 1521 lacent
1274 1467 1305 1521 et
1320 1458 1440 1540 degunt
1454 1460 1531 1523 hinc
1555 1461 1629 1524 indo
1648 1463 1743 1526 devo

188 1572 263 1635 ego.
288 1553 401 1616 Nullus
429 1554 646 1636 corruptibilis
674 1554 765 1617 cibus
787 1554 831 1616 ila
856 1555 941 1618 dele·
993 1556 1125 1619 tissime
1144 1556 1258 1638 puelle
1272 1577 1309 1620 ac
1324 1557 1453 1621 femina
1469 1559 1502 1621 in
1518 1560 1634 1623 saeculo
1655 1568 1687 1623 et
1708 1560 1741 1623 in

188 1658 267 1729 ctat,
292 1650 461 1729 confortat,
488 1650 680 1732 impinguat,
707 1652 849 1714 extendit
873 1672 940 1715 car·
993 1653 1150 1731 claustris,
1167 1662 1198 1717 et
1214 1654 1345 1717 forsitan
1361 1655 1460 1737 aliqui
1481 1657 1555 1736 viri,
1572 1657 1605 1719 in
1625 1659 1740 1739 quibus

186 1767 266 1811 nem
294 1748 473 1826 mortalem,
498 1750 770 1830 quemadmodum
797 1758 939 1813 coutem—
993 1751 1054 1813 ista
1074 1760 1106 1813 et
1130 1750 1248 1813 similia
1271 1760 1408 1835 aguntur
1430 1762 1462 1817 et
1486 1755 1738 1836 conspiciuntur,

185 1846 300 1929 platio,
316 1846 497 1928 degustatio
515 1856 547 1909 et
570 1847 696 1910 interna
720 1846 782 1909 ista
805 1846 938 1911 refectio
955 1847 1109 1929 Bquibus
1123 1848 1206 1911 Deus
1220 1850 1422 1931 omnipotens
1436 1859 1468 1913 et
1482 1860 1618 1915 eternus
1638 1852 1742 1916 incer·
1755 1884 1797 1927 p„
1809 1897 1828 1935 ι,
1838 1886 1859 1925 ⁸,

185 1944 353 2027 sapientiae
377 1965 447 2028 quae
470 1953 518 2009 est
541 1946 696 2025 Christus,
713 1946 937 2011 fidelissimam
992 1952 1024 2007 ta
1048 1952 1080 2008 et
1103 1946 1228 2009 occulta
1253 1948 1416 2029 sapientie
1441 1968 1505 2012 suae
1532 1950 1738 2013 demonstrat.

185 2042 332 2106 animam
354 2043 580 2108 immortalem.
991 2046 1064 2120 Quae
1080 2064 1237 2127 personae,
1248 2064 1306 2127 per
1319 2046 1503 2127 hujusmodi
1520 2056 1742 2130 supernatura-

226 2140 324 2204 Porro
343 2160 381 2203 ex
399 2140 459 2205 ista
479 2148 544 2204 tam
564 2141 671 2205 lucida
693 2141 864 2204 intuitione
884 2141 938 2203 Sa·
992 2143 1035 2205 lia
1049 2143 1222 2225 gratiarum
1238 2142 1438 2223 charismate,
1455 2154 1529 2209 sunt
1548 2145 1657 2227 utique
1677 2147 1743 2209 evi-

184 2238 318 2321 pientiae
332 2237 501 2318 aeternalis,
509 2240 655 2322 protinus
669 2241 875 2302 vehementer
890 2258 938 2301 ac·
991 2243 1070 2305 dens
1085 2242 1212 2323 signum
1227 2250 1320 2323 atque
1337 2241 1504 2305 sufficiens
1519 2253 1741 2326 argumentum

184 2337 343 2400 cendetur
369 2356 477 2400 amore
501 2336 604 2419 ipsius
628 2346 701 2401 tuus
721 2336 879 2416 affectus;
905 2346 937 2399 et
991 2339 1134 2403 veritatis
1150 2338 1227 2401 fidei
1244 2339 1436 2418 christiane,
1444 2341 1491 2403 eis
1506 2341 1671 2424 potissime
1686 2344 1741 2424 qui

183 2442 263 2497 tunc
289 2454 364 2499 rere
392 2435 510 2498 deifice
534 2453 571 2497 ac
596 2434 880 2518 supernaturaliter
903 2435 938 2496 in
992 2437 1282 2520 experimentafitcr
1295 2446 1350 2501 aut
1364 2438 1457 2501 aliter
1477 2447 1594 2502 norunt
1606 2440 1743 2521 qualiter

183 2533 347 2596 Christum
363 2532 548 2611 mutaberis,
556 2535 732 2596 secundum
747 2534 832 2615 quod
848 2551 939 2597 amor
991 2536 1059 2599 baec
1077 2534 1275 2617 contingant.
1297 2535 1417 2618 Nempe
1440 2554 1498 2619 per
1519 2546 1742 2618 supernatura-

182 2630 377 2713 (praesertim
397 2631 647 2713 supernaturalis
662 2631 802 2712 infusus)
817 2632 937 2713 praedo
991 2629 1038 2691 les
1053 2630 1237 2711 hujusmodi
1255 2632 1433 2713 unctiones,
1456 2632 1738 2713 inflammationes

183 2729 325 2808 minans,
341 2728 547 2793 transformat
559 2736 719 2793 amantem
734 2729 768 2791 in
782 2738 934 2793 amatum.
991 2728 1141 2808 mysticas
1166 2728 1318 2807 visiones,
1340 2728 1645 2809 transformationes,
1669 2732 1741 2795 illu-

181 2827 352 2907 0uumque
366 2836 506 2890 amatum
520 2828 582 2891 hoo
597 2827 785 2907 increatum,
802 2828 843 2890 sit
862 2847 936 2891 vere
992 2827 1172 2906 strationes,
1198 2828 1434 2910 degustationes
1455 2836 1487 2891 et
1508 2838 1627 2912 raptus,
1650 2850 1740 2893 mens

182 2924 393 2989 amabilitatis
407 2926 536 3008 penitus
551 2926 699 3004 infinitae,
714 2946 751 2989 ac
767 2926 861 2989 simul
878 2926 937 2989 im·
990 2924 1130 2987 bumana
1159 2927 1319 3007 praecipue
1349 2926 1514 2991 roboratur
1542 2927 1574 2990 in
1599 2928 1676 3007 fide,
1703 2928 1738 2991 iu

184 3043 307 3087 mensae
331 3022 488 3087 efficaciae
512 3024 552 3086 ad
575 3023 765 3088 trahendum
791 3044 829 3087 ac
853 3024 937 3106 rapi-
953 3020 975 3084 C
991 3023 1148 3087 catholica
1161 3025 1306 3104 veritate,
1324 3024 1356 3087 in
1372 3025 1590 3089 ecclesiastica
1603 3026 1737 3106 unitata,

182 3122 307 3185 endum
326 3120 361 3183 in
386 3140 431 3201 se,
447 3121 487 3183 ad
509 3122 709 3185 alterandum
734 3122 938 3185 inflammari·
991 3119 1163 3201 inquibus
1188 3141 1247 3204 per
1263 3122 1331 3186 haec
1354 3122 1563 3188 immobiliter
1581 3125 1741 3189 stabilitur

182 3222 328 3302 dumque
348 3219 473 3301 apicem
494 3220 665 3300 affective,
681 3220 779 3283 trahit
792 3220 935 3283 vicissim
990 3226 1022 3279 et
1042 3219 1316 3300 superclarissime
1339 3220 1547 3284 certificatur.

182 3326 328 3382 mentem
349 3318 486 3380 amantis
505 3326 569 3380 tem
593 3318 710 3399 valido,
727 3326 791 3381 tam
817 3320 936 3399 praedo
1029 3316 1170 3399 Denique
1186 3336 1243 3400 per
1257 3318 1328 3398 ista,
1346 3317 1446 3381 sancti
1462 3318 1611 3383 Doctores
1631 3320 1740 3383 Eccle-

182 3416 348 3480 minauter
360 3424 394 3479 et
405 3416 542 3497 gratiose
557 3416 591 3477 in
606 3435 650 3493 se,
675 3416 709 3478 in
727 3416 855 3480 divitias
869 3417 937 3498 glo
990 3414 1056 3491 sie,
1073 3415 1250 3477 beatissimi
1272 3424 1377 3497 patres
1397 3416 1617 3499 Hieronymus,
1634 3418 1739 3499 Augu-

183 3517 241 3579 riae
271 3534 347 3595 suae,
375 3514 411 3576 in
437 3532 593 3579 oceanum
621 3514 810 3577 deliciarum
837 3515 936 3578 beati·
990 3512 1104 3591 atinus,
1120 3512 1300 3595 Gregorius,
1317 3514 1514 3593 Ambrosius,
1528 3524 1559 3577 et
1574 3516 1629 3579 alii
1645 3516 1739 3579 innu-

181 3614 308 3676 tudinis
335 3632 412 3691 sue,
441 3614 526 3695 quod
554 3631 634 3695 apex
660 3613 777 3676 mentis
805 3632 935 3695 prorsus
988 3610 1158 3673 morabiles
1173 3612 1274 3674 sancti
1289 3611 1597 3675 etilluminatissimi
1613 3614 1687 3693 viri,
1703 3614 1737 3677 in

182 3712 375 3776 absorbetur
388 3720 482 3793 atque
496 3711 692 3793 demergitur
706 3712 739 3773 in
755 3711 857 3793 ipsam
869 3712 936 3775 llei-
989 3705 1067 3769 fidei
1082 3709 1214 3771 veritate
1229 3716 1293 3771 tam
1308 3709 1386 3773 certi
1409 3717 1441 3772 et
1461 3709 1642 3773 immobiles
1664 3720 1738 3774 sunt

182 3811 260 3874 tatis
289 3811 438 3893 abyssum
465 3834 472 3871 :
499 3828 564 3891 praa
592 3810 685 3891 cujus
714 3810 933 3888 admiratione,
988 3804 1099 3868 effecti
1113 3830 1120 3867 :
1135 3806 1189 3887 qui
1205 3806 1301 3870 etiam
1317 3807 1416 3869 sancti
1433 3808 1582 3871 Doctores
1597 3808 1631 3871 in
1646 3809 1737 3872 libris

182 3910 368 3986 intuitione,
391 3908 574 3989 dilectione,
595 3909 829 3990 degustatione,
849 3926 935 3972 com·
989 3903 1066 3982 suis,
1085 3905 1124 3967 ad
1143 3905 1269 3967 laudem
1289 3913 1320 3968 et
1339 3904 1472 3988 gloriam
1491 3906 1657 3985 Creatoris,
1675 3908 1736 3971 sibi

183 4007 355 4091 placentia,
385 4005 498 4069 deficit
524 4024 655 4088 prorsus
683 4025 702 4069 a
732 4026 778 4087 se,
806 4014 934 4089 tamque
989 4004 1056 4066 baec
1072 4004 1244 4087 contigisse
1259 4012 1291 4067 et
1305 4023 1456 4067 concessa
1471 4023 1551 4081 esse,
1565 4024 1661 4087 seque
1677 4007 1737 4069 ista

184 4108 497 4171 vehementermens
516 4112 581 4167 tota
599 4104 712 4167 Deitati
733 4106 855 4169 intenta
874 4114 933 4185 est,
989 4108 1021 4164 et
1040 4102 1091 4164 his
1113 4102 1235 4183 maiora
1257 4109 1402 4183 expertos
1424 4122 1506 4181 esse,
1523 4103 1627 4165 testati
1650 4112 1734 4167 sunt.

183 4206 272 4288 quod
297 4222 409 4268 omnes
432 4202 518 4265 vires
542 4203 702 4267 sensitivae
726 4204 893 4269 inferiores
916 4201 1055 4269 aDlmo
1075 4198 1232 4283 gloriosus
1258 4200 1311 4263 ille
1332 4201 1541 4283 Hieronymus
1563 4200 1596 4263 in
1618 4204 1738 4285 Regula

184 4305 253 4368 suis
268 4303 394 4367 actibus
407 4302 655 4383 suspenduntur,
668 4302 833 4365 harmonia
848 4304 935 4367 velut
990 4319 1048 4361 sua
1063 4299 1167 4362 fassus
1188 4307 1236 4362 est
1257 4318 1291 4361 se
1305 4299 1490 4380 frequenter
1504 4301 1537 4362 in
1551 4301 1736 4382 hujusmodi

185 4401 408 4485 congelatione
435 4401 572 4481 quadam
601 4401 840 4482 constringitur,
866 4421 935 4465 cor·
991 4398 1134 4480 raptibus
1159 4398 1316 4462 exstitisse
1340 4397 1534 4478 absorptum,
1551 4399 1735 4480 alienatum,

186 4521 248 4584 pus
276 4500 412 4581 sopitur,
441 4499 584 4562 membra
611 4499 786 4580 rigescunt,
814 4499 934 4564 motiva
991 4498 1129 4580 sopitum
1147 4516 1202 4578 per
1217 4497 1430 4559 hebdomadas
1445 4496 1584 4578 integras
1605 4498 1674 4560 sine
1689 4499 1737 4561 in-

186 4601 237 4663 vis
263 4597 389 4678 deficit,
412 4596 559 4678 jacetque
587 4614 661 4659 caro
688 4595 776 4659 velut
804 4603 933 4660 truncus
990 4596 1198 4678 terruptione.
1225 4594 1353 4657 'felibus
1377 4594 1642 4678 splendidissimis
1664 4597 1737 4661 stel-

185 4695 375 4776 immobilis,
390 4713 449 4758 nec
472 4695 553 4757 vivit
571 4695 667 4758 bomo
686 4703 762 4757 tunc
781 4695 847 4758 vita
868 4696 936 4758 ani·
990 4696 1030 4759 lis
1050 4695 1167 4758 coelum
1192 4692 1359 4755 militantis
1383 4692 1532 4756 Ecclesiae
1556 4693 1739 4757 innumera·

185 4797 264 4860 mali
283 4796 435 4871 humana,
452 4792 508 4855 sed
529 4791 737 4855 intellectuali
760 4812 797 4856 ac
818 4793 935 4857 deifor-
991 4794 1109 4858 bilibus
1124 4792 1186 4855 fuit
1200 4799 1367 4869 ornatum,
1386 4791 1462 4853 tales
1484 4790 1637 4855 habemus
1658 4792 1737 4855 fidei

186 4896 232 4958 mi
254 4894 428 4957 dumtaxat.
991 4900 1107 4955 nostre
1122 4898 1228 4953 testes.
1245 4889 1284 4953 Et
1296 4908 1382 4951 nunc
1402 4907 1460 4952 nos
1481 4890 1536 4971 qui
1558 4891 1735 4969 credamus

228 4991 273 5054 De
287 4991 339 5053 bis
357 4989 458 5051 multa
476 4987 625 5070 leguntur
644 4989 678 5050 in
697 4988 788 5052 libris
807 4991 847 5054 de
867 4990 937 5072 qui·
991 4991 1044 5053 vix
1064 4998 1109 5053 tot
1129 5008 1238 5051 sumus
1257 4995 1334 5069 quot
1357 4994 1422 5050 tam
1445 4987 1575 5051 idoneos
1598 4996 1630 5051 et
1650 4989 1738 5052 omni

188 5091 324 5153 busdam
338 5086 456 5150 sanctis
471 5086 628 5169 personis,
645 5088 709 5151 imo
724 5096 755 5150 et
773 5088 937 5151 nonnullis
991 5088 1058 5151 fide
1072 5087 1277 5169 dignissimos
1292 5094 1388 5151 testes
1408 5087 1562 5149 habemus
1579 5110 1586 5148 :
1603 5105 1737 5167 quorum

189 5186 415 5252 innocentibus
442 5185 618 5267 praeelectis
645 5186 772 5267 puellis,
799 5206 870 5268 quae
897 5188 936 5249 ad
992 5188 1102 5268 utique
1132 5185 1342 5263 conversatio,
1372 5183 1466 5265 fides,
1497 5184 1651 5261 doctrina,
1682 5204 1739 5267 per

191 5284 414 5370 hujuscemodi
429 5282 642 5366 perfectiones
661 5302 791 5368 prorsus
809 5284 939 5349 mirabi·
993 5283 1239 5349 innumerabilia
1259 5284 1410 5367 preclara
1425 5303 1462 5347 ac
1477 5283 1536 5347 soli
1555 5284 1618 5347 Deo
1637 5282 1739 5365 possi-
