4309 6259
412 506 452 554 ns
473 506 632 555 anamma
651 507 689 554 ar
709 506 876 556 arcanam
897 508 1013 566 unum,
1035 508 1125 555 amna
1145 508 1189 556 m.
1213 526 1253 539 -
1273 508 1343 555 aar.
1366 508 1441 555 xxiv
1640 489 1697 553 tot

153 674 237 739 enirn
250 675 404 757 quoniam
418 675 522 740 Goena
541 676 655 741 Christi
678 696 743 742 non
764 677 898 742 interfu-
912 678 937 739 Α
952 678 1007 741 stit
1019 677 1105 740 diem
1121 678 1237 743 decoro
1251 675 1383 757 lumina,
1400 686 1589 757 noctemque
1610 692 1701 757 sope

153 774 224 837 eris.
240 774 412 855 Recordor,
433 794 454 839 n
473 775 619 856 Domina,
635 795 750 839 amara
771 796 897 859 separa·
952 774 997 838 ris
1010 775 1123 857 gratia.
1140 776 1281 858 Denique
1301 775 1369 857 ipse
1387 776 1443 857 qui
1468 776 1515 838 sic
1538 773 1698 853 irridetur,

152 871 246 935 tionis
259 872 348 935 illius
368 892 431 955 qua
445 892 464 936 a
477 874 595 937 dilecto
616 882 648 937 et
667 874 766 938 Unico
787 882 842 939 tuo
862 874 896 936 in
952 873 1055 936 virtus
1075 881 1125 937 est
1145 882 1177 937 et
1198 872 1361 955 Sapientia
1381 874 1491 937 Patris.
1714 891 1845 945 teor-...aa

151 970 201 1034 die
224 970 327 1034 Coena
347 970 468 1036 ultima
489 981 634 1055 separata
653 992 699 1036 es.
715 973 896 1036 Certissima
990 972 1135 1054 Insuper,
1148 990 1247 1053 quum
1262 969 1364 1053 spinis
1379 980 1565 1035 coronatum
1581 989 1700 1053 purpu-

150 1068 308 1149 equidem,
328 1086 348 1130 o
368 1068 513 1148 Domina,
529 1087 666 1133 noveras
690 1089 754 1134 non
779 1078 810 1133 te
830 1090 896 1133 am·
952 1086 1049 1149 raque
1060 1066 1344 1148 vestitum‚tudais
1354 1066 1537 1149 praesentari
1549 1065 1699 1144 intendis,

150 1164 232 1245 plius
246 1165 338 1228 illum
352 1166 494 1229 visuram
512 1166 575 1230 nisi
595 1168 628 1229 in
649 1188 763 1231 manus
784 1188 896 1251 pecca·
951 1184 1042 1229 sacro
1055 1166 1127 1246 ejus
1141 1165 1233 1228 vultu
1247 1171 1341 1247 sputo
1356 1184 1392 1228 co
1408 1164 1508 1228 sancti
1532 1162 1698 1247 sanguinis

149 1270 251 1327 torum
285 1263 465 1327 traductum
495 1288 503 1328 ε
533 1266 668 1348 ideoque
701 1265 895 1329 calidissimo
951 1262 1028 1326 rivis
1062 1261 1252 1341 deformato,
1283 1279 1389 1325 nonne
1417 1269 1448 1325 te
1476 1260 1587 1343 utiquc
1621 1267 1698 1323 tunc

149 1362 378 1443 compassionis
403 1360 524 1425 affecta
547 1363 587 1425 ah
610 1363 682 1446 ipso
705 1382 779 1427 curn
802 1364 896 1427 flam·
950 1359 1134 1443 rhomphaea
1153 1360 1272 1424 doloris
1291 1367 1457 1442 penetrare
1481 1378 1554 1423 orsa
1575 1366 1635 1437 est,
1651 1358 1699 1422 di·

148 1459 276 1541 migaris
297 1458 639 1543 affectuosissimisque
658 1461 765 1525 verbis
790 1482 895 1545 segre-
950 1465 1042 1522 cente
1065 1457 1177 1536 Pilato,
1193 1458 1275 1521 Ecce
1299 1456 1417 1521 homot
1432 1458 1471 1520 nt
1494 1474 1581 1535 vero,
1598 1475 1697 1539 quum
1724 1479 1808 1525 amn.

148 1567 218 1640 gata
237 1578 285 1621 es.
949 1554 1119 1637 dijudicari
1134 1554 1261 1632 audisti,
1278 1554 1438 1636 verbaque
1457 1554 1513 1618 illa
1531 1554 1698 1636 sacrilego·
1711 1554 1757 1596 ¹¹¹⁹
1769 1545 1789 1589 ⁵·

185 1656 291 1735 Porro,
311 1676 375 1739 qua
399 1656 613 1721 sollicitudine
638 1666 733 1741 atque
750 1657 895 1722 formidi-
950 1674 1031 1732 rum,
1058 1652 1158 1733 Tolle,
1178 1653 1266 1731 tolla,
1287 1652 1443 1736 crucifige
1466 1672 1552 1732 eum,
1576 1652 1816 1735 procla-usare.

147 1775 196 1835 ne,
218 1754 336 1837 quibus
355 1755 475 1838 vigiliis
489 1764 522 1820 et
535 1757 755 1840 compassione
776 1765 894 1838 quanta
949 1752 1126 1829 mentium3
1146 1771 1329 1835 rursusque,
1346 1752 1414 1815 Non
1435 1751 1533 1832 huno,
1550 1752 1605 1815 sed
1625 1751 1698 1813 Bar·
1718 1775 1840 1833 naun,

147 1860 271 1917 noctem
286 1853 375 1917 illam
391 1854 594 1937 transegeris,
611 1855 645 1917 in
659 1873 723 1935 qua
744 1855 894 1918 amantis-
912 1850 1063 1917 Babbam
1088 1850 1224 1928 dimitte,
1240 1850 1427 1928 dicentium,
1444 1858 1538 1932 atque
1561 1850 1601 1912 de
1623 1868 1699 1913 con·
1711 1842 1745 1883 ⁴⁰·

147 1950 260 2013 simum
286 1959 377 2015 tuam
400 1952 601 2032 tradendum,
627 1953 831 2034 capiendum,
856 1953 894 2015 li·
948 1948 1162 2011 damnationis
1201 1948 1359 2011 sententia
1397 1947 1608 2010 amantissimi
1651 1946 1698 2009 tui

147 2051 297 2131 mudum,
313 2049 524 2129 irridendum,
540 2052 792 2133 conspuendum,
810 2052 895 2116 cola·
949 2045 1135 2125 laetantium,
1166 2046 1335 2129 percepisti
1362 2069 1368 2107 :
1394 2044 1517 2109 astimo
1545 2044 1697 2127 quoniam

147 2148 338 2229 pbizandum
366 2146 717 2231 blasphemandumque
745 2168 892 2231 noveras,
948 2163 1014 2208 non
1028 2153 1093 2207 tam
1107 2162 1213 2207 arnare
1234 2144 1358 2207 scindat
1379 2142 1553 2209 materialis
1574 2143 1698 2224 gladius

147 2246 301 2310 devotiori
334 2245 561 2328 secretiorique
592 2247 724 2310 amatori
753 2257 895 2311 contem·
949 2242 1158 2305 substantiam
1173 2241 1290 2323 carnis,
1306 2262 1402 2325 quam
1417 2241 1587 2326 poenaliter
1600 2241 1698 2306 verba

148 2344 300 2425 plandum
334 2342 490 2425 relinquo.
520 2344 586 2408 Hoc
614 2345 744 2408 interim
771 2354 894 2409 certum
949 2340 1005 2403 illa
1022 2348 1173 2403 matema
1196 2348 1258 2404 tuae
1282 2348 1453 2404 secuerunt
1476 2340 1589 2402 intima
1610 2358 1698 2401 men-

149 2440 300 2524 suscipio,
316 2442 468 2523 quoniam
483 2442 510 2505 si
525 2462 599 2505 cum
614 2442 671 2507 illo
684 2442 813 2522 fuisses,
829 2462 894 2507 non
950 2440 989 2500 tis
1022 2461 1029 2500 :
1060 2438 1212 2519 quoniam
1241 2458 1350 2503 revera
1375 2446 1569 2502 exacuerunt
1595 2437 1698 2500 duris·
1711 2462 1844 2513 ranas.

149 2539 254 2621 utique
279 2538 322 2603 ab
346 2539 413 2618 illo,
430 2540 541 2605 mortis
564 2549 662 2620 metu,
678 2541 724 2604 uti
738 2540 892 2623 Apostoli,
949 2537 1022 2599 simi
1045 2537 1091 2600 illi
1107 2545 1142 2599 ut
1155 2536 1297 2619 gladium
1317 2536 1442 2620 linguas
1457 2556 1541 2600 suas.
1558 2536 1699 2599 Deduxe·
1711 2560 1845 2613 impr,

149 2637 345 2721 diffugisses.
950 2644 1025 2698 runt
1036 2635 1122 2699 oculi
1138 2635 1197 2713 tui,
1213 2654 1232 2699 o
1247 2635 1353 2715 ldaria,
1371 2636 1519 2699 lacrimas
1540 2652 1598 2717 per
1611 2634 1697 2697 diem

185 2736 350 2816 Praeterea,
366 2744 504 2818 quantus
529 2744 571 2816 te,
587 2756 608 2799 o
631 2756 840 2820 superserena
863 2745 896 2801 et
949 2742 981 2797 at
993 2742 1133 2811 noctem,
1145 2742 1177 2797 et
1190 2752 1255 2798 non
1268 2741 1447 2797 tacuerunt.
1460 2732 1583 2795 Audisti
1597 2732 1696 2811 enim,

147 2852 224 2916 puro
250 2834 388 2917 pulchra
414 2833 521 2915 hiaria,
547 2834 638 2899 dolor
664 2835 791 2914 invasit,
817 2836 894 2898 dum
949 2831 1087 2910 obeata,
1104 2831 1221 2914 impios
1235 2840 1311 2894 tunc
1326 2831 1410 2894 inter
1431 2850 1465 2893 se
1487 2830 1591 2893 dicere
1612 2830 1697 2911 quod

147 2932 298 3013 primum,
315 2925 430 2996 sivein
444 2939 538 2995 nocte
553 2931 669 2995 sivein
684 2933 896 2997 dieParasce-
949 2930 1015 3010 jam
1036 2929 1115 2993 olim
1138 2929 1289 2992 ieremias
1314 2930 1353 2992 de
1378 2928 1451 2992 Filii
1477 2929 1522 2992 tui
1548 2929 1698 3011 passione

148 3049 211 3110 vas,
240 3030 360 3093 liilium
388 3038 479 3092 tuum
507 3039 636 3114 captum
664 3032 831 3095 audierast
859 3032 894 3093 ln
913 3026 1127 3096 cvaticinans
1146 3026 1307 3089 enarravit
1323 3049 1331 3088 ε
1349 3026 1460 3089 Venite
1474 3026 1639 3108 (inquiens
1664 3024 1697 3087 in
1712 3042 1844 3098 mnata.

147 3136 260 3191 terram
274 3128 433 3206 fortassis,
450 3147 514 3211 pre
529 3130 760 3212 compassionis
773 3130 896 3193 acerbi·
950 3124 1079 3188 illcmm
1105 3126 1254 3208 persona)
1275 3132 1308 3187 et
1331 3124 1494 3187 mittamus
1518 3124 1639 3207 lignum
1664 3124 1698 3187 in

147 3233 219 3305 tate,
235 3226 387 3311 prolapsa
407 3234 483 3289 tunc
498 3245 544 3289 es.
949 3242 1065 3307 panem
1084 3223 1167 3306 ejus,
1183 3230 1215 3286 et
1238 3230 1441 3287 conteramus
1459 3242 1533 3286 eum
1552 3223 1592 3287 dc
1615 3231 1699 3286 terra

184 3324 340 3406 lienique,
366 3343 467 3405 quum
492 3323 583 3387 illum
612 3325 761 3390 manibus
784 3326 895 3406 (etiam
949 3321 1137 3385 viventium.

147 3419 252 3485 forsan
266 3430 341 3505 post
354 3429 491 3504 tergum,
500 3430 537 3484 nt
550 3420 664 3503 fertm)
675 3422 792 3505 ligatis,
801 3432 895 3507 sputo
988 3420 1141 3502 Denique,
1153 3435 1218 3500 quo
1232 3417 1341 3481 dolore
1355 3417 1571 3500 egredientem
1587 3425 1619 3481 et
1632 3426 1697 3480 tam

148 3519 369 3597 defarinatum,
400 3518 545 3601 colaphis
579 3538 706 3602 quoque
740 3521 893 3601 attritum,
949 3515 1269 3581 contumeliosissime
1296 3535 1334 3578 ac
1362 3514 1698 3597 contemptibilissima

148 3616 272 3697 prasidi
286 3616 587 3700 opprobriosissime
602 3616 714 3680 offerri
728 3618 894 3699 cernebas,
948 3614 1110 3698 propriam
1131 3613 1194 3677 sibi
1213 3631 1342 3676 amcam
1367 3612 1563 3693 bajulantem
1588 3620 1697 3675 secuta

148 3732 184 3777 ac
209 3714 383 3778 falsissime
412 3714 557 3777 accusari
586 3715 714 3794 audisti,
740 3734 836 3797 quam
864 3724 895 3780 te
949 3712 1044 3775 ele
1069 3731 1143 3775 vcra
1166 3728 1335 3794 poenosum
1359 3709 1588 3791 spectaculum,
1604 3708 1697 3773 inno-

147 3820 221 3875 mnc
253 3812 512 3894 inexcogitabilis
539 3830 670 3894 prorsus
696 3812 846 3892 afflictio,
875 3832 896 3877 n
949 3816 1074 3873 centem
1086 3817 1118 3871 et
1130 3814 1276 3870 sanctum
1289 3804 1558 3887 mitissimumque
1569 3805 1695 3887 Agnum

52 3932 124 3980 aad.
148 3910 252 3992 llaria,
277 3910 462 3975 absorbuitt
485 3910 613 3975 initium
637 3912 724 3975 enim
749 3912 894 3977 dolomm
948 3908 996 3971 sic
1023 3904 1289 3970 inhumanissime
1326 3902 1453 3966 tractari
1486 3903 1693 3985 conspiceret

50 4003 102 4051 Μ’
116 4003 135 4044 ‘-
148 4009 213 4073 bec
227 4010 311 4073 visio
325 4008 410 4085 fuit3
426 4017 647 4073 verumtamen
667 4010 811 4074 nondum
833 4018 896 4073 sta-
948 4004 1069 4087 Nempe
1096 4003 1196 4087 spinis
1229 4020 1355 4066 sacrum
1382 4008 1479 4085 caput
1505 4000 1695 4064 transfixum

149 4107 204 4170 tim
224 4107 303 4170 finis
320 4131 327 4169 ε
344 4107 469 4171 acriora
486 4126 624 4189 namque
647 4108 847 4190 incumbunt,
863 4117 896 4172 et
948 4111 1007 4182 est,
1024 4120 1114 4165 msec
1129 4102 1184 4165 illc
1199 4100 1438 4180 rubicundoque
1458 4098 1612 4181 sanguine
1626 4100 1696 4163 vul-

149 4204 365 4287 pcenalissima
379 4212 510 4269 restant.
526 4204 657 4289 Nempe,
673 4207 751 4269 dum
768 4206 934 4277 carissi-1)
948 4210 999 4265 tus
1017 4199 1195 4279 immaduit,
1211 4197 1301 4283 gravi
1325 4198 1413 4280 ligno
1437 4197 1544 4261 lassati
1569 4198 1694 4263 humeri

149 4320 234 4366 mum
248 4310 353 4383 tuum,
367 4322 464 4385 mem
478 4304 550 4386 plus
564 4304 674 4386 utique
688 4312 720 4368 at
733 4305 895 4388 incompa-
948 4300 1181 4378 onerabantur,
1198 4306 1229 4361 et
1252 4298 1337 4362 inter
1359 4296 1426 4361 hac
1449 4305 1599 4379 tanquam
1624 4298 1694 4364 ovis
1708 4318 1741 4363 ιι.
1750 4320 1821 4371 aar.

149 4401 289 4465 rabiliter
310 4402 411 4484 magis
433 4420 530 4483 qnam
553 4402 753 4485 temetipsam
778 4403 896 4467 dilexe-
948 4398 989 4462 ad
1003 4396 1199 4461 occisionem
1213 4396 1341 4459 ducitur
1355 4403 1387 4459 et
1400 4394 1602 4460 obmutescit.

148 4519 209 4581 ras,
223 4508 313 4565 vesta
327 4500 400 4563 alba
421 4500 524 4579 indui,
539 4500 648 4582 sicque
669 4500 817 4565 indutum
838 4522 896 4585 per
989 4493 1306 4560 Consuetudinarium
1328 4502 1376 4558 est
1398 4500 1434 4555 ut
1456 4501 1533 4557 tuno
1557 4496 1694 4577 amplius

149 4599 234 4663 vicos
248 4607 344 4682 atque
365 4598 487 4683 plateas
505 4598 607 4662 instar
625 4598 705 4663 fatui
725 4601 812 4681 duci,
828 4620 896 4665 om·
949 4593 1182 4659 beneficiorum
1195 4592 1304 4656 dilecti
1320 4592 1380 4670 sui,
1397 4591 1537 4674 itemque
1551 4593 1695 4674 priorum

149 4697 224 4762 nino
237 4698 363 4777 nudari,
380 4699 536 4762 columna
550 4698 674 4780 alligari
692 4699 896 4786 flagellisque
949 4702 1110 4776 gestorum
1125 4690 1306 4754 dilectionis
1321 4690 1458 4772 antiquae
1473 4709 1511 4754 ac
1530 4689 1697 4756 familiari·

149 4794 409 4861 inhumanissime
431 4817 468 4860 ac
487 4797 642 4861 acerrime
663 4797 795 4862 lacerari
817 4802 896 4865 vidi-
949 4793 1022 4855 lulis
1037 4789 1227 4871 aolitae,quis
1243 4790 1435 4867 Ρθῡθῑᾶθῖῦῐ,
1449 4790 1525 4852 dum
1540 4789 1632 4854 illum
1647 4792 1699 4853 ad·

149 5000 224 5057 tnnc
238 4994 405 5057 mitissima
424 4994 481 5057 illa
500 5003 555 5057 tua
575 4994 718 5076 virginea
739 5005 896 5061 materna-
950 4985 1231 5071 compatiatur.Sic
1244 5002 1414 5068 prorsus,o
1428 4985 1613 5065 Domina,in
1629 4988 1718 5070 ipsa.
1777 5036 1782 5047 .

150 5110 210 5173 que
224 5112 315 5156 mens
329 5093 519 5156 sustinuisse
538 5093 720 5158 arbitranda
741 5099 811 5158 estt
826 5098 896 5180 lpse
950 5086 1126 5172 prasertim
1140 5084 1429 5168 pracordialissimi
1444 5084 1490 5146 tui
1509 5084 1581 5147 lilii
1596 5086 1697 5167 passi-

151 5208 297 5274 namqua,
313 5210 332 5256 o
346 5191 655 5275 pracordialissima,
671 5194 726 5274 qui
740 5201 817 5257 tunc
831 5204 896 5258 tarn
951 5208 1012 5255 one
1025 5184 1200 5250 meministi
1216 5182 1449 5247 beneficiorum
1469 5183 1569 5265 ipsius
1586 5206 1593 5246 ε
1610 5184 1695 5264 quod
1714 5230 1719 5241 .

151 5290 403 5355 erubescibiliter
416 5291 604 5370 nudabatur,
621 5290 676 5354 ille
697 5298 746 5355 est
765 5292 822 5374 qni
844 5312 898 5357 ve-
951 5300 983 5355 te
1006 5288 1160 5353 humilem
1188 5285 1338 5350 ancillam
1367 5284 1401 5346 in
1429 5291 1562 5347 matrem
1587 5283 1698 5365 elegit,

272 5426 305 5477 T.
323 5427 363 5477 35.
1541 5418 1573 5471 36
