4309 6259
433 518 473 565 nn
493 520 650 566 rancoruo
671 521 708 566 nr
728 520 892 567 oruurrxrr.
912 521 1028 577 ιιιιιιιιι,
1051 522 1139 568 ιιιιιιι
1161 523 1205 568 ιιι.
1229 541 1267 551 -
1288 523 1357 570 aar.
1380 522 1457 569 xviri
1656 497 1714 565 att

170 686 277 770 gionis
291 697 380 751 actus
395 711 404 751 ε
421 689 532 771 religio
547 690 640 762 enim,
652 696 792 753 mentem
808 690 846 753 ad
861 690 917 752 llei
932 689 957 754 Α
972 708 1007 754 ιιι
1026 710 1065 753 ex
1088 690 1208 773 proprii
1229 692 1481 755 consideratione
1504 689 1647 753 defectus
1665 688 1721 749 dc-

172 786 361 849 serritutem
375 786 536 869 disponit3
552 796 584 849 et
598 787 694 869 hujus
709 788 838 868 quidem
854 788 919 849 dis·
972 788 1058 851 votio
1077 796 1196 867 manat,
1211 789 1362 870 quoniam
1385 808 1443 870 per
1463 789 1547 851 hanc
1569 805 1603 849 se
1624 784 1721 848 homo

171 883 342 967 positionis
357 885 491 948 interior
503 894 593 949 actus
607 894 655 948 est
669 886 807 949 devotio.
824 886 917 948 Porro
973 886 1036 948 Deo
1051 886 1178 968 plenius
1194 886 1309 949 subdit.
1327 886 1364 950 Et
1379 886 1445 949 hac
1461 906 1519 968 per
1537 904 1571 947 se
1590 882 1720 965 quidem

171 981 301 1046 devotio
316 982 350 1045 in
365 983 631 1066 contemplatione
646 984 808 1064 fundatur,
825 992 918 1065 atque
973 984 1134 1047 tristitiam
1159 985 1264 1063 habet,
1285 986 1362 1048 dum
1387 985 1536 1047 videlicet
1555 1001 1650 1065 super
1671 979 1720 1042 sui

171 1100 211 1143 ex
232 1081 363 1144 caritate
383 1083 528 1145 astuanti
549 1082 776 1164 proficiscitur.
973 1082 1104 1145 miseria
1117 1082 1275 1165 quispiam
1289 1082 1396 1159 dolet3
1414 1080 1600 1145 secundario
1616 1087 1721 1141 autem

212 1178 355 1260 Denique
376 1199 414 1243 ex
435 1180 485 1242 his
508 1181 612 1262 palam
628 1200 710 1260 reor,
726 1199 836 1244 eorum
857 1178 919 1242 uti·
974 1188 1007 1242 et
1021 1180 1163 1242 laetitiam
1179 1179 1284 1259 habet,
1299 1181 1375 1244 dum
1399 1180 1432 1241 in
1453 1198 1509 1261 spe
1530 1177 1647 1241 divinae
1669 1176 1722 1239 be

171 1296 236 1359 que
263 1278 566 1360 contemplationem
601 1297 672 1360 qnae
705 1279 851 1342 divinum
885 1278 919 1339 in
974 1277 1139 1359 nignitatis
1167 1278 1312 1360 respirat.
1343 1278 1404 1341 Sed
1432 1286 1463 1340 et
1491 1276 1594 1358 primo
1626 1275 1722 1338 modo

170 1383 280 1437 mente
298 1374 458 1438 fervorem
480 1374 664 1438 calidiorem
683 1374 834 1437 efficiunt
854 1393 920 1436 am·
974 1384 1048 1438 nata
1062 1375 1201 1453 devotio,
1218 1383 1348 1457 propter
1362 1375 1457 1438 amati
1476 1374 1652 1437 absentiam
1668 1372 1721 1434 tri-

170 1472 321 1555 pliusque
349 1471 561 1553 inflammant,
591 1472 745 1555 majorem
778 1472 920 1535 devotio
974 1474 1093 1537 stitiam
1109 1476 1277 1555 quamdam
1293 1474 1481 1537 secundario
1496 1472 1591 1535 habet
1610 1472 1721 1551 adjun-

170 1590 249 1633 nem
277 1570 439 1633 inducere.
469 1570 668 1633 Manifestum
704 1589 780 1634 vero
806 1578 856 1632 est
883 1589 920 1633 ea
974 1579 1071 1649 ctam,
1091 1572 1358 1651 quemadmodum
1382 1572 1536 1654 scriptum
1558 1578 1606 1633 est
1627 1569 1722 1631 :Ful-
1736 1585 1865 1636 curma.

170 1689 244 1751 quae
271 1668 404 1732 meliora
434 1670 713 1751 praestantioraque
748 1678 833 1747 sunt,
862 1668 921 1730 hu·
975 1671 1037 1733 cite
1060 1688 1111 1732 me
1136 1669 1281 1749 floribus,
1303 1670 1418 1752 stipate
1442 1688 1493 1732 me
1517 1667 1621 1747 malis,
1640 1666 1722 1747 ¹quia

169 1767 351 1848 juscemodi
372 1765 442 1829 fore
463 1790 471 1829 ι
492 1767 610 1848 quippe
633 1785 704 1847 quae
727 1764 921 1828 desiderabi-
975 1786 1082 1831 amore
1097 1767 1253 1849 laugue03
1272 1786 1442 1849 rursusque
1459 1792 1466 1829 :
1484 1768 1624 1829 Fuerunt
1643 1764 1721 1827 mihi
1736 1783 1776 1827 ra.
1791 1796 1833 1832 au,
1847 1785 1869 1826 ι.

170 1864 255 1928 liora
279 1872 311 1927 et
335 1864 412 1927 item
436 1864 622 1928 amabiliora
646 1865 833 1927 consistunt.
861 1862 959 1927 Un-ll
976 1866 1116 1929 lacrimae
1141 1886 1218 1929 mear
1246 1886 1345 1948 panes
1373 1867 1424 1929 die
1453 1885 1490 1929 ao
1515 1873 1620 1941 nocte,
1646 1865 1723 1926 dum

170 1962 213 2025 de
242 1981 374 2025 summu
402 1961 565 2025 Trinitatis
588 1981 626 2025 ac
651 1961 922 2044 superbenedicta
976 1964 1094 2027 dicitur
1114 1964 1193 2026 mihi
1209 1964 1361 2045 quotidie,
1378 1964 1435 2027 Ubi
1457 1971 1506 2026 est
1526 1964 1607 2025 Deus
1629 1963 1724 2024 tuust

171 2060 357 2123 Divinitatis
372 2060 559 2143 speculatio,
575 2060 752 2122 secundum
767 2078 801 2122 se
812 2059 922 2141 utique
976 2062 1139 2141 Praeterea,
1148 2081 1184 2124 ex
1200 2063 1383 2144 passionum
1395 2061 1510 2123 Christi
1522 2060 1726 2123 meditatione

172 2157 313 2219 maxime
329 2175 459 2238 prorsus
479 2156 658 2219 devotionis
680 2157 840 2219 causativa
861 2164 920 2218 est.
977 2158 1190 2243 proficiscens
1213 2159 1341 2223 devotio
1362 2158 1616 2240 compassionem
1642 2175 1728 2220 com-

172 2256 399 2317 l'erumtamen
411 2262 541 2337 propter
554 2263 695 2317 nostram
710 2253 922 2317 defectionem
977 2257 1143 2339 plectitur;
1156 2258 1210 2319 sed
1226 2256 1405 2339 compassio
1420 2256 1486 2319 hee
1499 2254 1639 2319 laetitiam
1655 2273 1729 2317 mox

172 2354 270 2416 aliter
295 2371 378 2434 saepe
405 2353 572 2434 contingit.
593 2351 748 2426 Quoniam
774 2351 860 2413 enim
883 2352 923 2413 ad
978 2354 1250 2437 suscipit,quippe
1264 2373 1335 2437 quae
1349 2354 1466 2417 divinae
1481 2353 1620 2416 caritatis
1634 2362 1728 2432 atque

170 2449 358 2513 divinorum
387 2450 689 2531 contemplationem
722 2448 923 2511 sensibilium
978 2452 1155 2515 clementia
1180 2454 1265 2515 eirca
1285 2470 1343 2515 nos
1366 2452 1635 2514 reminiscentiam
1657 2468 1728 2533 pro-

172 2548 425 2611 manuductione
445 2567 586 2629 egemus,
607 2566 645 2610 ea
665 2547 803 2611 ubertim
824 2548 924 2609 menti
977 2550 1050 2613 fert.
1077 2550 1175 2632 lgitur
1202 2570 1241 2613 ex
1268 2550 1318 2613 his
1346 2550 1393 2631 (ni
1421 2548 1529 2630 fallor)
1557 2549 1729 2612 innotescit

173 2646 334 2729 potiorem
361 2646 564 2709 devotionem
592 2645 760 2725 invehunt,
786 2664 857 2725 quae
884 2647 923 2708 ad
978 2648 1064 2731 quia,
1085 2648 1143 2711 etsi
1165 2648 1267 2710 llariae
1289 2646 1612 2729 contemplationibus
1633 2645 1730 2708 fuerit

173 2743 359 2807 Divinitatis
382 2743 695 2826 contemplationem,
722 2743 924 2806 clementiam
979 2747 1093 2828 ingens
1115 2746 1259 2809 immixta
1277 2746 1417 2826 devotio,
1438 2745 1662 2825 devotionique
1678 2744 1729 2806 ιι-

171 2852 271 2923 atque
291 2860 433 2905 amorem
454 2842 593 2905 vicinius
618 2840 847 2923 efficaciusque
872 2842 926 2905 de·
980 2845 1061 2923 titia,
1089 2843 1191 2907 nihilo
1221 2844 1328 2907 minus
1353 2844 1473 2907 eisdem
1498 2842 1602 2906 adfuit
1630 2841 1729 2904 tristis

172 2942 324 3003 ducunt:
346 2940 430 3003 inter
452 2959 533 3021 quaa,
555 2940 695 3021 insignia
717 2939 925 3003 humanitatis
980 2944 1124 3026 quaedam
1145 2951 1176 3005 et
1195 2943 1272 3005 item
1295 2942 1452 3005 afflictiva
1474 2942 1616 3019 affectin,
1633 2940 1731 3023 potis·

173 3038 293 3103 Christi
318 3038 438 3121 pollere
465 3038 700 3120 primatumque
728 3038 833 3101 sortiri
858 3058 926 3100 cer·
944 3036 1060 3104 Csime
1079 3050 1151 3123 post
1173 3042 1354 3123 passionem
1376 3041 1661 3123 ascensionemque
1681 3038 1730 3101 sui

172 3147 244 3200 tum
269 3146 328 3199 est.
349 3138 485 3217 Ideoque
509 3136 746 3215 incarnationis,
767 3136 925 3217 passionis
980 3139 1102 3217 dilecti,
1117 3140 1235 3221 quippe
1251 3158 1345 3221 qoem
1365 3138 1575 3201 ineffabiliter
1593 3138 1730 3219 diligens

172 3245 207 3299 et
237 3237 460 3300 universorum
488 3234 616 3297 interim
646 3254 716 3317 quaa
743 3254 801 3317 pro
833 3236 925 3299 nobis
979 3247 1073 3319 atque
1098 3238 1292 3314 desiderans,
1321 3238 1516 3300 incessanter
1540 3235 1727 3318 suspirabat.

172 3334 320 3397 Christus
334 3333 487 3397 Dominus
502 3331 736 3414 suscepit‚fecit
749 3340 843 3414 atque
858 3352 926 3394 sus·
980 3335 1116 3417 ldeoque
1141 3336 1209 3417 ipsa
1233 3336 1267 3396 in
1289 3336 1427 3398 Canticis
1448 3336 1486 3397 ad
1508 3353 1661 3417 sponsum
1681 3333 1730 3395 fi-

172 3432 285 3512 tinuit,
301 3429 477 3509 meditatio,
493 3438 632 3492 mentem
648 3429 784 3492 celerius
799 3428 926 3492 inflam-
980 3435 1060 3496 lium
1078 3457 1085 3494 :
1103 3433 1203 3495 Trahe
1217 3434 1288 3512 (ait)
1303 3454 1353 3495 me
1369 3442 1440 3514 post
1455 3441 1496 3495 te.
1745 3452 1812 3497 crat.
1824 3466 1838 3503 t,
1849 3455 1870 3495 a.

173 3538 254 3593 mat.
278 3528 514 3606 Verumtamen,
537 3545 600 3609 quo
624 3527 720 3589 homo
744 3527 926 3590 deiformio·
1020 3531 1131 3593 Adhuc
1160 3539 1277 3608 autem,
1303 3530 1475 3610 unicuique
1504 3528 1536 3591 id
1561 3547 1655 3610 agere
1675 3530 1729 3591 de-

174 3648 246 3691 rem
260 3626 359 3689 fuerit
373 3624 601 3707 perfectionem
612 3625 801 3707 adeptus,eo
817 3624 926 3705 utique
984 3627 1130 3691 lectabile
1147 3627 1279 3707 exsistit,
1296 3628 1335 3689 ad
1350 3629 1434 3709 quod
1451 3627 1660 3689 affectuosam
1681 3628 1729 3689 in-

174 3746 216 3788 ex
245 3723 347 3804 ipsius
374 3741 447 3786 mox
474 3722 655 3784 Divinitatis
679 3721 823 3785 contuitu
851 3723 927 3784 cali·
981 3726 1186 3790 clinationem
1215 3725 1439 3807 infernumque
1464 3725 1639 3807 appetitum
1664 3744 1730 3788 sor-

175 3824 252 3885 dius
268 3820 545 3902 immediatiusque
567 3821 769 3884 devotionem
784 3820 923 3884 sortitur.
981 3826 1057 3887 titus
1093 3832 1151 3886 est.
1182 3821 1271 3886 Nune
1305 3841 1381 3886 vero
1416 3822 1647 3904 praeinductum
1682 3832 1730 3886 est

174 3921 299 4000 ltaque,
315 3919 341 3980 si
360 3938 397 3981 ea
416 3937 485 4000 quaa
503 3919 542 3981 de
562 3918 802 3999 incomparabili
822 3920 928 4001 splen·
981 3922 1132 4004 quoniam
1156 3929 1301 4003 prompta
1320 3922 1359 3984 ad
1378 3921 1434 3984 Ilei
1454 3921 1573 3983 cultum
1599 3920 1729 3985 affectio

175 4018 408 4097 didissimaque
429 4016 575 4078 amabilis
595 4016 698 4078 llariae
719 4017 875 4098 sapientia
893 4017 926 4079 in
982 4020 1135 4083 consistat
1150 4019 1402 4100 devotioltaque
1417 4018 1730 4081 devotionisactibus

68 4156 161 4185 ..aaut
177 4115 334 4193 secundo,
349 4124 381 4177 et
401 4116 530 4177 demum
551 4116 590 4176 de
612 4115 682 4196 ejus
704 4115 927 4177 ardentissimo
981 4118 1149 4180 delectatio
1186 4137 1264 4199 pura
1305 4118 1423 4180 unitur.
1462 4118 1541 4179 Hinc
1582 4116 1729 4197 equidem

177 4225 275 4297 atque
300 4214 422 4277 deifero
450 4232 558 4276 amore
586 4214 681 4295 paulo
706 4222 778 4275 ante
808 4213 840 4274 in
865 4214 926 4276 hoc
943 4213 967 4274 D
982 4215 1100 4279 amanti
1121 4224 1152 4278 et
1172 4216 1242 4296 ipsa
1261 4235 1386 4297 quoque
1406 4217 1504 4278 ardua
1527 4215 1633 4278 facilia
1657 4224 1731 4278 sunt

71 4354 113 4391 ..a
124 4354 161 4381 ιι.
177 4313 274 4377 ιιιιιο
288 4311 467 4374 introducta
482 4318 566 4389 sunt,
582 4330 668 4372 nunc
683 4330 807 4391 quoque
821 4311 926 4374 denuo
982 4324 1076 4395 atque
1092 4314 1210 4375 suavia.
1224 4313 1320 4375 Amor
1335 4333 1450 4395 nempe
1466 4314 1549 4376 inter
1564 4314 1730 4376 universos

176 4412 345 4475 tradantur
373 4409 545 4486 memoriae,
574 4428 670 4490 quam
699 4408 796 4471 fuerit
830 4410 925 4472 etiam
982 4412 1110 4474 habitus
1131 4410 1285 4473 facillime
1309 4410 1533 4490 latissimeque
1553 4412 1628 4493 agit.
1645 4411 1732 4473 ldeo·

177 4506 461 4593 proportionaliter
481 4507 735 4588 superexcellens
751 4508 855 4569 cordis
877 4507 925 4569 sui
982 4529 1044 4591 que
1072 4508 1212 4571 Christus
1240 4509 1391 4570 Dominus
1422 4532 1429 4569 ι
1459 4510 1573 4589 Jugum
1601 4509 1731 4590 (inquit)
1755 4530 1878 4579 aaran,

179 4608 321 4684 devotio,
338 4614 468 4687 repente
483 4606 613 4685 patebit.
631 4606 767 4685 Etenim,
782 4625 845 4687 quo
861 4606 928 4668 uni·
983 4626 1091 4669 meum
1120 4627 1216 4669 suave
1245 4615 1303 4678 est,
1334 4614 1365 4669 et
1401 4624 1481 4667 onus
1513 4626 1619 4669 meum
1648 4599 1779 4669 leve.³⁰·

179 4724 256 4769 cum
278 4724 371 4766 suum
395 4703 500 4765 lesum
517 4703 643 4766 clariori
659 4713 765 4767 mente
784 4706 924 4785 agnovit,
983 4705 1102 4781 Quibus
1119 4704 1309 4786 utique,nisi
1325 4704 1504 4765 amantibus
1520 4705 1615 4766 illudl
1626 4704 1733 4765 Enim-

178 4801 432 4882 fervention‘que
446 4802 542 4863 corde
557 4801 694 4878 amabat,
711 4822 748 4864 eo
770 4802 879 4883 utique
894 4804 926 4864 in
985 4824 1061 4866 vero
1075 4823 1140 4865 non
1156 4801 1335 4864 amantibus
1355 4801 1432 4883 qnid
1453 4800 1544 4863 fateri
1564 4802 1730 4879 incumbit,

179 4902 253 4982 ejus
267 4900 455 4980 obsequium
470 4897 678 4961 affectuosius
694 4900 930 4962 delectabilius·
986 4902 1048 4962 nisi
1076 4900 1161 4981 quod
1192 4900 1224 4961 in
1255 4900 1382 4961 illorum
1411 4918 1547 4980 persona
1581 4899 1734 4981 Propheta

179 5018 244 5080 que
266 4998 438 5062 ferebatur.
985 4999 1138 5079 concinit,
1148 4999 1278 5080 Propter
1292 4997 1388 5060 verba
1399 4998 1562 5078 (inquiens
1573 4999 1611 5060 ad
1623 4999 1734 5078 Deum)
1750 5021 1839 5067 ram.
1847 5021 1868 5062 ι.

223 5098 263 5159 At
277 5114 353 5159 vero
367 5095 494 5158 devotio
508 5113 662 5155 annexam
678 5094 773 5156 habet
788 5104 930 5157 sanctam
987 5096 1143 5159 labiorum
1172 5104 1309 5176 tuorum,
1332 5114 1390 5176 ego
1412 5094 1570 5158 custodivi
1592 5096 1659 5158 vias
1680 5097 1736 5157 du-

182 5194 338 5272 laetitiam,
354 5213 391 5257 ea
406 5192 581 5275 praesertim
595 5211 666 5272 quae
681 5212 718 5254 ex
732 5194 849 5256 divinae
864 5214 932 5275 pro
987 5197 1061 5257 rasf
1082 5194 1145 5255 Hoc
1167 5193 1346 5256 timentium
1372 5193 1576 5273 nondumque
1598 5192 1736 5273 perfecte

183 5292 346 5357 ficiscitur
359 5290 511 5355 bonitatis
529 5290 685 5355 contuitu.
701 5292 861 5355 interdum
880 5312 934 5356 ve·
991 5292 1166 5355 amantium
1181 5310 1308 5354 carmen
1324 5290 1458 5355 exsistit.
1474 5290 1611 5373 Ideoque
1626 5300 1739 5356 cuncta
