4309 6259
427 501 471 567 tc
843 520 1001 568 arrosrno
1022 520 1121 568 urum
1144 527 1151 565 z
1175 520 1258 579 vam,
1279 520 1417 569 mauron
1438 521 1572 569 srmrros

431 697 538 753 naum
553 698 585 753 et
606 689 769 773 sapientia
790 690 921 771 donum,
937 692 1022 772 quod
1043 689 1111 773 ipse
1132 700 1181 754 est
1194 690 1220 753 Α
1233 700 1265 756 et
1287 690 1530 756 inhabitandum
1554 692 1649 755 corda
1670 701 1778 755 nostra
1798 691 1901 757 adhuc
1921 692 1979 756 im-

431 789 514 852 Deus
529 788 656 869 genitus
670 788 710 851 ab
724 798 841 853 caterno
863 810 901 853 cx
914 791 1014 867 Patre,
1031 798 1064 853 et
1083 791 1180 853 homo

432 893 526 949 natus
555 906 593 950 ex
622 887 753 969 Virgine
780 889 874 951 llatro
903 888 936 951 in
966 896 1119 971 ternpore,
1147 889 1180 951 in

432 986 553 1048 unitate
573 1004 725 1068 personae.
745 991 786 1049 Te
805 990 980 1067 utriusque
998 990 1179 1064 Spiritum,

434 1103 472 1146 cx
486 1084 575 1147 Patre
589 1103 626 1147 ac
641 1084 721 1148 Filio
736 1084 972 1167 procedentem,
985 1086 1113 1166 utrique
1128 1104 1181 1149 co

431 1190 596 1260 catomum,
611 1183 802 1264 coaequalem
819 1192 850 1247 ct
864 1184 1178 1265 consubstantialem,

432 1284 603 1341 credamus
624 1283 715 1341 oriani
737 1292 878 1359 tempore
898 1302 962 1363 quo
983 1283 1122 1346 vivimus
1145 1283 1179 1345 in

433 1378 493 1442 hoc
509 1378 639 1457 mundo,
656 1378 768 1460 inquo
789 1380 1029 1461 peregrinamur
1043 1400 1061 1442 a
1075 1380 1181 1444 Domi-

330 1486 336 1500 ·
433 1496 474 1541 no
494 1477 569 1555 Deo,
586 1494 643 1558 per
662 1476 773 1555 lidem,
790 1478 931 1541 nondum
952 1498 1008 1559 per
1027 1478 1177 1559 speciem,

433 1583 671 1657 cognoscentes.
695 1575 766 1639 Haec
788 1583 836 1639 est
858 1576 944 1639 enim
967 1577 1048 1639 tides
1074 1578 1180 1640 catho

433 1675 505 1753 lica,
518 1692 612 1755 quam
627 1673 690 1737 nisi
706 1694 790 1737 nunc
806 1675 1026 1756 unusquisque
1041 1676 1180 1739 fideliter

410 1790 412 1795 ’
432 1772 632 1854 firmiterque
647 1772 819 1837 crediderit
833 1782 864 1836 et
879 1774 1034 1855 integram
1047 1775 1180 1837 inviola-

1234 800 1342 873 parata
1372 811 1409 854 ac
1440 791 1576 868 sordida,
1602 809 1702 872 quum
1727 810 1787 854 nec
1816 792 1978 855 homiuem

1234 909 1356 971 magna
1376 889 1572 953 auctoritatis
1593 891 1782 953 auderemus
1797 890 1926 954 allicere
1940 891 1978 954 ad

1234 989 1458 1052 introeundum
1480 988 1697 1051 habitaculum
1719 996 1863 1051 nostrum
1883 998 1979 1053 mate-

1235 1088 1312 1151 riale
1337 1087 1562 1170 impurgatum,
1590 1087 1722 1166 loedum,
1751 1087 1976 1151 inordinatum.

1273 1188 1375 1249 Mente
1389 1205 1464 1267 ergo
1479 1185 1623 1263 contrita,
1638 1186 1815 1263 recollecta,
1826 1186 1979 1250 aflectuo

1234 1305 1269 1347 sa
1290 1285 1484 1360 invocemus
1502 1284 1678 1362 laudemus,
1694 1284 1861 1347 adoremus
1882 1285 1979 1367 Spiri-

1233 1392 1300 1446 tum
1326 1383 1487 1445 Sanctum.
1513 1383 1591 1446 Toto
1615 1383 1710 1446 corde
1735 1382 1916 1445 afficiamur
1940 1384 1978 1446 ad

1233 1501 1318 1558 eum,
1335 1480 1389 1562 qui
1410 1488 1475 1543 tam
1495 1479 1792 1543 misericordissime
1812 1500 1848 1544 ac
1868 1482 1979 1562 gratio

1234 1579 1359 1643 sissima
1373 1579 1438 1660 egit
1451 1578 1555 1655 nohis,
1572 1579 1642 1641 sine
1660 1578 1753 1659 cujus
1772 1578 1825 1661 pia
1839 1599 1981 1661 praeven-

1234 1678 1320 1741 tione
1354 1677 1533 1757 actualique
1565 1676 1705 1741 motione
1739 1676 1783 1739 nil
1818 1677 1979 1741 meritorie

1235 1776 1384 1857 cogitare,
1402 1775 1494 1852 velle,
1512 1774 1597 1856 loqui
1613 1782 1667 1836 aut
1681 1774 1804 1857 operari
1824 1776 1978 1853 valemus,

432 1880 559 1952 tamque
574 1872 757 1952 servaverit,
774 1872 894 1953 absque
915 1872 1012 1936 dubio
1035 1872 1068 1936 in
1090 1872 1217 1936 ater-B
1234 1873 1328 1953 cujus
1346 1872 1455 1936 omnia
1473 1870 1633 1949 attributa,
1649 1873 1858 1955 proprietates
1876 1883 1909 1937 et
1926 1894 1982 1938 no

432 1989 509 2032 num
525 1970 653 2051 peribit.

473 2070 526 2129 Sit
542 2072 616 2153 laus
630 2069 732 2130 Patri
744 2088 817 2128 cum
832 2070 933 2139 Filio,
949 2077 1058 2128 sancto
1080 2070 1180 2129 simul

432 2170 615 2237 Paracleto,
636 2164 719 2228 sicut
738 2165 916 2247 expositum
938 2174 1005 2241 cst3
1026 2170 1181 2247 nobisque

431 2265 543 2324 mittat
558 2266 669 2325 Filius
682 2264 926 2334 charismatum
942 2271 990 2326 est
1004 2284 1128 2327 sacrum
1143 2285 1180 2327 ac

432 2362 606 2443 pretiosum
621 2381 748 2442 munus,
762 2365 878 2424 Sancti
892 2364 1053 2438 Spiritus,
1070 2362 1181 2425 videli-

432 2466 484 2522 cot
512 2458 683 2542 ipsummet
710 2459 862 2542 Spiritum
887 2460 1048 2538 Sanctum,
1074 2480 1181 2523 essen-

433 2556 553 2620 tialiter
566 2564 710 2621 sanctum
724 2566 757 2619 et
778 2557 1109 2639 superdignissimum,
1125 2558 1179 2639 qui

432 2658 482 2737 (ut
505 2656 620 2737 patuit)
645 2663 694 2718 est
716 2656 834 2719 donum
858 2655 912 2717 Dei
938 2654 1098 2734 altissimi,
1123 2676 1178 2718 seu

433 2753 596 2817 caritatem
616 2760 647 2815 et
665 2752 799 2834 gratiam
818 2752 901 2834 ejus,
918 2772 953 2816 ac
974 2761 1078 2816 cetera
1096 2755 1179 2817 dona

433 2850 556 2914 caritati
578 2858 610 2913 et
630 2851 738 2931 gratiae
752 2858 876 2932 gratum
897 2850 1027 2914 facienti
1043 2872 1175 2915 annexa.

431 2948 701 3023 Quemadmodum
737 2958 842 3012 autem
875 2948 1011 3031 Spiritus
1045 2950 1178 3013 Sanctus

1235 1972 1322 2034 mina
1347 1970 1547 2034 dulcedinem
1573 1970 1727 2049 redolent,
1753 1971 1983 2035 amabilissima

1223 2077 1359 2133 ,exstant
1383 2068 1695 2149 consolationemque
1717 2069 1906 2151 largiuntur,
1929 2073 1983 2132 At-

1236 2167 1417 2230 tribuuntur
1444 2184 1581 2247 namque
1609 2174 1641 2228 et
1674 2166 1918 2248 appropriantur
1951 2166 1981 2229 ei

1236 2265 1371 2341 bonitas,
1394 2264 1505 2347 pietas,
1532 2263 1715 2341 liberalitas,
1742 2283 1813 2346 pax,
1840 2283 1983 2327 commu-

1236 2364 1300 2440 nic,
1324 2381 1422 2440 amor,
1446 2361 1602 2439 osculum,
1626 2381 1736 2439 nexus,
1760 2362 1905 2440 dulcedo,
1930 2363 1982 2444 ju-

1235 2462 1381 2525 cunditas
1395 2470 1427 2523 ct
1441 2460 1606 2542 amplexus
1623 2483 1630 2521 :
1647 2479 1716 2541 quaa
1732 2468 1846 2523 cuncta
1860 2461 1889 2523 ci
1905 2480 1981 2524 con-

1235 2559 1368 2621 veniunt
1387 2557 1575 2621 excellentia
1595 2557 1723 2639 penitus
1744 2558 1882 2621 infinita.
1898 2559 1980 2623 llinc

1234 2674 1360 2737 quoque
1374 2655 1539 2737 cupientes
1554 2674 1627 2718 eum
1643 2654 1794 2736 recipere,
1812 2654 1846 2717 in
1860 2656 1979 2718 sanctis

1234 2763 1328 2836 atque
1342 2753 1471 2836 optimis
1486 2754 1578 2816 donis
1592 2754 1663 2835 ejus
1677 2753 1845 2835 prolicere,
1863 2754 1980 2817 indesi-

1234 2861 1347 2915 nenter
1361 2851 1487 2915 solliciti
1512 2851 1575 2913 sint
1596 2852 1772 2915 visceribus
1786 2852 1926 2915 caritatis
1940 2874 1979 2916 ac

1233 2951 1359 3033 pietatis
1387 2958 1419 3012 ct
1446 2948 1595 3012 bonitatis
1623 2948 1769 3028 allluere,
1800 2970 1911 3033 pacem
1945 2961 1980 3014 et
2002 2970 2121 3014 zetam.

433 3048 575 3127 procedit
599 3067 617 3109 a
637 3048 727 3110 Patre
751 3066 788 3109 ac
810 3047 901 3127 Filio,
925 3047 970 3109 sic
992 3049 1128 3111 donatur
1148 3053 1215 3115 att}
1233 3050 1398 3112 veritatem
1427 3048 1569 3129 diligere,
1599 3048 1752 3111 unitatem
1781 3049 1910 3131 spiritus
1942 3050 1976 3111 in
1995 3036 2122 3152 {qm

434 3144 570 3207 mittitur
584 3147 624 3208 ab
638 3154 782 3226 utroque.

472 3344 553 3406 Ecce
568 3342 653 3405 hunc
669 3343 821 3425 hymnum
844 3344 1019 3406 cumomni
1042 3345 1179 3427 puritate

432 3450 464 3504 et
478 3441 655 3504 elevatione
671 3441 787 3503 mentis
806 3442 844 3503 ad
861 3442 1178 3523 superdulcissimum

432 3539 585 3621 Spiritum
621 3540 770 3601 Sanctum
804 3548 978 3603 cantemus.
1014 3541 1178 3622 Quumque

431 3639 513 3701 nihil
539 3638 691 3722 impediat
719 3657 777 3702 nos
801 3659 819 3701 a
842 3640 1019 3702 desiderata
1043 3641 1179 3721 plenitu-

430 3738 506 3800 dino
522 3737 733 3818 susceptionis
749 3738 883 3819 Spiritus
899 3738 1004 3800 Sancti
1020 3746 1052 3800 ct
1065 3739 1181 3801 exube-

431 3836 534 3898 rantia
556 3836 782 3899 charismatum
798 3836 879 3915 ejus,
896 3836 958 3896 nisi
978 3835 1179 3918 negligentia

431 3942 557 4011 nostrae,
590 3933 821 4012 distractiones,
852 3942 994 4015 torpores
1029 3943 1060 3996 et
1090 3934 1177 4015 vitia,

432 4032 608 4115 praesertim
637 4032 800 4096 sensuales
825 4032 971 4109 allectus,
1000 4040 1179 4114 satagamus

431 4130 620 4193 haecomnia
635 4130 771 4208 evitare,
788 4150 823 4193 ac
839 4130 1063 4193 erubescamus
1079 4130 1180 4193 Domi-

1234 3148 1363 3211 vinculo
1378 3146 1466 3228 pacis
1488 3145 1719 3209 incessabiliter
1740 3146 1909 3210 custodire.
1925 3147 1978 3210 Et
1994 3166 2017 3203 a.

1233 3246 1320 3308 enim
1336 3245 1404 3307 sine
1419 3244 1470 3306 his
1485 3243 1577 3307 bonis
1597 3244 1742 3307 coenobia
1761 3254 1838 3307 sunt
1851 3254 1978 3325 tartara,

1234 3354 1266 3407 et
1287 3342 1480 3407 habitatores
1501 3343 1678 3421 daemonia3
1694 3361 1788 3424 porro
1810 3363 1884 3406 cum
1906 3345 1982 3406 cha-

1234 3441 1417 3504 rismatibus
1444 3440 1514 3504 istis
1542 3441 1687 3504 coenobia
1715 3450 1790 3503 sunt
1816 3442 1981 3523 paradisus

1234 3540 1268 3603 in
1282 3538 1386 3617 terris,
1403 3547 1434 3602 et
1449 3538 1604 3620 religiosa
1617 3558 1760 3621 persona
1775 3550 1850 3603 sunt
1863 3540 1980 3621 angeli.

1234 3639 1272 3700 Et
1287 3638 1370 3700 sicut
1383 3637 1472 3699 nulla
1488 3638 1553 3698 vita
1567 3646 1615 3699 cst
1633 3637 1746 3700 melior
1760 3656 1855 3719 quam
1870 3639 1983 3701 carita-

1234 3737 1310 3813 tive,
1328 3734 1475 3818 pacifice,
1493 3735 1693 3799 concorditer
1708 3735 1896 3799 commorari
1910 3758 1918 3811 3
1935 3737 1982 3799 sic

1234 3835 1323 3897 nulla
1336 3842 1385 3897 est
1399 3833 1490 3915 pejor
1503 3853 1598 3915 quam
1621 3852 1763 3916 corpore,
1779 3854 1844 3897 non
1866 3834 1983 3898 mentis

1234 3932 1374 4010 caritate,
1399 3932 1579 4011 concordia,
1602 3932 1734 4011 unitate,
1758 3933 1852 3995 simul
1874 3953 1982 3996 mane·

1234 4052 1278 4108 re,
1302 4039 1396 4113 prout
1420 4032 1479 4094 hoc
1506 4038 1634 4093 sanctus
1659 4040 1748 4113 pater
1770 4032 1981 4113 Hieronymus

1234 4129 1267 4192 in
1282 4130 1401 4211 Regula
1415 4149 1472 4192 sua
1493 4130 1605 4193 scribit
1626 4130 1850 4212 pulcherrime.
1867 4130 1979 4193 Omnia

431 4247 509 4289 num
525 4227 614 4290 illum
635 4228 810 4309 majestatis
830 4229 1002 4306 immense,
1020 4228 1178 4311 hospitem
1194 4230 1218 4291 l)
1233 4247 1308 4309 ergo
1330 4228 1389 4290 ista
1410 4228 1449 4291 ad
1471 4229 1636 4310 religiosos
1657 4229 1858 4310 potissimum
1883 4228 1980 4310 perti-

431 4326 607 4389 sanctitatis
626 4334 720 4409 atque
740 4326 904 4389 munditiae
923 4327 1050 4409 penitus
1070 4326 1179 4389 inlini-

430 4431 479 4502 tae,
497 4424 631 4489 invitare
653 4426 691 4487 ad
712 4426 917 4503 visitandum,
935 4424 1178 4507 ingrediendum

1232 4345 1308 4388 nere
1330 4335 1515 4405 noscuntur,
1537 4346 1670 4408 quorum
1689 4335 1813 4410 oportet
1832 4346 1901 4390 esse
1923 4345 1979 4390 cor
2005 4317 2144 4403 aecta-‚as

1234 4444 1334 4488 uuum
1355 4433 1387 4487 et
1407 4424 1546 4487 animam
1568 4444 1676 4488 unam.
2143 4439 2144 4448 ¹
