4309 6259
541 508 582 556 DE
600 508 749 555 PASSIONE
769 506 877 555 bonuti
898 506 1085 555 statuncula
1107 506 1267 555 otatoous.
1290 526 1329 537 ·-·
1350 510 1419 557 nnn.
1442 511 1506 558 xt'tt
1741 488 1800 557 29⁷

246 676 337 741 hunc
351 677 613 741 decentissimum
632 684 664 740 et
684 674 997 741 rationabilissimum
1012 674 1038 737 Α
1054 678 1383 759 superrationabiliter
1407 678 1490 742 dicta
1516 680 1578 743 sint
1602 680 1673 745 ista.
1698 680 1800 755 Quum

246 796 289 839 ac
304 775 584 858 praeclarissimum
603 776 733 839 modurn
753 773 930 837 redimendi
944 792 999 855 ge-
1053 776 1171 837 etenim
1191 776 1333 840 Christus
1354 778 1498 841 omnium
1518 788 1681 860 reparator
1700 778 1733 841 in
1753 798 1801 842 re-

247 893 313 936 nus
330 874 506 937 humanum
528 893 585 956 per
605 873 858 937 incarnationem
876 880 908 935 et
928 891 999 955 pas-
1053 874 1254 938 conciliando
1268 875 1416 939 habuerit
1436 876 1620 941 mediatoris
1639 877 1799 955 officium,

247 972 374 1037 sionem
389 973 545 1055 unigeniti
560 972 634 1035 Filii
649 973 704 1035 Ilei
719 972 844 1035 invenit
856 979 889 1033 et
906 989 998 1033 exco-
1053 972 1161 1035 decuit
1188 993 1261 1035 eum
1290 974 1546 1038 convenientiam
1575 976 1691 1038 habere
1727 994 1799 1039 cum

246 1070 374 1152 gitavit,
390 1090 454 1153 quo
473 1071 691 1134 misericordia
704 1070 858 1133 Altissimi
877 1069 997 1151 absque
1054 1078 1188 1151 utroque
1207 1080 1359 1150 extremo,
1375 1072 1436 1135 hoc
1451 1082 1499 1137 est
1519 1093 1592 1137 cum
1612 1074 1676 1139 Deo
1697 1083 1729 1137 et
1748 1074 1801 1139 ho

246 1170 456 1250 derogatione
479 1189 544 1232 suta
560 1170 691 1251 justitiae
711 1169 857 1233 liberavit
878 1187 915 1230 ac
937 1168 999 1230 sal·
1054 1168 1141 1231 mine
1157 1168 1352 1250 redimendo,
1366 1170 1409 1233 ita
1428 1178 1463 1232 ut
1477 1190 1549 1234 cum
1567 1172 1654 1235 Patre
1669 1173 1802 1235 haberet

247 1268 339 1329 vavit
361 1286 462 1349 genus
486 1267 673 1347 humanum,
694 1285 759 1329 non
780 1266 848 1330 sola
867 1286 925 1328 sua
944 1285 1000 1347 po-
1054 1264 1323 1331 immortalilatem
1352 1276 1384 1330 et
1414 1268 1641 1333 beatitudinem
1671 1279 1802 1333 eterna-

247 1373 363 1428 testate
391 1365 558 1428 immensa.
584 1366 699 1447 Sicque
728 1365 761 1427 in
789 1364 850 1429 hoc
880 1364 999 1427 relucet
1053 1363 1128 1441 lem,
1149 1384 1222 1427 cum
1241 1365 1426 1429 hominibus
1446 1386 1521 1431 vero
1543 1368 1799 1449 passibilitatem,

246 1464 484 1545 omnipotentis
496 1463 632 1546 justitia,
647 1465 732 1545 quod
754 1471 919 1545 peccatum
934 1482 998 1526 non
1053 1470 1085 1525 et
1100 1462 1131 1523 in
1153 1470 1285 1545 utraque
1305 1472 1416 1527 natura
1435 1465 1475 1528 ab
1494 1466 1581 1528 omni
1598 1475 1727 1549 peccato
1747 1466 1802 1529 im·

247 1561 382 1642 reliquit
408 1562 601 1643 impunitum
629 1580 732 1642 neque
760 1562 909 1638 inultum,
935 1561 999 1624 imo
1053 1561 1422 1643 munitatemzquatenus
1437 1582 1494 1645 per
1505 1584 1569 1627 suaa
1582 1565 1801 1647 passibilitatis

89 1697 141 1725 ο...
160 1698 180 1725 v
218 1659 381 1741 ,proprio
396 1659 475 1722 Filio
495 1678 560 1722 non
583 1660 726 1742 pepercit
739 1660 830 1722 Pater
849 1668 997 1736 aeternus,
1053 1666 1187 1721 mortem
1213 1659 1438 1724 satisfaciendo
1463 1662 1645 1742 redimeret,
1668 1672 1699 1725 et
1723 1663 1802 1727 redi·
1868 1708 1870 1713 -

247 1759 309 1820 sed
331 1776 387 1840 pro
408 1757 557 1822 omnibus
579 1756 672 1821 nobis
694 1757 824 1820 tradidit
844 1757 947 1820 illum.
963 1756 998 1819 ln
1053 1759 1169 1820 mendo
1185 1766 1344 1841 purgaret,
1361 1767 1455 1840 atque
1475 1769 1644 1842 purgatum
1659 1762 1697 1825 ad
1714 1772 1800 1825 aeter·

245 1875 317 1937 quo
330 1856 426 1919 etiam
441 1856 550 1937 utique
565 1855 931 1938 incomprehensibiliter
951 1875 999 1917 re
1013 1851 1037 1913 B
1053 1876 1127 1919 nam
1144 1856 1328 1919 felicitatem
1350 1858 1524 1921 reduceret.
1539 1859 1625 1922 Unde
1647 1868 1679 1923 et
1693 1860 1801 1924 decuit

247 1956 340 2018 lucet
361 1954 486 2032 caritas,
509 1953 739 2032 misericordia,
760 1954 927 2037 sapientia,
950 1954 1000 2035 ju·
1053 1954 1246 2018 Salvatorcm
1268 1956 1386 2038 aliquid
1403 1957 1434 2018 in
1456 1976 1489 2019 se
1504 1957 1620 2021 babere
1635 1958 1674 2022 de
1699 1958 1802 2039 quoli-

247 2053 351 2131 stitia,
376 2053 602 2116 munificentia
628 2061 661 2116 et
688 2053 790 2115 virtus
820 2052 874 2116 llei
903 2072 1000 2134 super
1052 2053 1106 2115 bet
1121 2053 1260 2116 hominis
1276 2054 1546 2136 statu.Pr0pterea
1561 2056 1599 2118 de
1615 2063 1697 2119 statu
1713 2057 1802 2121 inno

246 2172 312 2215 nos
338 2160 370 2214 et
398 2152 432 2214 in
460 2152 562 2215 nobis.
588 2151 704 2232 Sicque
733 2152 800 2214 haec
828 2150 937 2213 oninia
965 2149 999 2213 in
1053 2151 1166 2214 centiae
1181 2152 1293 2214 babuit
1309 2152 1540 2214 immunitatem
1555 2153 1596 2215 ab
1609 2153 1697 2215 omni
1713 2154 1802 2235 peni-

245 2249 368 2313 Cbristi
392 2250 539 2332 passione
563 2259 714 2331 tanquam
738 2248 772 2311 in
797 2249 999 2331 praeclarissi-
1053 2258 1104 2311 tus
1123 2248 1228 2330 culpa,
1245 2249 1284 2311 de
1304 2256 1386 2311 statu
1408 2257 1527 2312 naturae
1547 2250 1642 2331 lapsae
1660 2252 1802 2315 mortali-

246 2368 318 2425 mo,
343 2346 575 2410 virtuosissimo
600 2366 637 2410 ac
661 2346 871 2410 saluberrimo
894 2347 1000 2410 eluce-
1053 2348 1208 2425 tatem,de
1220 2354 1301 2410 statu
1316 2346 1423 2428 glorie
1435 2348 1590 2411 visionem
1606 2348 1799 2415 beatificam.

245 2453 345 2508 scunt
365 2444 496 2507 effectu.
512 2446 550 2506 Et
569 2444 638 2526 ipsa
658 2443 858 2507 sanctissima
880 2445 997 2526 passio,
1094 2444 1131 2506 Et
1159 2462 1256 2523 nune,
1284 2444 1414 2507 Domine
1443 2445 1515 2507 Jesu
1544 2446 1678 2526 Christe,
1709 2449 1799 2527 doce,

244 2562 308 2606 seu
335 2543 441 2625 potius
470 2542 605 2624 ipsemet
631 2541 773 2603 Christus
801 2560 924 2623 passus,
950 2550 1000 2603 est
1053 2541 1210 2618 illumina,
1232 2560 1326 2622 unge,
1348 2540 1515 2623 perfunde,
1539 2542 1637 2626 imple
1662 2554 1801 2609 mentem

243 2639 544 2724 splendidissimum
563 2639 660 2703 totius
674 2639 836 2702 altissimae
858 2647 999 2701 contem·
1053 2659 1155 2702 meam
1182 2640 1429 2723 pauperrimam,
1455 2643 1495 2705 ad
1520 2644 1801 2725 contemplandum

243 2737 400 2821 plationis
421 2738 628 2801 simulacrum
650 2746 682 2801 et
704 2737 863 2801 volumen.
879 2737 913 2799 ln
935 2757 998 2818 quo
1052 2746 1083 2801 te
1107 2758 1233 2821 passum
1259 2748 1290 2801 ct
1311 2747 1397 2803 tuam
1420 2740 1597 2803 salvificam
1619 2742 1801 2824 passionem

176 2860 181 2864 ’
245 2856 310 2919 per
332 2838 451 2899 donum
475 2836 639 2917 sapientie
666 2843 816 2898 aeternam
841 2844 872 2897 et
897 2835 999 2899 incre
1053 2837 1112 2898 hoc
1135 2837 1228 2900 modo
1252 2844 1283 2898 ct
1304 2837 1391 2899 omni
1413 2838 1506 2901 modo
1527 2839 1712 2920 prehabito.
1729 2841 1802 2905 Haec

244 2945 335 2998 atam
358 2934 554 3017 Sapientiam
578 2933 832 3015 contemplamur
855 2952 919 2997 non
949 2954 1000 2998 so-
1053 2934 1198 2997 meditari
1215 2935 1255 2997 sit
1269 2935 1424 3017 sapientia
1439 2954 1521 3013 mea,
1538 2937 1679 2999 studium
1695 2958 1801 3001 meum

245 3035 318 3096 lum
341 3032 516 3095 secundum
540 3051 575 3094 se
595 3040 627 3095 et
649 3032 682 3094 in
703 3052 749 3110 se,
766 3040 859 3113 prout
880 3033 914 3094 in
934 3034 999 3096 vita
1018 3028 1085 3094 Cet
1114 3031 1296 3095 informatio
1325 3052 1405 3096 mea.
1435 3034 1469 3095 ln
1499 3034 1549 3096 his
1578 3035 1656 3097 mihi
1683 3055 1803 3118 repono

243 3135 311 3196 hac
330 3132 473 3213 conspici
497 3139 611 3213 potest,
632 3131 688 3194 sed
709 3131 806 3193 etiam
825 3140 859 3194 ut
879 3140 998 3195 naturae
1053 3129 1284 3213 perfectionem
1299 3131 1440 3212 justitiae,
1458 3133 1633 3196 claritatem
1650 3134 1801 3214 scientie,

243 3232 397 3294 humanae
425 3230 559 3305 unitam,
590 3238 622 3291 et
649 3249 706 3311 per
738 3230 1001 3293 communicatio-
1052 3230 1513 3311 opessalutiS,exuberantiam
1526 3233 1802 3297 meritorumflaec

243 3348 325 3390 nem
350 3328 537 3391 idiomatum
561 3327 838 3391 denominationes
862 3338 894 3391 et
922 3348 1000 3410 prar-
1053 3347 1105 3389 me
1130 3328 1253 3409 erigant
1278 3328 1309 3389 in
1334 3329 1487 3407 adversiS,
1511 3330 1545 3392 in
1570 3333 1731 3413 prosperis
1756 3354 1804 3395 re-

243 3428 355 3489 dicata
376 3444 500 3507 magnae
523 3424 724 3505 deiectionis,
745 3426 935 3489 humilitatis
961 3446 998 3487 ac
1055 3426 1206 3507 primant,
1224 3436 1255 3488 et
1277 3426 1360 3489 inter
1381 3426 1452 3489 laeta
1473 3436 1504 3489 et
1520 3428 1622 3491 tristia
1637 3430 1724 3510 regio
1740 3431 1804 3493 dis-

243 3523 445 3605 dignationis
474 3523 701 3604 suscipientem
732 3547 739 3585 :
770 3532 805 3585 ut
833 3526 918 3607 quod
946 3525 1000 3586 Sa-
1054 3524 1206 3587 cretionis
1233 3524 1391 3586 deducant
1414 3524 1538 3589 itinere.
1564 3526 1635 3589 Haec
1659 3527 1803 3591 Iudicem

244 3622 371 3705 pientia
396 3630 514 3684 aeterua
542 3640 578 3683 ac
607 3621 748 3703 ingenita
776 3641 832 3684 scu
860 3623 998 3686 Verbum
1054 3622 1133 3684 mibi
1150 3622 1287 3703 placant,
1305 3622 1437 3685 vulnera
1451 3624 1565 3687 anime
1579 3643 1658 3687 mere
1673 3636 1801 3705 curant;

243 3730 403 3785 aeternnm
427 3727 475 3782 est
501 3718 713 3797 incarnatum,
735 3740 877 3801 passum,
897 3722 1000 3783 cruci·
1055 3720 1412 3801 incomprehensibilem
1441 3722 1572 3802 angelis,
1599 3722 1804 3787 inaccessibi-

243 3821 363 3897 fixum,
389 3826 549 3882 mortuum
577 3838 614 3881 ac
643 3820 815 3899 sepultum,
844 3820 996 3897 derisum,
1053 3818 1117 3881 lem
1144 3818 1328 3896 viatoribus,
1355 3819 1651 3883 metuendissimum
1675 3822 1803 3885 univer-

241 3925 440 3999 consputum
464 3924 497 3979 et
519 3916 852 3997 contemptibilissime
874 3926 999 3981 contre·
1054 3918 1109 3993 sis,
1141 3918 1276 3979 reddunt
1303 3915 1506 3995 familiarem,
1535 3919 1738 3984 amicabilem
1771 3932 1803 3985 et

240 4025 388 4093 etatum3
405 4015 489 4095 quod
511 4022 576 4077 tam
597 4014 845 4092 amorosissimo,
867 4014 998 4076 munifi·
1054 4014 1137 4078 ultro
1152 4034 1186 4077 se
1207 4013 1397 4078 offerentem
1413 4034 1450 4077 ac
1473 4015 1660 4080 invitantem
1682 4019 1803 4081 anima-

239 4113 431 4178 cautissime
442 4119 474 4174 et
484 4111 735 4175 familiarissime
745 4112 811 4194 egit
821 4112 997 4191 vobiscum,
1054 4132 1188 4193 rumque
1214 4112 1384 4175 medicum.
1407 4113 1488 4187 Quid
1514 4122 1577 4177 tam
1603 4116 1801 4181 mortiferum

241 4212 332 4275 sicut
352 4210 489 4273 cantatis
510 4208 545 4271 in
566 4209 708 4290 hymno:
1014 4217 1037 4279 D
1055 4212 1139 4293 quod
1155 4230 1218 4274 nou
1241 4219 1342 4273 morte
1357 4211 1471 4275 Christi
1487 4218 1637 4277 saneturl
1654 4216 1732 4290 Quid
1755 4218 1802 4281 sic

1054 4318 1148 4391 auget
1169 4309 1281 4387 fidem,
1299 4329 1388 4391 spem
1412 4312 1548 4389 roborat,
1567 4313 1730 4377 caritatem
1752 4335 1803 4379 ac-

390 4399 427 4448 se
442 4411 563 4448 ¹¹³⁸⁰0ss⁸
579 4397 655 4487 detit
670 4397 791 4487 coetum,
1054 4408 1170 4485 cendit,
1194 4416 1228 4469 ul
1250 4410 1333 4489 qdod
1359 4408 1440 4470 [leus
1464 4419 1595 4491 propter
1617 4429 1674 4474 nos
1699 4412 1802 4475 factus

391 4478 578 4609 {⁰¹¹‘'⁰⁸‘.³⁰¹¹⁸’
593 4494 621 4569 3¹¹
637 4478 779 4607 ⁰d¹¹t¹f¹¹¹¹¹³
1053 4515 1102 4568 est
1123 4507 1217 4569 homo
1239 4514 1270 4569 et
1292 4526 1465 4587 suspensus
1482 4507 1513 4567 in
1530 4507 1637 4589 lignol
1652 4510 1731 4583 Quid
1755 4512 1801 4573 sic

391 4572 567 4702 5333?ss
570 4573 620 4689 (13
633 4572 681 4689 {1⁰
677 4572 832 4705 Ρᾞῑυω,
1053 4604 1203 4681 aedificat,
1227 4603 1327 4666 allicit
1352 4611 1383 4665 et
1407 4603 1588 4668 inflammat
1611 4607 1651 4669 ad
1674 4626 1801 4671 omnem

1053 4703 1278 4779 humilitatem,
1295 4704 1585 4783 mansuetudinem,
1602 4706 1799 4786 patientiam,

288 4801 462 4863 Satvnrus.
482 4798 565 4861 -Ο
587 4808 706 4879 quanta
726 4808 775 4861 est
797 4800 931 4863 altitudo
952 4819 1000 4861 sa·
1053 4801 1279 4878 obedientiam,
1310 4799 1539 4880 fortitudinem,
1570 4811 1799 4886 paupertatem,

245 4899 381 4984 pientiae
408 4896 600 4979 evangelice
629 4898 727 4979 legisl
754 4897 793 4959 ad
820 4916 916 4978 quam
944 4918 1000 4961 na·
1054 4900 1137 4963 sicut
1164 4900 1248 4981 quod
1277 4900 1462 4981 unigenitus
1486 4902 1583 4965 Filius
1612 4902 1667 4965 Dei
1696 4910 1743 4967 tot
1770 4913 1802 4967 et

242 4996 353 5062 turale
372 4996 481 5059 lumen
502 4992 681 5057 efficaciter
699 4995 810 5076 nequit
828 4996 999 5059 ascendere
1053 5006 1140 5061 tanta
1155 5016 1212 5080 pro
1227 4998 1319 5061 nobis
1335 4998 1412 5061 fecit
1431 5019 1467 5062 ac
1487 5001 1627 5082 pertulit,
1644 5002 1801 5065 omnium-

242 5096 313 5159 nisi
327 5094 498 5175 adjuvetur
517 5093 656 5174 desuper
670 5092 746 5173 fide,
762 5093 863 5174 gratia
882 5093 999 5174 etipse
1053 5113 1115 5175 que
1131 5096 1283 5157 virtutum
1299 5097 1430 5158 istarum
1446 5097 1589 5179 exempla
1610 5106 1674 5161 tam
1691 5099 1801 5163 effica-

242 5192 414 5277 sapientiae
427 5192 512 5255 dono
528 5215 536 5253 ε
552 5190 669 5272 quibus
684 5191 710 5253 si
725 5191 804 5255 ratio
819 5192 997 5271 decoretur,
1054 5193 1183 5257 cissima
1198 5202 1230 5257 et
1251 5194 1483 5276 perfectissima
1498 5195 1590 5259 nobis
1605 5196 1748 5260 exhibuit
1762 5218 1800 5263 ac

240 5293 351 5361 carnit
365 5308 460 5374 quam
475 5289 714 5368 rationabiliter,
723 5290 772 5352 vel
788 5289 997 5373 potiusquam
1054 5292 1205 5373 reliquitl
