4309 6259
425 486 464 551 60
750 501 906 549 nxaosrrro
927 501 1025 548 nrum
1049 509 1055 545 :
1078 500 1139 545 rau
1160 498 1304 546 cnnrsrus
1324 501 1425 546 asnaa
1445 500 1646 547 ascensuum

424 684 512 735 ctum
535 678 678 735 daturus
697 675 876 749 Spiritum,
892 675 953 737 hoc
978 680 1035 751 θεῖ,
1061 672 1096 734 in
1119 672 1171 734 die
1186 672 1211 733 Α
1228 692 1280 753 pe,
1296 679 1332 733 ut
1345 672 1389 734 ait
1402 671 1580 754 Gregorius,
1597 673 1749 754 quoniam
1769 679 1891 753 septam
1909 671 1979 734 die-

425 772 625 834 Pentecostes
650 770 804 833 missurus
825 791 862 834 ac
884 772 1056 835 donaturus
1078 770 1173 833 disci·
1227 770 1287 833 bus
1307 788 1402 833 omne
1423 778 1547 853 tempus
1566 773 1627 835 hoc
1642 771 1791 848 volvitur,
1812 777 1897 834 recte
1919 788 1979 851 per

426 869 510 951 pulis
533 868 719 951 «Spiritum
741 869 889 931 Sanctum
906 892 934 949 a,
951 889 1046 951 quem
1068 870 1172 931 dando
1228 869 1443 951 septenarium
1459 869 1649 933 universitas
1671 871 1838 933 denotatur
1858 877 1891 931 et
1905 888 1979 951 per-

427 968 514 1030 dedit
535 967 654 1029 eisdem
677 989 694 1026 a
710 986 843 1030 munera
857 991 873 1027 n
894 968 1030 1051 Spiritus
1052 967 1171 1045 Sancti,
1227 968 1364 1049 petuitas
1379 968 1434 1030 illa
1448 969 1597 1031 coelestis.
1608 969 1646 1032 Et
1660 970 1720 1032 hoc
1735 967 1819 1046 dico,
1830 989 1846 1027 o
1858 966 1976 1047 orbe»,

314 1093 336 1135 ρ,
348 1078 412 1121 sau.
428 1074 463 1127 ut
478 1065 668 1147 praecedenti
684 1066 802 1147 hymno
817 1074 864 1129 θεῖ
878 1067 1083 1128 declaratum.
1099 1065 1173 1140 Quae
1227 1065 1287 1128 hoc
1317 1072 1365 1127 est
1388 1065 1595 1129 circulatione
1619 1067 1743 1129 dierum
1767 1084 1823 1128 seu
1852 1064 1977 1127 ambitu

428 1183 560 1226 munera
585 1164 666 1227 Deus
690 1164 781 1227 Pater
806 1184 838 1226 se
859 1165 1007 1226 daturum
1029 1163 1173 1246 praedixit
1227 1163 1423 1244 septimana,
1437 1187 1453 1223 u
1468 1165 1576 1227 voluto
1591 1164 1707 1246 septies
1723 1186 1752 1242 a,
1764 1165 1824 1227 hoc
1839 1171 1887 1225 cst
1907 1182 1979 1245 sep·

427 1267 522 1340 atque
537 1260 683 1342 promisit
698 1260 732 1321 in
747 1260 846 1322 veteri
862 1262 1072 1323 Testamento.
1094 1258 1171 1320 Nam
1228 1270 1291 1324 tem
1313 1262 1437 1324 vicibus
1452 1262 1596 1325 revoluto
1610 1282 1646 1325 ac
1669 1261 1803 1344 repetito
1813 1284 1821 1322 ε
1832 1270 1877 1325 ῖοῖ
1887 1262 1976 1323 enim

427 1366 459 1421 et
481 1358 514 1419 in
535 1357 657 1422 Psalmo
679 1358 741 1420 luit
760 1357 946 1440 praedictum
965 1360 1004 1420 de
1023 1358 1169 1420 Christo:
1228 1358 1977 1441 fluunthebdomadaeaPaschausquePenteco

294 1464 334 1506 Pa·
352 1476 413 1513 “vu
427 1456 606 1519 Ascendisti
625 1456 659 1517 in
679 1457 788 1535 altum,
809 1456 922 1539 cepisti
943 1456 1170 1539 captivitatem,
1227 1458 1363 1521 sten.Sic
1378 1458 1474 1522 ctiam
1487 1457 1622 1523 sumitur
1634 1458 1720 1522 orbis
1735 1459 1769 1520 in
1783 1456 1979 1531 Jobmuum-
2005 1481 2049 1523 roo
2060 1495 2074 1531 ι,
2085 1484 2103 1522 s.

283 1528 316 1569 Ν·
429 1553 579 1637 accepisti
601 1554 684 1617 dona
700 1554 733 1616 in
748 1554 942 1618 hominibus.
958 1554 1046 1629 Quod
1069 1554 1114 1615 sic
1130 1554 1174 1615 al·
1228 1575 1290 1637 que
1314 1558 1346 1619 in
1368 1558 1477 1621 orbern
1499 1557 1688 1620 transissent
1707 1556 1776 1618 dies
1799 1556 1951 1619 convivii.
2140 1635 2141 1646 ἵ

282 1654 512 1735 upuea,1r‚8.legat
536 1653 732 1734 Apostolus:
755 1648 845 1717 Dedit
869 1654 952 1717 dona
975 1652 1171 1715 bominibus.
1268 1660 1352 1716 Dum
1369 1658 1450 1716 hora
1471 1659 1597 1717 cunctis
1619 1657 1718 1715 tertia
1740 1665 1871 1731 repente
1884 1675 1978 1715 mam·
2048 1660 2066 1714 3
2140 1681 2141 1696 2

427 1753 522 1815 Porro
544 1752 627 1814 dona
646 1760 678 1814 et
695 1770 790 1833 opera
812 1751 1052 1833 supergloriosa
1072 1749 1174 1812 Trini-
1229 1759 1292 1815 dus
1312 1758 1440 1815 intonat
1458 1777 1469 1814 .·
1483 1755 1544 1818 hoc
1566 1762 1625 1831 est,
1648 1776 1665 1812 «
1687 1754 1763 1815 dum
1785 1753 1922 1815 mundus
1945 1776 1976 1831 n,

426 1850 499 1912 tatis
521 1850 560 1911 ad
581 1857 667 1912 extra
682 1858 755 1911 sunt
776 1848 922 1911 indivisa.
1190 1854 1262 1916 Bid
1284 1861 1333 1916 est
1353 1872 1465 1915 cursus
1486 1862 1617 1932 naturae,
1634 1872 1690 1915 seu
1712 1852 1863 1933 temporis
1885 1853 1975 1929 ordo,

467 1948 609 2029 Denique
633 1949 672 2010 de
696 1949 757 2011 hoc
782 1948 898 2028 allegat
922 1948 1071 2031 princeps
1093 1949 1175 2031 Apo·
1230 1960 1284 2015 aut
1301 1971 1402 2033 genus
1423 1951 1589 2015 hominum
1612 1952 1645 2013 in
1667 1951 1727 2014 hoc
1749 1951 1879 2028 mundo,
1896 1972 1912 2009 «
1929 1950 1979 2012 in-

288 2060 413 2113 tel-nob
429 2049 582 2110 stolorum
597 2046 676 2108 illud
692 2045 985 2109 loeliszllflundam
1000 2048 1039 2109 de
1055 2047 1174 2129 Spiritu
1230 2058 1318 2114 tonat
1339 2058 1469 2132 repente
1492 2049 1615 2112 cunctis
1631 2072 1660 2128 a,
1677 2049 1738 2111 hoc
1760 2055 1818 2128 est,
1835 2048 1979 2111 insinuat

280 2123 332 2168 '⁰⁰²
345 2138 366 2173 ¹¹·
379 2128 413 2167 ²⁸'
428 2164 500 2208 meo
526 2163 621 2225 super
644 2162 772 2206 omnem
795 2164 934 2221 carnem,
958 2153 989 2207 et
1010 2146 1176 2226 propheta·
1230 2157 1284 2212 aut
1309 2148 1454 2230 designat
1480 2147 1585 2212 subito
1612 2147 1737 2209 cunctis
1763 2146 1979 2209 incolentibus

430 2245 510 2307 bunt
523 2242 584 2304 filii
601 2242 697 2305 vestri
720 2250 751 2304 et
765 2241 842 2305 filiae
864 2251 987 2305 vestrae.
1003 2243 1083 2305 Hine
1099 2262 1176 2324 quo·
1230 2258 1345 2311 terram
1372 2267 1464 2309 suum
1490 2265 1684 2328 processum,
1709 2268 1726 2305 u
1745 2246 1823 2307 hora
1844 2246 1937 2307 tertie
1960 2268 1977 2305 ε)

288 2353 491 2423 conlataque
519 2341 552 2401 in
579 2341 699 2403 Joanne
727 2341 880 2421 scriptum
908 2348 956 2402 est
983 2364 989 2401 :
1016 2340 1176 2404 Clamabat
1232 2354 1304 2427 post
1328 2344 1468 2407 medium
1497 2344 1600 2407 noctis
1625 2352 1680 2405 aut
1707 2342 1855 2421 circiter;
1881 2365 1979 2404 oran-

281 2419 349 2461 Μ
430 2440 519 2502 lesus
543 2462 549 2499 :
574 2438 606 2500 Si
631 2438 702 2520 quis
727 2438 804 2515 sitit,
831 2438 938 2501 veniat
961 2439 999 2501 ad
1024 2459 1097 2517 me;
1120 2440 1175 2520 qui
1231 2446 1318 2503 tibus
1341 2444 1516 2518 Apostotis,
1538 2445 1643 2504 Deum
1666 2445 1788 2501 venisse
1809 2444 1943 2501 nacntiot
1967 2464 1979 2502 :

431 2538 532 2601 credit
546 2538 578 2599 in
594 2556 655 2615 me,
667 2536 750 2600 sicut
763 2537 842 2599 dicit
856 2537 1029 2619 Scriptura,
1041 2538 1176 2600 flumina
1231 2542 1291 2604 hoc
1320 2548 1379 2618 est,
1411 2541 1479 2622 ipse
1514 2540 1664 2618 mundus,
1694 2538 1844 2601 videlicet
1877 2558 1978 2619 genus

429 2637 469 2699 de
484 2646 593 2700 ventre
608 2636 677 2716 ejus
698 2634 906 2716 fluentaque
925 2636 1176 2699 vivae:hocau-
1230 2639 1408 2718 hominurn,
1432 2658 1488 2700 seu
1511 2647 1690 2720 temporum
1712 2656 1834 2717 cursus,
1859 2660 1875 2696 ι(
1898 2657 1979 2698 nun-

429 2743 493 2797 tcm
517 2734 596 2796 dixit
616 2734 655 2795 de
678 2734 795 2815 Spiritu
818 2734 943 2812 Sancto,
966 2754 1061 2815 quem
1087 2753 1176 2796 acce·
1232 2738 1299 2815 tiat,
1311 2736 1475 2801 orantibus
1489 2735 1648 2817 Apostolis
1664 2758 1693 2812 a,
1706 2734 1738 2797 id
1753 2742 1812 2812 θεῖ,
1825 2735 1901 2796 dum
1916 2735 1977 2816 ipsi

430 2833 514 2915 pturi
530 2840 619 2895 erant
634 2832 797 2895 credentes
813 2832 846 2893 in
861 2851 945 2894 eum.
1232 2836 1374 2917 Apostoli
1391 2835 1422 2896 ln
1445 2842 1517 2897 actu
1538 2833 1693 2897 orationis
1715 2833 1836 2895 intente
1858 2852 1894 2895 ac
1918 2832 1979 2895 fer-

469 2933 621 2993 Solenm's
650 2932 785 3007 carpebat
813 2934 893 2999 dies,
924 2929 983 2992 hoc
1017 2938 1075 3009 θεῖ,
1106 2931 1173 2992 dies
1232 2942 1344 2995 venter
1370 2932 1590 3011 consisterent,
1621 2952 1638 2989 ι(
1668 2931 1767 2993 Deum
1796 2929 1922 2993 venisse
1947 2953 1977 3008 a,

429 3030 628 3091 Pentecostes
649 3028 714 3108 jam
737 3027 933 3105 imminebat,
958 3047 1012 3090 seu
1035 3031 1212 3110 praesensi]
1233 3032 1264 3094 id
1287 3038 1334 3093 θεῖ
1355 3030 1521 3092 advenisse
1546 3028 1741 3091 Paracletum
1767 3052 1773 3089 :
1797 3028 1881 3109 quod
1903 3036 1978 3091 tunc

429 3126 549 3190 exstitit
571 3133 603 3188 θῖ
623 3125 782 3207 surgebat,
798 3128 857 3205 pua·
870 3125 939 3187 dies
953 3130 1087 3204 orpstr'co
1108 3146 1175 3203 sep·
1231 3130 1271 3192 ad
1297 3129 1434 3192 invicem
1460 3136 1491 3189 et
1515 3127 1630 3189 deinde
1656 3126 1727 3188 aliis
1752 3126 1980 3189 nuntiavemnt

432 3226 586 3301 ternpla'ci,
600 3226 675 3283 orbe
690 3227 797 3283 voluto
819 3226 945 3299 sepcies,
961 3227 1070 3301 sipont
1086 3226 1177 3284 beata
1231 3226 1380 3309 discipuli
1396 3226 1449 3307 qui
1467 3225 1619 3308 Spiritum
1635 3231 1833 3305 receperunt,
1847 3231 1881 3284 ut
1896 3223 1980 3286 infra

432 3334 585 3399 tempora.
616 3321 697 3383 Ordo
721 3321 889 3384 verborum
918 3331 965 3383 est
992 3346 998 3381 :
1026 3323 1119 3402 «oui
1147 3346 1175 3397 u,
1232 3327 1266 3387 in
1281 3324 1474 3407 hymnoisto
1489 3322 1705 3403 subjungitur.

432 3421 554 3484 scilicet
567 3420 636 3482 dies
651 3420 861 3497 Pentecosles,
875 3441 892 3478 «
909 3420 1012 3501 signat
1028 3443 1056 3499 u,
1071 3421 1102 3482 id
1117 3430 1175 3498 est,
1272 3428 1320 3486 De
1343 3424 1460 3485 Patris
1483 3441 1559 3498 erpo
1584 3423 1710 3482 lumine
1733 3424 1868 3480 decorus
1892 3421 1980 3497 ignis

432 3519 551 3601 figurat
572 3526 603 3581 et
624 3517 779 3599 designat,
796 3539 813 3577 ι(
830 3518 921 3580 beata
941 3526 1085 3600 tempore
1100 3541 1128 3596 a,
1145 3519 1177 3580 id
1231 3526 1338 3581 alanus
1358 3530 1415 3582 est.
1438 3520 1504 3583 Hoc
1528 3518 1700 3601 dupliciter
1724 3524 1828 3599 potest
1850 3517 1977 3599 exponi.

431 3623 480 3678 cst
501 3614 642 3697 requiem
664 3613 849 3677 aeternitotis
870 3614 904 3675 in
927 3616 1038 3695 patria,
1055 3616 1094 3678 de
1117 3634 1178 3696 qua
1232 3619 1346 3695 Primo,
1370 3620 1408 3680 de
1431 3618 1504 3699 igne
1527 3616 1682 3678 materiali
1704 3615 1758 3697 qui
1780 3634 1876 3696 super
1898 3617 1980 3696 Apo

287 3727 315 3771 n.
323 3729 416 3779 mres.
431 3713 547 3795 legitur
561 3713 644 3794 apud
658 3712 771 3774 isaiam
789 3736 795 3773 :
812 3712 879 3773 Erit
900 3713 1019 3775 mensis
1039 3732 1075 3775 ex
1092 3732 1179 3775 men·
1233 3718 1330 3780 stolos
1345 3725 1530 3796 ceterosque
1545 3716 1592 3777 eis
1613 3714 1802 3794 conjunctos
1821 3714 1977 3795 apparuit,
2140 3789 2141 3800 χ

432 3830 477 3890 εθ,
504 3819 534 3873 θῖ
563 3810 728 3872 sabbatum
757 3830 794 3872 ex
819 3809 959 3873 sabbato.
986 3808 1064 3872 Nam
1089 3819 1121 3873 et
1145 3811 1178 3871 in
1233 3816 1349 3898 quibus
1377 3815 1478 3896 igneas
1506 3814 1622 3893 linguae
1650 3819 1865 3894 apparuerunt
1891 3836 1898 3874 :
1924 3813 1979 3892 qui
2035 3841 2122 3871 aa..

431 3909 533 3992 patria
561 3908 621 3971 erit
649 3916 774 3990 tempus
801 3908 986 3986 discretum,
1012 3918 1043 3971 et
1071 3910 1179 3971 forsan
1234 3914 1317 3995 ignis
1332 3911 1394 3975 fuit
1408 3935 1425 3971 o
1441 3913 1575 3974 decorus
1588 3934 1616 3988 u,
1624 3911 1656 3973 id
1672 3918 1721 3973 est
1734 3910 1859 3978 lucidus
1875 3910 1978 3987 valde,
2140 3909 2141 3918 ’

432 4009 539 4089 aliquo
564 4008 658 4070 modo
682 4008 882 4083 continuum,
898 4006 931 4068 in
952 4007 1090 4070 motibus
1112 4026 1180 4070 cor·
1234 4031 1298 4074 non
1313 4011 1458 4074 fumosus
1473 4018 1527 4072 aut
1541 4017 1629 4086 teter,
1647 4018 1678 4071 et
1689 4032 1705 4068 «
1722 4008 1825 4070 almus
1842 4031 1870 4085 u,
1887 4008 1982 4069 idest

434 4126 546 4189 porum
562 4104 825 4187 glorificatorum,
842 4124 911 4184 quae
926 4125 990 4168 non
1005 4106 1180 4167 movebuu-
1234 4118 1372 4186 sanctus,
1390 4107 1464 4189 quia
1478 4108 1517 4169 ad
1533 4106 1824 4188 repraesentandum
1846 4125 1882 4169 ac
1898 4106 1981 4167 desi-

433 4215 484 4268 tur
504 4206 537 4267 in
561 4204 701 4282 instanti,
722 4204 867 4284 quamvis
888 4202 1074 4266 Guillelmus
1097 4204 1180 4265 Pari·
1195 4209 1220 4269 D
1234 4207 1396 4289 gnandum
1413 4206 1564 4287 Spiritum
1580 4206 1730 4266 Sanctum
1751 4203 1915 4282 formatuS,
1932 4223 1982 4267 or-

433 4304 548 4367 siensis
562 4305 622 4367 hoc
643 4302 791 4385 opinetur
811 4304 843 4364 in
863 4302 945 4365 libro
959 4303 998 4365 de
1014 4302 1176 4364 Universa.
1235 4306 1362 4368 dinatus
1376 4313 1407 4366 et
1429 4312 1642 4381 consecratus,
1660 4304 1742 4365 sicut
1762 4303 1899 4365 ecclesia
1918 4322 1984 4363 rna-

432 4402 501 4465 Non
517 4412 621 4464 umen
638 4410 712 4465 tunc
728 4401 788 4464 erit
803 4409 927 4482 tempus
947 4421 984 4462 ex
1004 4409 1092 4463 motu
1107 4399 1179 4462 omli
1237 4403 1356 4466 terialis
1377 4402 1496 4464 dicitur
1517 4410 1636 4477 sancta,
1654 4400 1728 4482 quia
1749 4399 1859 4463 divino
1881 4400 1982 4462 cultui

292 4520 417 4575 spana.
433 4510 566 4581 tantum,
588 4521 686 4582 quum
710 4502 742 4563 in
763 4500 953 4583 Apocalypsi
978 4499 1110 4580 angelus
1130 4498 1180 4577 ju-
1235 4502 1380 4564 dedicata
1407 4524 1413 4561 :
1441 4501 1525 4561 unde
1553 4500 1692 4561 secundo
1721 4499 1980 4575 blachahaeorum‚

433 4620 518 4662 rasse
533 4600 656 4681 legatur
674 4600 756 4681 quod
777 4606 903 4679 tempus
922 4598 1004 4659 ultra
1023 4616 1087 4659 non
1107 4596 1176 4657 erit.
1236 4600 1320 4680 ignis
1347 4598 1456 4680 templi
1487 4605 1614 4659 sanctus
1642 4605 1782 4659 vocatur.
1810 4599 1875 4665 Qui
1899 4596 1982 4677 ignis

434 4698 554 4779 Signat,
567 4697 707 4779 inquam,
718 4696 879 4779 «mystico
894 4693 1093 4776 septemplici
1108 4716 1136 4770 u,
1147 4693 1178 4753 id
1234 4701 1303 4775 fida
1319 4698 1443 4759 Christi
1453 4705 1596 4772 pectora,
1613 4695 1643 4756 id
1659 4703 1706 4757 θεῖ
1720 4693 1830 4757 fidelia
1843 4694 1984 4775 discipu·
1998 4702 2048 4737 ¹¹¹¹·
2071 4720 2076 4730 ·

434 4804 483 4859 est
497 4816 630 4860 numero
650 4795 828 4877 septenario
849 4794 931 4856 istud
951 4793 1083 4874 mystice
1098 4791 1180 4854 desi·
1236 4796 1338 4858 lorum
1353 4795 1536 4874 cordaque
1551 4800 1640 4855 erant
1655 4815 1671 4851 «
1688 4801 1815 4873 pectora
1829 4792 1981 4870 Christi»,

433 4904 562 4978 guanto.
572 4896 629 4957 Per
644 4894 856 4975 septenarium
872 4911 1009 4973 namque
1025 4891 1181 4953 universi·
1236 4894 1267 4955 id
1283 4894 1384 4955 estad
1401 4893 1505 4974 ipsum
1525 4910 1582 4973 per
1602 4890 1802 4970 electionem,
1819 4890 1983 4952 caritatem

300 5008 361 5051 naa
375 5012 418 5059 nt-
433 5002 480 5057 tas
503 4994 697 5075 designatur,
708 4999 742 5053 ut
757 4991 790 5052 in
805 4990 1041 5072 Apocalypsi:h
1058 4998 1180 5072 septem
1235 4991 1431 5073 gratiamque
1457 4988 1641 5071 spectantia,
1663 4992 1769 5047 calore
1792 4990 1882 5047 uerbi
1901 5009 1984 5049 com·

436 5092 601 5174 spiritibus
631 5090 685 5173 qui
722 5092 755 5151 in
782 5097 954 5171 conspectu
979 5089 1085 5152 throni
1110 5089 1180 5168 ejus
1234 5092 1351 5166 placit,
1364 5088 1395 5151 id
1411 5095 1469 5165 est,
1479 5086 1600 5150 ardenti
1615 5084 1734 5147 affectu
1749 5083 1850 5147 divini
1866 5086 1984 5148 amoris

289 5206 378 5257 rosan,
389 5209 420 5249 u.
436 5198 532 5268 sunt3
549 5197 580 5252 ct
596 5189 627 5250 in
643 5188 740 5251 Tobia
753 5211 760 5249 z
773 5188 838 5269 Ego
853 5207 923 5249 sum
937 5188 1180 5269 Raphael,unus
1238 5206 1275 5248 ac
1297 5208 1314 5245 «
1337 5186 1432 5248 Verbi
1455 5208 1471 5245 »
1493 5184 1602 5247 aeterni
1624 5191 1718 5263 atque
1739 5182 1840 5244 divini
1865 5182 1984 5263 eloquii

437 5308 476 5351 ex
491 5288 680 5369 septemqui
696 5287 856 5349 adstamus
873 5295 945 5349 ante
962 5288 1072 5350 Deum.
1089 5284 1182 5348 Nem·
1237 5284 1438 5347 abundanter
1466 5282 1621 5358 accendit,
1652 5280 1807 5361 implevit,
1838 5279 1985 5361 perfecit,
