4309 6259
456 460 517 525 272
769 476 809 522 nn
830 474 980 521 rasarouc
1002 471 1111 521 nostru
1131 472 1316 520 saevaroars
1338 474 1496 523 olamans.
1519 496 1560 507 -
1581 480 1650 525 aar.
1674 472 1696 526 rt

333 728 336 731 ἦ
453 656 721 729 contentamque
736 647 775 711 ed
786 646 1014 729 praeinductam
1029 644 1245 707 inflamma-A
1302 646 1473 711 Satvaron.
1498 685 1539 696 -
1563 648 1653 714 Nune
1677 670 1752 733 ergo
1776 651 1862 715 vitiis
1890 652 1999 734 passio

453 747 586 825 tionem,
607 745 823 809 dilatationem
844 763 882 807 ac
906 744 1136 827 perfectionem
1162 744 1205 805 le-
1260 762 1399 825 numque
1420 746 1558 828 nebulis,
1575 757 1607 809 et
1624 749 1711 812 omni
1731 749 1945 827 distractione,
1961 760 1999 813 te

455 853 576 922 ventes,
600 853 674 908 sunt
698 852 788 907 actus
811 842 887 908 doni
913 842 1053 905 scientiae
1078 848 1110 903 et
1129 842 1204 904 doni
1260 840 1400 922 piditate,
1414 844 1609 926 negligentia
1624 847 1732 927 proeul
1750 846 1890 929 rejectis,
1903 858 1997 909 mente

455 942 630 1024 sapientiae.
647 940 720 1015 Quae
734 942 819 1004 dona
840 948 1009 1021 antequam
1024 940 1063 1001 ad
1084 946 1204 1001 tantam
1259 940 1298 1001 ad
1315 940 1437 1003 radium
1460 962 1562 1021 versa,
1580 952 1729 1006 contuere
1748 963 1843 1026 quam
1862 945 1997 1009 amabilis

455 1039 685 1122 perlectionem
700 1039 822 1120 erigant
841 1046 993 1116 mentem,
1010 1036 1205 1119 praeexigunt
1259 1045 1290 1099 et
1322 1040 1574 1120 superamabilis,
1605 1061 1700 1123 quam
1728 1042 1948 1106 desiderabilis
1972 1052 1997 1105 et
2115 1041 2116 1099 l

454 1138 630 1220 appetitum
659 1136 849 1199 sensitivum
883 1155 940 1217 per
973 1134 1107 1197 virtutes
1138 1152 1204 1197 mo
1260 1136 1573 1216 snperdcsidcrabilis
1595 1139 1636 1201 sit
1651 1139 1803 1203 Dominus
1818 1140 1901 1202 Deus
1923 1148 1995 1203 tuus.

456 1234 538 1298 rales
574 1234 740 1312 refrenari,
772 1233 948 1311 reformari,
983 1231 1203 1314 superiorique
1300 1233 1467 1298 Saturus.
1493 1272 1534 1281 —
1560 1236 1625 1299 Hoc
1655 1237 1771 1319 ipsum,
1801 1247 1845 1317 tu,
1876 1238 1996 1301 Domine
2115 1226 2116 1257 *

455 1334 538 1417 parti
559 1334 673 1397 animas
696 1332 834 1395 totaliter
855 1331 960 1393 subdi.
1259 1331 1413 1413 Deus,qui
1430 1333 1515 1395 solus
1530 1333 1751 1397 divinitatem*
1767 1344 1798 1398 ct
1812 1345 1873 1398 tuae
1889 1344 1997 1399 natura
2008 1358 2099 1399 auau-

497 1433 665 1496 Sauvaros.
688 1467 729 1478 -
749 1431 793 1494 Ex
813 1430 874 1493 boe
896 1430 943 1509 (ni
965 1429 1072 1508 fallor)
1095 1447 1207 1492 conse-
1260 1430 1617 1512 supergratiosissimam
1652 1433 1881 1496 amabilitatem
1915 1422 2055 1516 ptcncll'

455 1532 575 1613 quitur,
599 1531 684 1613 quod
713 1531 752 1592 ad
781 1528 1068 1591 inflammationem
1095 1535 1205 1609 praeta-
1259 1536 1290 1590 et
1314 1528 1455 1610 perfecte
1483 1538 1514 1592 et
1539 1531 1802 1611 comprehensive
1828 1517 1996 1614 cognoscis,

455 1638 538 1693 ctam
553 1648 617 1692 non
639 1627 791 1711 pertingit
810 1628 907 1691 bomo
922 1626 966 1688 ita
985 1626 1130 1688 celeriter
1144 1644 1204 1687 nec
1259 1645 1416 1709 exponere
1430 1628 1509 1690 mihi
1523 1628 1676 1711 dignene,
1692 1638 1787 1712 prout
1806 1630 1890 1694 nosti
1911 1631 1998 1693 imbe-

454 1728 498 1791 ita
512 1727 650 1791 faciliter
664 1734 700 1789 ut
713 1727 810 1789 verba
825 1724 999 1807 prehabito
1013 1724 1205 1785 videbantur
1260 1724 1384 1787 cillitati
1410 1746 1488 1790 mea
1510 1727 1707 1810 capacitatis,
1729 1747 1825 1810 quam
1848 1748 1907 1811 per
1925 1731 1998 1791 dona

453 1826 650 1909 praetendere
672 1848 679 1886 :
702 1824 858 1905 siquidem
883 1822 1067 1885 inferiorem
1092 1821 1241 1890 animaeB
1260 1824 1396 1904 gratuita
1414 1824 1646 1907 benignissime
1665 1828 1806 1906 robores,
1822 1828 1996 1891 convenire.

454 1933 577 2007 partem
607 1925 654 1987 sic
679 1923 841 1987 refrenare
867 1929 1005 1985 nonest
1033 1938 1114 2002 opus
1139 1918 1202 1981 diei

453 2022 550 2085 unius
573 2040 632 2085 nec
654 2020 806 2103 temporis
828 2018 945 2082 brevis.

494 2120 666 2183 Sacraron.
692 2154 734 2165 -
754 2118 839 2180 Bene
864 2116 908 2178 ita
931 2115 1075 2194 elicercs,
1103 2114 1129 2176 si
1154 2134 1206 2177 su·
1475 2089 1721 2155 ARTICULUS
1744 2091 1788 2154 II·

454 2218 671 2302 pernaturalia
686 2216 843 2298 adjutoria
865 2234 928 2279 non
950 2215 1108 2293 adessent,
1125 2222 1156 2276 ct
1177 2214 1203 2275 si
1258 2237 1449 2297 [ammuh-0
1471 2237 1572 2314 huju,
1593 2239 1753 2309 malem,
1773 2247 1804 2299 εἰ
1822 2242 1863 2299 de
1887 2241 1999 2298 amabi.

454 2337 525 2401 quae
548 2317 588 2379 dc
612 2315 784 2378 virtutibus
812 2314 877 2376 dixi
901 2312 1087 2390 moralibus,
1113 2311 1205 2374 intel·
1299 2326 1393 2383 lirare
1413 2326 1569 2385 immensa
1588 2329 1921 2404 superpupcperrfmoe
1934 2329 2000 2389 pes.
2116 2348 2117 2391 p

454 2415 583 2497 ligenda
598 2414 784 2477 exsisterent
805 2412 844 2474 de
860 2410 937 2492 ipsis
953 2409 1123 2472 virtutibus
1139 2427 1205 2472 mo-
1302 2415 1392 2475 tatis.
2116 2392 2117 2439 ³

454 2513 574 2577 ralibus
597 2510 775 2593 acquisitis,
801 2518 833 2573 et
856 2528 921 2573 non
944 2508 1044 2590 magis
1074 2506 1202 2570 inlusis.

453 2611 543 2675 Nunc
575 2618 682 2674 auwm
714 2626 915 2691 quacumque
949 2607 1028 2670 bora
1060 2625 1098 2667 ex
1129 2624 1204 2667 vcra
1299 2608 1470 2673 Satvaron.
1500 2644 1541 2655 —
1568 2609 1777 2674 Connaturale
1804 2620 1852 2675 est
1885 2612 1943 2675 tibi
1968 2630 2001 2675 ex

453 2710 644 2774 contritione
662 2716 716 2771 aut
736 2714 820 2771 certe
840 2705 998 2769 attritione
1019 2704 1080 2767 sibi
1102 2703 1205 2786 possi·
1259 2706 1412 2769 creaturis
1433 2707 1472 2771 ad
1495 2707 1711 2789 cognitionem
1725 2709 1881 2773 Creatoris
1899 2729 2001 2773 escen

452 2809 522 2888 bili,
533 2806 713 2891 ingemiscit
726 2813 876 2888 peccator
889 2823 963 2867 eum
978 2803 1074 2885 pleno
1090 2819 1205 2885 propo·
1258 2806 1353 2881 dere3
1388 2813 1607 2867 verumtamen
1643 2825 1700 2888 per
1735 2808 2001 2890 supernaturalem

452 2907 514 2970 sito
538 2906 674 2987 amplius
696 2922 761 2967 non
783 2902 948 2985 peccandi,
969 2920 1042 2965 mox
1066 2902 1205 2981 desuper
1258 2902 1525 2965 illuminationem
1541 2904 1708 2986 anagogici
1729 2905 1859 2967 luminis
1879 2906 1919 2970 ad
1934 2925 2002 2969 con-

453 3005 482 3069 ci
507 3005 721 3067 inlunduntur
745 3001 872 3079 caritas,
898 3000 982 3062 dona
1007 3018 1044 3062 ae
1069 2998 1239 3061 virtutesC
1259 2999 1497 3080 templationem
1513 3000 1644 3065 Deitatis
1659 3002 1760 3066 multo
1775 3003 2001 3085 praeclariorem

452 3102 600 3165 morales.
629 3101 669 3163 Et
695 3118 759 3181 quo
793 3098 861 3161 istis
893 3098 1007 3160 infusis
1040 3097 1202 3160 habitibus
1258 3098 1422 3179 magisque
1438 3097 1859 3182 inflammatioremrepente
1875 3101 2002 3183 erigitur

451 3219 525 3263 mox
539 3199 611 3281 quis
633 3198 749 3260 melius
770 3216 807 3260 ac
829 3196 988 3259 robustius
1009 3195 1108 3258 luerit
1126 3214 1202 3257 usus
1257 3215 1348 3259 mens
1363 3195 1512 3259 bumana.
1529 3196 1636 3276 Porro,
1653 3206 1688 3260 ut
1702 3217 1765 3263 non
1781 3207 1811 3262 tc
1832 3199 2001 3277 dumtaxat,

453 3317 526 3361 cum
541 3296 695 3374 omtione,
713 3295 927 3379 applicatione
943 3302 975 3356 et
993 3301 1109 3356 conatu
1124 3312 1203 3375 prae
1258 3295 1312 3357 scd
1338 3294 1418 3358 alios
1442 3312 1568 3376 quoque
1591 3296 1643 3358 bic
1669 3298 1812 3376 doceam,
1836 3299 1942 3379 primo
1968 3316 2002 3359 cx

451 3395 557 3474 dictis,
583 3414 622 3459 eo
647 3393 786 3457 velocius
812 3391 1012 3455 suffocantur
1036 3400 1068 3453 ct
1092 3390 1202 3453 exstlr-
1258 3390 1410 3454 creaturis
1432 3401 1462 3455 te
1483 3394 1696 3457 manuducam
1716 3402 1810 3477 atque
1833 3396 1873 3458 ad
1900 3416 2004 3479 super-

452 3502 568 3576 pantur
587 3494 620 3556 in
641 3511 680 3556 eo
702 3491 865 3574 passiones
884 3499 916 3552 et
934 3489 1011 3551 vitia
1029 3508 1103 3552 cum
1125 3507 1202 3570 quo
1258 3507 1371 3552 norum
1387 3489 1532 3553 notitiam
1548 3493 1771 3573 superducam,
1779 3502 1814 3556 ut
1827 3493 1923 3576 plane
1937 3512 2004 3557 con·
2117 3526 2118 3585 ,

451 3593 581 3657 tidianis
616 3589 818 3672 negligentiis
853 3596 886 3650 et
919 3587 1069 3669 peccatis,
1100 3587 1201 3667 litque
1258 3587 1375 3669 spicias
1402 3605 1498 3668 quam
1528 3590 1771 3671 superamabilis
1798 3590 1838 3653 sit
1863 3610 2003 3675 superse-

451 3692 595 3775 protinus
624 3688 766 3753 fervidus
794 3706 832 3750 ac
861 3686 1000 3764 divinus,
1026 3684 1201 3768 spiritualis
1258 3685 1445 3747 reuissimus
1467 3686 1560 3749 Deus.

451 3797 483 3852 et
503 3789 687 3866 illustratus,
704 3786 769 3849 imo
791 3793 823 3847 et
844 3785 878 3846 in
900 3784 998 3846 Deum
1020 3783 1198 3865 absorptus.
1296 3782 1377 3845 Ecce
1401 3783 1623 3866 perimmensa
1646 3786 1857 3849 amabilitatcs
1880 3806 1951 3869 qum
1972 3786 2001 3847 ln

450 3886 561 3950 Nonne
584 3887 623 3948 de
644 3884 789 3966 pluribus
811 3882 871 3945 boc
893 3881 1022 3962 legistil
1256 3888 1322 3944 toto
1345 3881 1464 3943 mundo
1493 3881 1683 3961 consistunt,
1709 3902 1820 3947 omnes
1848 3885 2001 3949 bonitates

492 3985 660 4046 Sacvaros.
677 4017 718 4027 -
731 3981 817 4062 Legi,
834 3998 853 4043 o
868 3979 1010 4043 Domine.
1027 3979 1071 4040 lle
1084 3978 1201 4059 quibus
1257 3987 1288 4041 ct
1315 3978 1486 4041 suavitates
1514 3996 1584 4059 quae
1613 3979 1646 4040 in
1675 3980 1770 4043 rebus
1798 3981 2003 4045 inveniuntur

450 4082 555 4164 dignae
578 4088 708 4143 narrant
730 4076 881 4156 historiae,
903 4078 988 4158 quod
1013 4076 1046 4137 in
1071 4094 1202 4139 conver·
1257 4076 1383 4155 creatlS,
1404 4094 1469 4139 non
1492 4085 1566 4138 sunt
1590 4077 1653 4139 nisi
1678 4078 1773 4140 rivuli
1798 4079 1929 4160 quidam
1953 4080 2003 4141 bo

451 4180 549 4244 sionis
564 4198 628 4241 suaa
649 4175 808 4259 principio
830 4182 976 4256 poterant
994 4174 1078 4237 inter
1099 4174 1203 4256 perfe-
1217 4180 1241 4241 D
1256 4175 1363 4237 nitatis
1391 4193 1428 4237 aa
1461 4175 1665 4238 amabilitatis
1699 4184 1793 4257 atque
1826 4177 2003 4241 dulcedinis

452 4288 519 4343 ctos
547 4274 781 4340 connumerari.
810 4272 889 4347 Quid
916 4272 1021 4335 dicam
1050 4272 1091 4333 de
1125 4271 1201 4334 viris
1257 4272 1416 4351 increatae,
1438 4272 1469 4334 id
1494 4281 1543 4335 est
1566 4273 1683 4336 divinae
1707 4275 1852 4338 essentias
1877 4294 1935 4339 seu
1956 4274 2003 4336 lli-

452 4376 570 4441 sanctis
591 4373 739 4451 Antonio,
754 4370 928 4450 Hilarione‚
943 4370 1089 4449 biccario,
1106 4370 1201 4434 Paco-
1256 4369 1399 4433 vinitatis
1433 4378 1569 4433 aeternae.
1599 4370 1752 4452 Denique,
1787 4372 1814 4434 si
1849 4372 2003 4435 universa

451 4476 528 4554 mio,
557 4472 711 4550 Servatio,
736 4470 880 4548 llartino,
904 4469 1075 4547 bernardo,
1105 4468 1202 4530 Fran·
1257 4468 1319 4531 illan
1343 4468 1510 4546 bonitates,
1536 4467 1746 4532 amabilitatcs
1771 4488 1808 4532 ac
1834 4470 2003 4533 suavitates

452 4574 554 4637 ciscol
565 4580 632 4633 tum
648 4578 680 4633 et
693 4571 732 4635 de
747 4566 938 4632 beatissimis
948 4567 997 4647 (ut
1011 4565 1057 4629 sic
1073 4565 1198 4647 loquar)
1257 4574 1380 4645 creata,
1398 4574 1533 4629 causata
1555 4574 1587 4628 et
1608 4568 1815 4649 participatae,
1837 4568 1934 4632 simul
1956 4588 2004 4631 su-

450 4670 683 4751 meretricibus,
713 4687 783 4750 quat
812 4685 877 4729 non
906 4665 980 4727 inde
1008 4666 1199 4728 beatissimae
1256 4672 1394 4741 mantur,
1420 4664 1525 4726 adbuc
1553 4664 1683 4743 distant,
1708 4664 1865 4729 deliciunt
1894 4675 1928 4731 et
1954 4685 2003 4730 oc-

450 4771 535 4835 unde
560 4767 754 4844 meretrices,
778 4764 874 4828 Maria
897 4762 1091 4844 AEgyptiaca,
1114 4762 1200 4825 Pela·
1256 4763 1410 4826 cumbunt
1430 4761 1463 4823 in
1485 4761 1649 4824 infinitum
1671 4782 1690 4825 a
1709 4762 1862 4841 bonitate,
1885 4764 2004 4827 amabi-

450 4870 513 4952 gia,
534 4868 662 4944 Thaide,
682 4864 778 4928 Maria
801 4879 926 4944 quoque
948 4868 1043 4943 nepte
1067 4860 1199 4924 Abrabae
1255 4862 1386 4924 litateet
1399 4859 1926 4944 dulcedineincircumscriptibilis
1939 4863 2001 4925 Dei.

450 4963 733 5040 anachoretae,imo
747 4964 900 5041 (etquam
914 4958 1018 5041 primo
1033 4958 1199 5021 nominare
1255 4959 1318 5022 Nee
1334 4965 1456 5020 tantum
1476 4957 1599 5020 excedit
1618 4965 1718 5021 totum
1742 4978 1829 5022 mare
1843 4959 2003 5024 Oceanum

450 5064 628 5142 debuerim)
642 5060 737 5123 Maria
751 5056 954 5138 biegdalenel
970 5056 1139 5137 dequibus
1154 5063 1200 5117 ta-
1254 5056 1420 5121 minimem
1435 5063 1635 5136 guttam‚nee
1651 5065 1735 5120 totus
1750 5059 1889 5121 mundus
1905 5058 2004 5122 sensi-

449 5166 493 5229 lia
512 5181 586 5227 vere
607 5162 767 5241 leguntur,
782 5161 933 5236 operante
952 5154 984 5215 in
1004 5154 1051 5216 eis
1069 5152 1199 5216 mirabi-
1255 5151 1329 5213 bilis
1344 5151 1590 5215 minutissimam
1605 5172 1812 5231 arenam‚nec
1828 5156 2005 5237 totadigni·

450 5263 571 5328 lissima
585 5257 802 5341 omnipotente
816 5260 870 5314 tua
884 5251 998 5314 virtute
1013 5250 1195 5333 purissime.
1255 5258 1302 5313 tas
1316 5249 1482 5313 Beatorum
1497 5250 1683 5314 vilissimam
1698 5251 1835 5334 glebam,
1847 5261 2003 5336 quantum
