4309 6259
765 517 909 565 11111111
928 516 1163 564 nuncnrsronu
1703 506 1743 569 ta

192 690 306 777 oculos
323 692 454 755 nostros
476 690 573 772 fugit,
593 691 651 753 aut
668 689 758 771 quod
778 688 977 769 typographi
993 689 1028 751 in
1052 706 1119 753 una
1138 688 1283 755 editione
1306 710 1365 774 per
1389 695 1570 759 erratorum
1589 694 1743 760 elenchos

193 797 354 877 corrigere
372 798 560 877 noluerunt,
580 798 615 859 in
638 796 713 860 aliis
730 794 917 858 invenietur
937 796 1120 859 correctum
1140 797 1172 860 et
1190 798 1413 863 emendatum.

262 902 385 966 Verum
415 904 455 967 de
484 904 545 967 hoc
573 904 673 983 satis;
689 902 731 965 ad
753 901 944 964 institutum
971 900 1156 966 redeamus.
1185 903 1297 967 Parati
1324 924 1442 970 sumus
1469 910 1637 988 praeterea,
1669 910 1745 989 post

196 1024 309 1071 omnes
328 1008 468 1088 labores,
483 1025 701 1089 quaecumque
714 1006 837 1070 nostris
855 1005 1043 1087 sumptibus
1058 1010 1189 1072 exstant
1205 1010 1367 1093 impressa
1380 1011 1497 1076 Ordini
1514 1014 1613 1094 (111111
1627 1014 1746 1094 praeter

196 1114 380 1194 expositam
413 1114 587 1195 pecuniam
619 1112 836 1193 resumpturi)
869 1110 1055 1192 divendere,
1083 1114 1185 1178 simul
1212 1133 1288 1180 cum
1322 1117 1416 1181 libris
1450 1119 1558 1182 eidem
1592 1120 1621 1181 si
1656 1118 1746 1199 quod

195 1220 330 1300 putatur
356 1220 464 1283 inesse
491 1220 620 1283 lucrum
645 1219 821 1283 tradentes
842 1219 952 1297 Atque
975 1218 1104 1281 utinam
1128 1220 1164 1281 id
1186 1222 1269 1284 mihi
1293 1222 1471 1305 aliquando
1500 1225 1610 1289 videre
1636 1224 1743 1303 liceat,

195 1325 285 1405 quod
307 1342 518 1407 summopere
541 1326 704 1405 desidero,
725 1326 762 1386 ut
785 1326 875 1387 totus
901 1323 988 1387 Ordo
1013 1341 1073 1404 pro
1102 1325 1256 1407 Dionysii
1282 1329 1490 1412 aliorumque
1513 1331 1664 1394 omnium
1688 1330 1747 1410 qui

195 1432 354 1496 hactenus
382 1432 484 1496 latent
510 1434 616 1495 nostri
641 1431 775 1495 Ordinis
799 1431 935 1493 Petrum
954 1428 1110 1513 [scriptis]
1128 1434 1359 1515 imprimendis
1377 1437 1527 1517 desudet,
1547 1456 1588 1501 ne
1608 1438 1747 1519 posthac

196 1538 299 1601 111111
319 1538 455 1603 11111111
478 1540 511 1603 11
532 1538 617 1602 nihil
643 1537 809 1619 profuturi
826 1536 982 1599 Ecclesiae
1005 1537 1167 1603 dicamur.
1187 1542 1233 1603 At
1250 1559 1375 1623 vereor,
1396 1545 1426 1607 si
1448 1545 1506 1607 tua
1530 1545 1628 1608 etiarn
1650 1544 1747 1608 indn-

195 1645 277 1707 stria
295 1661 332 1707 ac
346 1645 458 1709 lavore
477 1647 518 1709 de
533 1647 595 1708 hoc
614 1644 868 1708 consultandum
888 1642 998 1723 luerit,
1015 1646 1171 1725 permulti
1186 1664 1222 1711 se
1236 1648 1429 1713 subtrahent
1448 1652 1506 1732 qui
1523 1651 1623 1715 modo
1638 1650 1748 1715 verbis

195 1752 307 1814 nescio
330 1768 404 1832 quae
427 1752 564 1832 grandia
586 1752 794 1834 pollicentur.
821 1751 943 1814 Mirum
967 1768 1047 1813 sane
1074 1753 1147 1833 erit,
1168 1755 1198 1817 si
1221 1772 1263 1818 ex
1288 1757 1358 1819 toto
1385 1756 1519 1837 Ordine,
1540 1758 1603 1821 hoc
1626 1760 1677 1822 est
1705 1774 1747 1821 ex

196 1858 433 1923 venerabilium
463 1860 602 1923 Petrum
634 1858 874 1937 benevolentia,
908 1858 1027 1939 viginti
1060 1859 1237 1940 trigintave
1271 1863 1377 1925 millia
1410 1866 1540 1945 possint
1571 1882 1747 1929 aureorum

196 1964 307 2045 colligi
322 1965 427 2045 (tanta
445 1965 609 2045 siquidem
629 1966 843 2047 pecuniarum
864 1964 959 2042 loret,
976 1967 1012 2027 11
1031 1966 1077 2027 ita
1095 1965 1248 2048 dixerim,
1265 1986 1398 2033 summa
1415 1969 1612 2054 necessaria)
1626 1971 1749 2052 quihus

195 2072 349 2153 Dionysii
363 2072 534 2135 volumina
547 2074 791 2155 imprimantur,
803 2072 1071 2152 quandoquidem
1086 2074 1144 2136 vix
1158 2092 1263 2138 unum
1281 2076 1403 2139 librum
1418 2078 1581 2156 nonnulli,
1595 2078 1749 2160 quamvis

195 2182 355 2243 insnum
381 2180 605 2258 commodum,
628 2180 742 2261 paucis
767 2178 871 2241 velint
896 2179 1056 2242 redimere
1081 2182 1240 2245 nummis.
1267 2183 1362 2247 Unde
1388 2186 1495 2248 sentio
1525 2202 1626 2266 quarn
1652 2185 1748 2266 longe

196 2287 292 2349 aliter
313 2290 345 2349 et
367 2288 487 2368 praeter
510 2303 639 2350 morem
663 2286 805 2349 aliorum
824 2286 997 2365 Ordinum,
1019 2286 1097 2349 huic
1118 2291 1232 2351 nostro
1251 2288 1413 2370 Dionysio
1437 2293 1546 2355 asuis
1572 2292 1746 2373 contingit.

197 2393 367 2474 Siquidem
386 2392 461 2455 aliis
480 2394 516 2456 in
534 2392 761 2474 religionibus,
783 2392 813 2453 si
834 2401 920 2473 quos
937 2391 1060 2455 hahent
1077 2392 1227 2475 Sanctus,
1247 2395 1278 2459 si
1298 2397 1475 2477 scriptores
1494 2398 1746 2477 ecclesiasticos,

197 2500 278 2562 adeo
303 2500 365 2563 hos
389 2500 564 2580 extollunt,
595 2500 676 2563 adeo
703 2499 894 2581 pradicant,
919 2501 958 2561 ut
981 2500 1066 2561 nihil
1092 2518 1203 2581 supra.
1226 2501 1353 2566 Deinde
1377 2522 1515 2569 suorum
1539 2506 1587 2567 ita
1616 2505 1747 2587 placitis

197 2606 369 2685 inhaerent,
390 2606 429 2669 ut
446 2608 533 2671 recte
547 2606 673 2669 dictum
692 2608 812 2686 negent
825 2605 988 2687 quidquid
1007 2606 1132 2670 dixeris
1154 2609 1244 2689 quod
1263 2626 1330 2671 non
1349 2610 1391 2673 ab
1409 2611 1477 2674 illis
1496 2628 1629 2693 quoque
1648 2610 1749 2676 fuerit

197 2714 407 2777 affirmatum.
429 2714 590 2777 Videmus
607 2714 755 2795 quotidie
773 2712 940 2793 quomodo
959 2730 1018 2795 pro
1038 2714 1110 2777 suis
1130 2715 1321 2779 doctoribus
1343 2734 1411 2779 nou
1433 2716 1558 2799 absque
1575 2719 1747 2783 stomacho

197 2820 418 2900 digladientur
440 2820 650 2883 Dominicani
671 2839 679 2879 :
700 2819 899 2900 inexpiabile
921 2822 1040 2901 putant
1057 2820 1255 2884 delictuma
1277 2839 1338 2885 suo
1361 2822 1488 2886 Thoma
1507 2824 1593 2906 (1111
1621 2823 1747 2905 alioqui

197 2926 420 3009 sanctissimo)
447 2928 631 2991 dissentire.
655 2927 864 2989 Franciscani
889 2927 1050 3007 quidquid
1078 2926 1197 2991 Scotus
1223 2928 1345 2992 dixerit
1371 2930 1453 2993 adeo
1476 2933 1650 2994 autumant
1675 2948 1748 2994 esse

197 3035 344 3113 acutum,
368 3038 406 3099 ut
434 3035 615 3117 intelhgere
648 3051 745 3099 nemo
772 3034 906 3116 valeat;
930 3035 1093 3116 quidquid
1121 3035 1271 3100 docuerit
1297 3038 1495 3119 Alexander,
1524 3038 1748 3120 irrefragabile

197 3140 323 3204 dicunt.
353 3142 405 3205 Ad
429 3144 614 3205 extremum
645 3159 764 3223 magna
791 3142 877 3204 inter
904 3144 1061 3223 utrosque
1087 3144 1253 3207 contentio
1277 3146 1338 3225 est,
1368 3146 1404 3210 in
1430 3145 1630 3210 Psalterium
1657 3162 1749 3209 com·

198 3248 351 3311 mentarii
376 3250 483 3311 utrius
508 3249 586 3329 sint,
606 3248 758 3330 Hugonis
781 3264 823 3311 an
840 3248 1031 3327 Alexandri,
1050 3250 1189 3330 utraque
1208 3251 1334 3313 familia
1353 3268 1394 3315 ex
1416 3252 1553 3333 optimis
1577 3252 1748 3333 doctisque

198 3354 279 3417 viris
302 3354 442 3435 gloriam
466 3354 530 3418 sibi
556 3356 753 3419 vindicante.
775 3356 906 3419 Nostris
933 3354 1066 3418 interim
1094 3356 1150 3418 vix
1175 3357 1278 3419 studii
1304 3360 1353 3419 est
1380 3360 1522 3437 tantum,
1545 3360 1582 3421 11
1607 3376 1646 3422 ea
1672 3375 1748 3440 quae

198 3462 288 3525 totus
310 3464 399 3525 amat
421 3462 522 3542 orbis,
542 3462 695 3543 Dionysii
719 3478 829 3544 opera,
848 3461 1057 3542 cupientibus
1085 3463 1340 3527 communicent.
1361 3464 1584 3529 Doctissimus
1607 3466 1748 3547 quisque

197 3568 397 3649 Dionysium
416 3570 593 3651 praedicat;
613 3570 700 3651 apud
718 3586 797 3633 suos
815 3570 950 3631 tacetur.
972 3568 1059 3649 Opto
1078 3585 1180 3650 quam
1199 3586 1337 3651 possum
1356 3573 1513 3650 maxime,
1535 3572 1657 3636 lalsrun
1676 3590 1748 3637 esse

198 3677 287 3756 quod
311 3676 397 3738 dico.
420 3676 592 3757 Nusquam
617 3678 651 3739 in
674 3676 779 3757 pretio
804 3678 853 3738 est
879 3674 1000 3737 minori
1024 3676 1217 3756 Dionysius,
1239 3693 1339 3757 quam
1360 3678 1447 3759 apud
1471 3695 1528 3742 eos
1551 3679 1638 3761 apud
1662 3696 1747 3761 quos

198 3782 312 3845 debuit
326 3784 483 3862 maxime,
503 3783 566 3845 hoc
586 3784 636 3847 est
652 3782 741 3864 apud
754 3782 993 3845 cartusienses.
1013 3782 1177 3847 Praetereo
1194 3784 1285 3864 quod
1302 3784 1478 3848 detrahunt
1496 3786 1596 3849 etiam
1610 3787 1746 3868 quidam

198 3890 418 3971 impudenter.
448 3890 537 3953 Inter
564 3890 626 3953 hos
658 3891 769 3971 itaque
796 3888 928 3967 iluctus,
957 3890 1043 3953 inter
1069 3906 1164 3971 spem
1194 3891 1227 3955 et
1257 3892 1384 3955 metum
1412 3892 1623 3973 constitutus,
1648 3893 1747 3957 Pater

198 3998 436 4077 amantissime,
471 4000 562 4060 tuam
588 3998 818 4079 paternitatem
852 3996 997 4057 lacrimis
1034 3998 1197 4079 compello
1229 4014 1353 4079 oroque
1380 3998 1561 4079 humihter,
1584 3999 1745 4082 Dionysio

199 4104 336 4185 eJusque
354 4105 479 4185 gloriae,
497 4106 564 4168 imo
583 4106 616 4167 et
638 4104 784 4167 universi
802 4102 935 4167 Ordinis
959 4103 1069 4167 decori
1089 4106 1236 4184 accedas,
1257 4122 1318 4187 pro
1340 4106 1478 4187 reliquis
1501 4106 1748 4189 1111111111-

198 4211 291 4274 ribus
319 4214 355 4275 in
375 4214 483 4276 lucem
507 4213 653 4292 edendis,
670 4212 790 4292 quibus
816 4211 978 4275 mundum
1003 4211 1085 4274 adeo
1106 4214 1272 4277 ceruimus
1304 4213 1460 4277 oblectari
1487 4214 1707 4297 aedificarique
1737 4234 1745 4276 :

198 4317 297 4399 idque
315 4335 524 4401 quocumque
546 4318 697 4397 consiho,
720 4318 839 4399 quovis
866 4318 977 4399 modo,
997 4335 1207 4401 quocumque
1225 4322 1283 4383 111
1302 4319 1452 4401 'potuerit
1474 4321 1647 4386 sinceritas
1670 4321 1748 4387 sub·

197 4425 293 4488 sidio.
323 4428 393 4507 Age
418 4444 517 4508 nunc,
546 4426 644 4489 Pater
673 4424 888 4503 Venerabilis,
917 4442 1075 4507 promove
1101 4427 1155 4489 cui
1187 4428 1268 4491 olim
1292 4427 1402 4493 favere
1429 4428 1570 4510 cepisti,
1596 4429 1743 4509 consule,

192 4532 283 4613 jube,
304 4534 441 4615 impera.
463 4535 640 4615 Nunquam
659 4533 720 4595 tihi
743 4534 848 4597 deerit
870 4534 904 4595 in
922 4550 975 4596 me
1003 4534 1167 4614 quidquid
1188 4536 1238 4599 est
1258 4536 1384 4618 ingenii
1407 4552 1445 4598 ac
1462 4536 1585 4599 virium
1606 4555 1614 4597 :
1635 4537 1744 4601 totum
1768 4556 1771 4560 ·

194 4641 277 4704 illud
294 4642 484 4724 paternitati
508 4644 586 4721 111,
602 4642 631 4704 11
650 4641 843 4704 adminiculi
862 4642 1033 4723 quidpiam
1051 4659 1094 4705 ex
1115 4660 1168 4706 me
1186 4660 1310 4725 speras,
1329 4644 1365 4706 in
1383 4643 1606 4708 ministerium
1627 4644 1741 4727 oliero,

193 4749 404 4831 gaudensque
423 4750 528 4830 trado,
546 4752 675 4813 tantum
695 4748 800 4813 aberit
822 4752 859 4811 ut
879 4766 932 4813 me
955 4748 1160 4813 subtraham.

260 4856 364 4938 Cujus
381 4858 429 4920 rei
452 4858 490 4918 11
507 4858 735 4920 testimoninm
758 4855 879 4919 habeas
898 4856 1044 4938 jugeque
1061 4857 1139 4921 fidei
1162 4875 1245 4922 meae
1264 4875 1341 4939 erga
1363 4859 1395 4922 te
1417 4862 1682 4942 monumentum,
1699 4879 1741 4927 en

193 4964 280 5029 beati
298 4966 407 5027 Patris
425 4965 575 5045 ejusdem
592 4966 627 5027 in
646 4965 789 5045 hymnos
803 4964 936 5029 Ordinis
955 4966 1221 5029 commentarios.
1241 4965 1314 5029 Hos
1331 4966 1538 5031 suavissimae
1551 4969 1742 5050 paternitati

194 5079 260 5143 111
284 5096 402 5160 meque
429 5084 531 5146 simul
555 5082 681 5145 dedico.
706 5080 786 5142 Esto
810 5080 906 5144 nohis
932 5081 1103 5163 patronus,
1129 5082 1200 5145 esto
1228 5080 1321 5161 pater
1348 5080 1381 5143 et
1407 5082 1511 5167 (quod
1533 5088 1744 5154 vehementer

195 5195 348 5275 optamus
370 5192 679 5273 exspectamusque)
698 5191 879 5272 promotor.
900 5191 985 5254 Ante
1009 5192 1121 5255 omnia
1138 5194 1249 5256 autem
1267 5193 1331 5257 hoc
1352 5194 1558 5276 praecipuum
1581 5198 1632 5260 est
1653 5196 1743 5278 quod

195 5300 314 5381 rogito,
334 5300 371 5363 ut
389 5298 477 5381 apud
496 5298 726 5362 Reverendum
746 5298 878 5361 Patrem
893 5316 935 5363 ne
954 5298 1038 5363 mihi
1056 5316 1138 5363 neve
1154 5298 1202 5381 (11
1220 5300 1255 5363 11
1274 5299 1433 5384 maxime)
1450 5301 1612 5383 Dionysio
1632 5303 1742 5368 favere
