4309 6259
507 484 664 531 arrasum
685 483 784 531 evum
808 490 814 528 :
838 483 896 530 1111
918 480 1061 529 cenrsrus
1083 482 1183 528 asma
1204 482 1403 529 Asmurnam
1690 467 1728 529 ct

38 678 156 725 aaran
183 656 261 737 quia
287 654 397 736 repleti
427 663 501 717 sunt
524 674 634 719 omncs
660 655 777 737 Spiritu
803 655 928 717 Sancta.
946 655 970 715 A
986 654 1140 734 gentium.
1164 652 1252 716 Unde
1273 660 1305 713 et
1324 650 1489 712 Psalmista
1513 650 1727 731 predixerat:

182 753 272 827 Quod
296 752 404 834 utique
427 752 503 815 fecit
525 752 608 835 ignis
630 754 683 816 ille
705 753 851 832 exterior,
868 770 931 815 non
985 752 1019 812 lu
1040 770 1167 813 omnem
1189 757 1304 812 terram
1326 747 1424 811 exivit
1444 766 1541 810 sonus
1562 766 1682 826 eorurn,
1700 757 1731 812 et
1745 772 1874 823 ramas.

184 850 368 912 immediate
393 868 430 911 aa
454 849 585 929 directe,
613 870 671 913 nec
697 849 877 912 efficienter
901 856 932 911 et
987 849 1019 909 in
1035 847 1119 910 fines
1133 847 1219 911 orbis
1233 855 1323 908 terrae
1337 846 1434 907 verba
1448 864 1568 907 eorum.

183 948 417 1030 principaliter,
434 949 489 1009 sed
504 948 702 1030 dispositive,
716 948 931 1025 materialiter,
1027 946 1189 1022 Praeterea,
1207 945 1289 1007 sicut
1310 947 1356 1023 (ut
1378 943 1573 1023 Augustinus
1594 943 1627 1005 in
1650 943 1732 1008 libro

184 1045 436 1107 ministerialiter
463 1053 495 1107 et
519 1046 743 1126 cooperatoria,
771 1044 853 1107 sicut
878 1062 933 1125 per
987 1045 1026 1105 de
1041 1044 1174 1106 Civitate
1190 1043 1243 1105 flei
1266 1042 1395 1119 fatetur)
1410 1039 1576 1103 ineffabile
1597 1050 1655 1118 est,
1672 1062 1732 1105 nec

184 1143 342 1205 exteriora
365 1144 403 1203 ad
430 1142 580 1205 interiora
604 1144 763 1224 juvamur,
790 1151 825 1203 ut
849 1148 932 1223 patet
989 1140 1215 1223 comprehendi
1245 1160 1263 1201 a
1291 1137 1384 1201 nobis
1412 1139 1505 1215 valet,
1535 1138 1672 1219 qualiter
1699 1141 1733 1201 in

183 1242 226 1303 dc
246 1240 462 1303 sacramentis.
480 1240 620 1321 benique
641 1240 724 1321 ignis
745 1240 797 1302 ille
816 1238 934 1300 exstitit
989 1239 1225 1301 constructione
1260 1234 1458 1317 Babyloniae
1492 1236 1588 1297 turris
1622 1236 1733 1300 divise

183 1362 202 1397 n
226 1338 328 1399 almus
351 1338 391 1399 de
416 1336 537 1399 lumine
556 1337 655 1399 Patris
675 1360 704 1417 n,
725 1337 800 1417 quia
824 1336 863 1398 ab
889 1336 934 1395 iu·
989 1345 1062 1399 sunt
1084 1337 1211 1417 linguae,
1232 1342 1325 1415 atque
1351 1333 1519 1395 confusum
1545 1342 1593 1395 est
1613 1333 1732 1396 labium

184 1445 293 1499 creato
325 1434 446 1497 lurnine
474 1434 528 1497 Dei
565 1435 664 1498 Patris
699 1454 787 1497 suam
824 1433 935 1495 babuit
990 1434 1145 1497 universae
1170 1432 1296 1509 carnis3
1323 1430 1366 1492 ita
1391 1430 1556 1493 indicibile
1583 1441 1631 1493 est
1658 1451 1734 1512 qua-

40 1563 66 1591 16
98 1562 125 1601 ,1,
144 1552 167 1592 τ.
184 1534 362 1597 claritatem
377 1542 408 1595 et
423 1532 721 1597 sanctificationem.
733 1532 832 1595 Omne
847 1532 933 1593 enim
991 1532 1072 1610 liter,
1089 1549 1153 1594 uno
1174 1529 1365 1612 prae-dicante
1387 1529 1546 1610 Apostolo,
1564 1531 1734 1611 uuusquis-

183 1634 307 1695 donum
326 1631 492 1693 desursum
514 1640 572 1709 est,
588 1631 784 1694 descendeus
807 1650 825 1692 a
845 1630 933 1692 Patre
988 1650 1049 1711 quc
1084 1628 1281 1691 audientium
1314 1626 1512 1689 diversorum
1547 1627 1733 1691 idiomatum

183 1730 357 1793 luminum.
379 1728 524 1791 8661111116
546 1730 616 1791 sic:
634 1753 650 1788 «
674 1730 716 1791 [le
739 1728 836 1790 Patris
857 1746 933 1808 ergo
988 1728 1148 1810 propriam
1170 1725 1292 1789 audivit
1306 1724 1475 1806 loquelam,
1492 1724 1581 1806 juxta
1602 1726 1680 1789 illud
1700 1727 1734 1789 in

184 1826 309 1889 lumine
330 1827 464 1889 decorus
486 1826 570 1908 ignis
592 1828 695 1889 almus
717 1834 764 1889 est
781 1848 808 1903 a,
827 1826 930 1905 idest,
951 1826 1119 1889 Bdctibus
1155 1850 1161 1886 ι
1197 1823 1382 1906 Stupebant,
1412 1823 1554 1886 dicentes
1585 1848 1592 1887 :
1623 1824 1734 1891 Nonne
1748 1849 1880 1901 naara.

184 1924 322 2006 Spiritus
350 1926 491 2001 Sanctus,
522 1925 576 2006 qui
606 1924 820 2006 metaphorice
850 1922 933 2005 ignis
989 1943 1100 1987 omnes
1129 1922 1180 1985 isti
1206 1923 1260 2004 qui
1290 1922 1463 2003 loquuntur
1489 1922 1609 1985 Galilaei
1638 1929 1734 1987 sunt'l

184 2022 364 2105 appellatur
379 2030 410 2085 et
424 2021 673 2085 substantialiter
687 2029 735 2085 est
749 2022 883 2085 decorus
897 2040 934 2083 ac
989 2022 1026 2085 Et
1050 2022 1208 2103 quomodo
1233 2039 1291 2084 nos
1316 2020 1496 2082 audivimus
1519 2023 1736 2105 unusquisque

185 2120 530 2203 superpulcherrimus,
551 2128 598 2182 cst
619 2121 658 2183 de
681 2120 801 2183 lumine
823 2118 933 2197 Petris,
991 2121 1133 2201 linguam
1149 2127 1289 2182 nostram
1305 2118 1338 2179 in
1353 2136 1416 2200 qua
1429 2119 1495 2180 nati
1511 2138 1621 2182 sumus
1632 2124 1644 2180 ’1

186 2219 317 2300 quiade
332 2218 590 2300 splendidissimo
605 2218 693 2281 Patre
709 2218 937 2300 spiratur,pro-
1031 2222 1086 2281 aa
1103 2220 1194 2279 omni
1209 2227 1305 2295 perite
1328 2219 1457 2293 copitar
1480 2222 1623 2290 Graecas,
1647 2223 1737 2281 Lati·
1803 2248 1822 2304 g

188 2317 285 2395 cedit,
301 2316 465 2379 descendit
484 2324 516 2378 et
530 2316 627 2395 venit,
644 2324 678 2377 ut
693 2316 725 2377 in
740 2316 937 2397 expositione
992 2337 1065 2387 nas,
1082 2318 1265 2385 Barbarae,
1282 2314 1313 2376 id
1332 2323 1391 2391 est,
1407 2314 1518 2395 Greci,
1533 2316 1647 2396 Latini,
1664 2318 1738 2381 Bar-

25 2442 174 2497 ,ecgssg
189 2414 356 2499 prehabiti
377 2414 477 2496 patuit
502 2414 633 2496 hymni;
655 2414 745 2496 aqui
766 2414 937 2495 »Spiritus
993 2417 1059 2479 bari
1085 2435 1124 2479 ex
1148 2415 1272 2479 cunctis
1293 2414 1441 2496 gentibus
1463 2415 1556 2478 simul
1581 2417 1684 2498 juncti
1706 2427 1737 2481 et

189 2514 325 2575 Sanctus
351 2510 494 2591 implevit
518 2510 748 2593 discipulorum
770 2533 787 2570 a
810 2518 935 2593 pectora
992 2514 1174 2596 congregati
1191 2514 1224 2575 in
1239 2513 1412 2575 Jerusalem
1434 2512 1574 2577 fuerunt.
1592 2516 1643 2579 Sic
1658 2517 1736 2579 etin

189 2610 285 2673 l'erbi
307 2610 412 2672 calore
435 2631 463 2688 a,
485 2608 516 2670 id
539 2617 586 2671 est
606 2608 720 2671 Christi
743 2608 865 2685 ardore,
882 2607 936 2689 qui
992 2613 1070 2677 isaia
1093 2613 1277 2676 inducitur:
1294 2612 1341 2673 lni
1363 2613 1545 2693 consilium,
1562 2633 1640 2696 coge
1661 2634 1737 2679 con·
1765 2650 1796 2693 1„
1806 2662 1849 2699 „„
1863 2651 1883 2693 ῃ,

27 2730 171 2777 maenaa.
188 2708 294 2771 fassus
309 2716 357 2770 est
374 2730 381 2767 :
397 2706 506 2787 lgncm
522 2707 595 2769 veni
612 2707 736 2770 mittere
757 2707 789 2767 in
809 2714 935 2769 terram.
993 2713 1115 2775 cilium.
1133 2712 1187 2773 Vel
1204 2712 1309 2775 omnis
1324 2711 1396 2773 talis
1411 2734 1428 2770 a
1445 2713 1570 2794 cogitur
1584 2736 1612 2792 n,
1630 2713 1735 2791 idest,

189 2808 316 2871 Etenim
343 2806 479 2887 Spiritus
503 2806 636 2868 Sanctus
665 2806 846 2868 immediate
874 2805 938 2887 agit
993 2810 1195 2893 compellitur
1220 2810 1289 2891 ipsa
1312 2808 1472 2872 evidentia
1493 2809 1568 2873 facti
1590 2812 1739 2895 obstupe-

189 2927 228 2971 ac
246 2904 401 2988 imprimit
415 2905 448 2965 in
464 2904 616 2967 affectum
632 2904 909 2968 seuvoluntatem.
993 2928 1081 2971 scere
1109 2907 1142 2969 in
1171 2907 1267 2969 tantis
1295 2907 1494 2971 mirabilibus
1522 2908 1588 2971 1161.
1615 2909 1736 2988 0111111ε,

231 3008 371 3081 Impleta
394 3006 541 3081 pandent
573 3006 709 3073 viscera,
740 3002 770 3065 ld
800 3012 860 3081 cst,
891 3002 1134 3088 in-Ginquam,
1152 3006 1247 3069 idest
1267 3006 1396 3087 quidam
1418 3006 1630 3089 exomnibuS,
1647 3008 1738 3071 utsii

190 3104 308 3167 teriora
336 3102 515 3165 animarum
543 3101 775 3183 discipulorum
811 3101 939 3183 spiritu·
992 3104 1174 3167 distributio
1189 3123 1247 3187 pro
1261 3104 1433 3185 generibus
1447 3103 1657 3185 singulorum,
1674 3125 1738 3170 non

190 3204 295 3280 aliter,
327 3202 391 3263 imo
419 3208 450 3263 et
478 3200 687 3263 indicibiliter
715 3208 787 3263 sunt
815 3200 935 3281 gavisa,
993 3222 1050 3285 pro
1065 3202 1200 3284 singulis
1214 3201 1473 3284 generum.Unde
1489 3202 1523 3264 iu
1537 3203 1668 3267 Actibus
1682 3205 1741 3267 fer·

191 3308 341 3382 suscepto
367 3298 485 3381 Spiritu
511 3300 624 3362 Sancto
652 3322 659 3359 :
687 3298 758 3361 ideo
783 3298 936 3379 sequitur,
994 3310 1045 3363 tur
1061 3324 1067 3362 :
1085 3301 1181 3363 Erant
1196 3301 1229 3362 in
1244 3300 1417 3363 Jerusalem
1432 3300 1611 3363 habitantes
1629 3304 1738 3381 iudei,
1769 3345 1850 3395 m,
1866 3346 1887 3386 5,

189 3403 310 3477 afflata
339 3402 459 3460 Sancto
486 3399 633 3473 Spiritu,
662 3396 693 3457 id
722 3404 769 3459 cst
797 3395 937 3478 perfusa,
994 3399 1055 3462 viri
1071 3398 1210 3481 religiosi
1226 3419 1265 3461 61
1279 3398 1366 3461 oanni
1381 3399 1510 3461 natione
1525 3419 1594 3481 quac
1609 3401 1668 3464 sub
1683 3420 1743 3465 coeae

193 3496 360 3578 inspirata,
370 3502 508 3556 recreata
521 3493 680 3556 Paracleto
695 3502 727 3555 et
742 3493 939 3555 suavissimis
994 3498 1025 3560 lo
1039 3505 1097 3559 est.
1107 3497 1187 3559 ilinc
1202 3496 1347 3559 additur:
1361 3499 1558 3577 Canctisqae
1572 3501 1744 3559 adnziraa-

189 3589 938 3675 donlS,illuminationlhuS,inflammationibuS,
996 3598 1093 3666 tibus,
1115 3599 1240 3673 tinguis
1267 3599 1450 3674 loquantur
1475 3598 1634 3666 omnihus,
1660 3597 1743 3660 sicut

191 3690 462 3755 consolationibus
484 3688 619 3772 Spiritus
640 3688 758 3753 Sancti.
787 3693 874 3751 Vaces
889 3692 941 3751 di·
996 3693 1173 3775 expositum
1191 3700 1249 3754 est.
1268 3692 1490 3754 Verumtamen
1505 3692 1634 3773 quidam
1654 3695 1744 3757 audi-

191 3810 302 3851 versas
318 3791 483 3857 intonant,
499 3786 530 3848 id
553 3795 611 3865 cst,
628 3788 730 3849 varias
753 3787 942 3850 resonabant
996 3792 1118 3854 entium
1134 3790 1310 3866 irriserunt,
1327 3790 1366 3850 de
1380 3790 1496 3869 quibus
1510 3808 1584 3853 mox
1598 3792 1741 3856 additur:

191 3909 229 3951 aa
255 3886 459 3970 proferebant
483 3885 625 3966 loquelas
650 3909 656 3947 :
685 3886 755 3949 idco
785 3886 939 3966 sequitur,
1035 3892 1163 3957 larino,
1190 3887 1221 3949 id
1247 3896 1296 3949 est
1319 3886 1410 3969 plebs
1435 3888 1612 3951 ludaeorum
1638 3889 1671 3951 in
1696 3891 1745 3953 16-
1812 3915 1829 3969 7

191 3992 326 4051 ditatur
349 3986 412 4048 Dei
439 3987 618 4061 mapaaiia,
641 3984 671 4045 id
700 3992 758 4064 ast,
784 3984 942 4048 mirabilia
997 3985 1146 4065 rusalem,
1168 3996 1247 4046 tuac
1266 3984 1422 4047 exsistens
1443 3987 1627 4058 incredula,
1643 3988 1675 4050 id
1697 3996 1746 4051 est

193 4094 289 4169 atque
313 4082 487 4165 magnilica
512 4100 608 4163 opera
633 4082 798 4159 Crantoris,
822 4082 943 4147 incom-
997 4084 1140 4147 infidelis
1164 4091 1196 4146 et
1216 4083 1402 4146 discredens
1427 4091 1473 4146 tot
1493 4084 1606 4165 signis,
1627 4107 1744 4149 cesana

194 4180 425 4267 prehensibilia
440 4180 588 4262 mysteria
603 4180 784 4258 Salvatoris,
802 4182 942 4247 testimo·
956 4186 982 4249 ll
998 4194 1089 4245 toruo
1110 4185 1245 4260 spirita,
1267 4182 1298 4243 id
1320 4191 1368 4244 est
1394 4182 1553 4245 insensata
1579 4192 1610 4245 et
1635 4203 1745 4249 amens

195 4283 250 4344 nia
272 4280 352 4361 legis
374 4288 405 4341 et
423 4278 659 4360 Prophetarum,
676 4277 812 4341 effectus
833 4282 941 4362 gratiae
999 4282 1113 4363 spiritu
1128 4299 1185 4343 suo
1206 4300 1356 4363 perverso
1370 4290 1402 4343 et
1421 4281 1672 4364 indignabundo,
1689 4303 1746 4346 seu

40 4409 179 4453 manre
196 4401 234 4444 ac
248 4378 358 4461 gloriae
372 4377 597 4460 predicabant,
606 4386 640 4439 ut
655 4378 687 4438 in
699 4378 829 4441 Actibus
844 4388 939 4461 patet.
999 4380 1113 4463 spiritu
1127 4379 1297 4458 diabolico,
1314 4397 1377 4460 quo
1396 4379 1575 4442 tentabatur
1589 4389 1621 4442 et
1639 4382 1746 4445 vince-

27 4476 67 4515 ⁴⁰·
195 4481 298 4555 Quum
314 4477 401 4539 enim
417 4474 658 4539 sermocinaturi
672 4486 778 4539 essent
795 4477 942 4558 gentibus
999 4479 1102 4558 batur,
1126 4487 1258 4538 ructare
1282 4479 1382 4536 inusti
1403 4482 1574 4554 crapulam
1597 4484 1747 4543 mamaea

197 4576 368 4655 universis,
394 4582 425 4638 et
453 4574 697 4656 evangelizaturi
725 4576 942 4657 evangelicam
1000 4577 1126 4639 Christi
1138 4584 1321 4650 concrepat,
1337 4574 1369 4636 id
1384 4582 1442 4652 est,
1459 4576 1608 4639 clamavit
1622 4585 1654 4639 ct
1667 4578 1746 4641 dixit

195 4677 313 4757 legem,
330 4675 368 4737 ad
385 4691 479 4755 quam
501 4692 612 4737 omnes
634 4682 744 4754 gentes
765 4682 855 4737 erant
869 4694 944 4739 con·
1002 4700 1018 4735 a
1040 4675 1187 4736 alumnos
1210 4672 1323 4735 Christi
1348 4696 1375 4751 u,
1400 4674 1432 4735 id
1457 4682 1505 4736 est
1527 4674 1702 4758 discipulos
1726 4697 1746 4741 a

45 4774 356 4853 12.u,a‚s.vertendae
385 4772 485 4853 (juxta
514 4772 592 4834 illud
616 4772 702 4835 isaie
730 4796 736 4833 :
764 4773 825 4835 lex
850 4793 943 4837 anre
999 4774 1123 4837 Christo
1151 4772 1286 4835 nutritos
1321 4771 1538 4854 spiritualibus
1571 4775 1744 4854 alimentis,

197 4874 292 4951 exiet,
319 4878 351 4933 et
374 4870 533 4951 judicium
563 4889 668 4933 meum
694 4870 728 4931 in
757 4872 861 4934 lucem
889 4892 945 4953 pe
1001 4892 1082 4955 pane
1104 4872 1176 4933 vitre
1190 4879 1221 4933 et
1236 4870 1415 4934 intellectus
1436 4892 1472 4936 ac
1487 4892 1568 4954 aqua
1584 4876 1746 4958 sapientie
1760 4901 1894 4956 amm,

196 4973 347 5056 pulcrum
370 4968 557 5049 requiescet,
581 4988 631 5031 me
653 4969 764 5033 insulae
785 4982 947 5053 exspecta·
1002 4970 1148 5035 salutaris
1159 4978 1191 5032 et
1201 4972 1575 5051 sacramentis,aructare
1586 4975 1746 5056 crapulam

197 5072 279 5133 bunt
293 5092 301 5147 3
317 5076 349 5131 et
364 5088 472 5129 rursus
493 5068 532 5131 de
547 5068 669 5131 Christo
691 5068 880 5133 vaticinatus
898 5079 946 5133 est
1002 5070 1099 5133 musti
1109 5092 1137 5147 a,
1145 5069 1177 5131 id
1193 5077 1241 5131 est
1252 5068 1435 5132 ebrietatem
1451 5091 1489 5133 ex
1499 5080 1575 5153 potu
1587 5073 1662 5135 novi
1678 5074 1746 5135 vini

35 5196 182 5244 ramnum.
197 5168 296 5232 lsaias
314 5191 321 5228 ε
339 5166 453 5247 Legem
468 5166 539 5247 ejus
554 5165 665 5229 insulae
684 5169 944 5249 exspectabunt),
1004 5178 1165 5233 causalem
1191 5167 1370 5247 effundere,
1392 5169 1482 5249 quasi
1507 5189 1572 5251 prae
1596 5170 1746 5234 ebrietate

199 5269 273 5331 idco
288 5265 475 5328 necessariae
494 5264 541 5327 eis
559 5272 649 5327 erant
667 5266 811 5329 omnium
830 5267 946 5348 liuguae
1004 5270 1208 5350 loquerentur
1223 5266 1318 5329 verba
1334 5267 1452 5349 ignota,
1462 5285 1532 5349 quae
1546 5286 1605 5330 nec
1620 5268 1750 5351 ipsimet
