4309 6259
452 490 513 556 698

486 684 570 748 864;
592 700 646 740 nec
672 688 766 757 potest
787 683 935 756 quiescere
957 683 1121 741 intellectus
1143 683 1200 739 nisi

488 772 519 828 ia
533 772 596 844 eius
610 772 784 845 cognitione,
800 788 855 828 nec
872 773 992 829 allectus
1011 771 1067 827 nisi
1088 770 1117 826 in
1137 772 1201 845 ejus

488 860 634 927 fruitione,
650 862 703 915 393
712 862 740 917 C.

451 951 571 1007 crusis
599 950 695 1022 (Liber
722 951 778 1023 de),
806 950 896 1007 David
918 950 1020 1015 ludaei,
1046 950 1198 1023 allegatur,

486 1041 583 1104 2430,
598 1041 691 1096 5480.

451 1130 665 1186 0000004710
691 1132 735 1185 est
762 1132 844 1185 actus
872 1128 974 1193 latriae,
999 1130 1102 1193 toth',
1127 1131 1199 1187 adeo

488 1218 612 1282 divinus,
627 1222 659 1275 nt
673 1217 816 1275 actualem
838 1216 1030 1283 devotionem,
1047 1218 1198 1275 caritatem

486 1309 515 1363 et
545 1307 737 1363 attentionem
768 1306 906 1379 requirat,
936 1308 1043 1372 4070;
1072 1306 1200 1363 indevoti

485 1395 564 1451 enim
580 1395 739 1451 sacerdotis
752 1395 908 1452 celebratio
918 1412 975 1450 non
987 1399 1030 1451 est
1040 1396 1198 1462 meritoria,

485 1485 539 1540 etsi
558 1484 596 1540 sit
613 1501 689 1549 vera,
705 1485 804 1548 4070,
820 1488 848 1540 et
869 1484 1028 1555 peccatoris
1050 1488 1094 1541 cst
1112 1485 1200 1540 sacri-

486 1572 558 1646 lega,
573 1574 667 1629 4490.
683 1575 829 1639 -Quum
851 1576 932 1629 tanta
946 1574 984 1629 sit
998 1573 1200 1630 celebrationis

486 1662 623 1729 efficacia,
639 1664 802 1718 sacerdotes
816 1662 945 1733 quotidie
960 1679 1012 1733 pro
1026 1679 1110 1733 posse
1128 1662 1200 1718 cele-

485 1751 578 1813 brent,
594 1752 645 1806 474
655 1752 696 1814 B',
711 1750 816 1817 4750“;
832 1750 900 1807 licet
912 1751 991 1807 caim
1011 1753 1200 1807 commenda-

486 1841 543 1896 bile
566 1840 604 1895 sit
626 1857 661 1897 ex
685 1839 850 1896 bumilitate
874 1841 1022 1896 interdum
1043 1840 1199 1907 abstinere,

484 1930 575 1993 4764,
586 1930 691 1985 melius
706 1933 792 1985 estex
804 1929 934 1985 caritatis
948 1929 1057 1985 fervore
1071 1928 1201 2001 quotidie

486 2020 641 2086 celebrare,
652 2020 743 2083 4764,
755 2018 824 2089 quia
839 2020 876 2074 ad
891 2018 1099 2074 celebrandum
1116 2020 1201 2075 meri·

486 2107 559 2164 torie
574 2108 681 2164 sufficit
695 2110 726 2163 ut
741 2108 807 2178 quis
822 2107 852 2162 in
868 2106 987 2163 caritate
997 2111 1025 2163 et
1036 2124 1069 2163 ex
1082 2106 1200 2163 caritate

487 2196 620 2259 celebret,
635 2197 726 2251 4070,
743 2228 776 2237 -
790 2197 983 2268 Exponuntur
1002 2198 1112 2252 deuotae
1132 2212 1202 2267 prae-

488 2286 652 2356 parationes
679 2286 716 2341 ad
740 2285 959 2349 celebrandum,
983 2286 1076 2347 4490,
1104 2285 1200 2349 4200,

487 2376 540 2429 422
547 2376 576 2429 Β.
592 2406 624 2415 -
641 2374 687 2444 Cf.
703 2374 797 2430 Missa.

451 2464 643 2519 CERlNTllUS
659 2461 851 2519 haeresiarcha
865 2462 1013 2518 Christum
1029 2462 1121 2519 Deum
1140 2479 1201 2519 esse

489 2553 622 2623 negabat,
638 2552 691 2607 482
699 2553 728 2607 0,

453 2642 658 2697 0040404044
672 2640 854 2713 baptismalis
869 2640 968 2697 fideles
982 2640 1017 2695 ab
1035 2640 1203 2697 infidelibus

488 2729 683 2786 indelebiliter
706 2729 855 2794 discernit,
879 2732 908 2785 et
931 2728 989 2784 illis
1011 2728 1062 2800 jus
1091 2731 1140 2785 dat
1165 2731 1201 2785 ed

487 2835 586 2891 preces
600 2818 742 2883 Ecclesiae,
752 2819 841 2874 3740.
852 2850 887 2859 -
902 2818 1056 2875 Character
1070 2820 1202 2875 sacerdo·

488 2906 554 2962 talis
567 2907 747 2963 sacerdotem
764 2923 823 2978 prae
837 2908 940 2963 ceteris
953 2907 1074 2963 extollit.
1091 2911 1119 2963 ct
1132 2925 1202 2978 qua-

488 2995 512 3050 si
536 2996 661 3051 alterum
684 2996 831 3051 Christum
855 2995 933 3058 iacit,
959 2997 1048 3056 3990,
1075 2999 1149 3053 dans
1177 2996 1202 3053 ei

488 3084 630 3148 advocati,
647 3085 824 3144 mediatoris.
841 3085 947 3141 medici
966 3088 995 3140 et
1009 3086 1204 3156 cooperatoris

489 3173 538 3229 Dei
567 3172 670 3237 cilicia,
700 3173 790 3237 3990,
812 3178 840 3230 et
868 3177 1039 3245 potestatem
1066 3174 1202 3230 Euchari-

488 3263 575 3319 stiam
599 3263 799 3328 consecrandi,
825 3264 914 3319 3630.
935 3295 967 3303 -
993 3264 1039 3336 Cf.
1065 3264 1203 3319 Sacerdo-

488 3353 574 3407 tium.

454 3443 591 3499 CHORUS
611 3441 761 3513 angelicus
779 3444 859 3497 tanto
879 3442 977 3513 plures
995 3442 1115 3514 angelos
1136 3459 1204 3498 con-

491 3531 564 3586 tinet
577 3534 686 3602 quanto
701 3531 787 3586 altior
801 3533 853 3594 est,
872 3530 970 3595 4000,
987 3534 1015 3587 et
1033 3530 1062 3585 in
1083 3548 1116 3587 eo
1136 3534 1205 3587 sant

491 3620 588 3692 primi,
601 3619 691 3675 medii
705 3623 734 3676 et
748 3618 993 3683 intimi,100C.-
1007 3620 1085 3676 intra
1101 3636 1203 3677 novem

491 3709 663 3781 angelornm
684 3709 788 3764 choros
806 3708 1022 3765 distribuuntur
1044 3709 1136 3769 electi.
1153 3725 1205 3781 pro

492 3798 638 3870 exigentia
653 3798 835 3859 meritorum,
853 3797 960 3861 4004’;
977 3800 1106 3853 attamen
1120 3798 1206 3870 juxta

494 3887 658 3950 nonnullos,
669 3886 800 3943 decimus
814 3886 869 3942 erit
881 3886 986 3941 chorus
1000 3902 1035 3942 ex
1050 3886 1205 3943 animabus

493 3976 651 4031 infantium
668 3974 851 4035 constitutus.
869 3974 965 4030 4000.

457 4065 653 4121 0004874404
682 4079 785 4119 omnes
816 4064 853 4119 ad
885 4063 1082 4134 exemplarem
1115 4064 1204 4120 sitam

494 4151 613 4223 obligati
634 4154 712 4214 sunt,
735 4151 822 4215 4020,
844 4150 905 4205 imo
927 4151 965 4205 ad
988 4150 1204 4221 perlectionem,

493 4242 582 4305 4020,
598 4256 632 4296 ac
651 4239 772 4312 proinde
796 4238 938 4310 quidquid
964 4238 1069 4294 divinas
1093 4239 1206 4295 caritati

495 4330 699 4392 contrariatur,
715 4328 805 4384 vitare
828 4331 973 4392 tenentur,
992 4329 1092 4394 4450,
1114 4330 1206 4385 maxi·

494 4439 541 4477 me
557 4419 701 4493 privatum
717 4434 858 4481 amorem,
874 4418 975 4480 ttlh',
987 4420 1016 4473 et
1030 4434 1081 4489 per
1095 4421 1205 4475 arctam

494 4508 671 4583 poenitentiae
688 4508 766 4563 siam
791 4506 934 4571 incedere,
950 4507 1051 4562 4460.
1068 4539 1100 4548 -
1118 4508 1207 4564 Verus

494 4598 676 4656 Christianus
710 4595 858 4653 neminem
891 4594 1022 4667 despicit,
1049 4597 1147 4652 4500,
1171 4628 1206 4639 -

495 4689 541 4759 Cf.
558 4688 664 4744 Anima
679 4685 781 4741 tidelis.

458 4777 651 4841 CHRlSl'lNd,
663 4774 901 4845 Noviomagensis
916 4773 1061 4839 monialis,
1078 4774 1207 4846 quinque

493 4866 615 4922 vulnera
627 4863 732 4919 Christi
747 4864 776 4917 in
792 4879 911 4933 corpore
926 4862 1124 4935 bajulaas‚cui
1139 4862 1208 4918 scri-

494 4956 537 5011 bit
550 4953 748 5015 Cartusianus,
764 4952 866 5007 4764’.

457 5045 623 5103 ClllllSl'US
644 5045 720 5098 recte
745 5042 870 5114 gemiaae
898 5041 1006 5097 dicitur
1032 5041 1114 5113 gigas
1139 5043 1206 5098 sub-

493 5134 617 5197 stantiae,
633 5132 705 5194 304,
722 5130 791 5202 quia
806 5130 835 5185 in
849 5147 884 5187 eo
899 5132 975 5187 Deus
989 5134 1017 5186 et
1030 5130 1119 5186 homo
1138 5147 1206 5187 con·

493 5223 623 5283 veniunt,
638 5221 711 5285 270,
726 5218 894 5275 sicutenim
910 5220 984 5275 Deus
998 5222 1050 5282 est,
1065 5220 1158 5284 4820,
1171 5236 1205 5275 ex

492 5310 656 5371 substantia
669 5308 771 5375 Patris,
786 5308 877 5376 4830,
892 5307 934 5365 sic
953 5312 982 5365 et
1000 5308 1089 5364 homo
1108 5312 1152 5365 est
1170 5324 1205 5366 ex

1077 513 1172 560 INDEX
1192 511 1381 561 annutritus

1290 684 1453 741 substantia
1479 683 1585 749 Matris,
1609 685 1693 741 4830
1718 701 1726 741 t
1750 688 1784 741 ut
1809 684 1894 748 Deus,
1916 683 1986 747 270,

1289 774 1426 847 splendor
1448 777 1492 831 est
1514 774 1614 847 gloriae
1637 774 1739 837 Patris,
1759 774 1795 829 87
1803 774 1841 834 0’,
1864 774 1946 836 4444,
1964 778 1986 830 cl

1289 863 1386 935 imago
1402 864 1572 921 substantie
1585 865 1657 937 ejus,
1671 864 1808 927 4450’,θι
1823 863 1905 919 Patre
1917 866 1986 919 uter

1290 952 1395 1008 naliter
1418 954 1504 1009 natus
1527 952 1590 1009 sine
1614 955 1716 1014 matre.
1736 950 1830 1018 27A’5
1847 956 1878 1007 ut
1900 951 1985 1013 homo,

1287 1058 1372 1097 verua
1386 1043 1430 1097 est
1442 1040 1570 1114 Virginis
1584 1040 1672 1104 iilius,
1688 1042 1787 1107 4820,
1803 1040 1987 1113 temporaliter

1287 1148 1323 1188 ex
1337 1132 1425 1187 Matre
1445 1134 1526 1187 ortm
1540 1131 1602 1187 sine
1621 1134 1711 1203 patre,
1726 1130 1811 1193 274’,
1827 1131 1901 1185 284.
1918 1132 1985 1185 -ln

1288 1238 1322 1277 eo
1339 1236 1408 1291 ergo
1427 1220 1493 1276 duae
1510 1223 1579 1276 sunt
1598 1223 1798 1276 naturarum
1820 1218 1986 1292 proprietati·

1289 1311 1342 1365 bas
1365 1310 1434 1370 suis.
1450 1310 1503 1364 482
1512 1309 1551 1373 0’,
1568 1311 1634 1366 duae
1655 1308 1866 1381 generationes,
1881 1312 1986 1380 paterna

1288 1401 1316 1454 et
1340 1401 1481 1459 materna,
1497 1397 1594 1462 4820,
1615 1397 1722 1468 duplex
1747 1396 1884 1468 potentia,
1898 1396 1985 1461 5450,

1289 1487 1397 1558 duplex
1425 1485 1578 1558 sapientia,
1605 1487 1696 1547 5464,
1725 1487 1776 1541 sed
1806 1484 1905 1540 [illatio
1928 1501 1983 1547 una,

1288 1575 1386 1639 4820,
1407 1578 1435 1631 et
1458 1590 1517 1631 una
1540 1590 1674 1646 persona,
1695 1574 1765 1646 quia
1786 1574 1823 1630 ad
1846 1589 1984 1645 personam

1287 1662 1372 1720 Verbi
1388 1666 1539 1735 assumpta
1552 1667 1597 1719 est
1609 1662 1788 1727 humanitas,
1804 1662 1901 1727 4820,
1912 1662 1948 1717 ita
1960 1664 1986 1717 nt

1288 1770 1381 1810 unum
1402 1756 1430 1809 ct
1453 1752 1531 1809 idem
1555 1752 1593 1808 ait
1615 1768 1677 1809 esse
1700 1752 1852 1824 personale
1870 1752 1947 1808 Verbi
1963 1754 1986 1807 et

1289 1846 1401 1898 naturas
1433 1844 1601 1913 assumpte,
1630 1842 1733 1906 296h',
1763 1856 1829 1913 quae
1861 1839 1889 1895 in
1915 1843 1985 1895 utero

1289 1933 1319 1987 B.
1345 1930 1472 2003 Virginis
1494 1931 1587 1987 Verbo
1615 1948 1666 2002 per
1693 1930 1859 2002 personales
1885 1930 1985 2001 nuptias

1289 2020 1372 2075 unita
1394 2022 1446 2085 est,
1461 2021 1534 2075 234.
1549 2023 1577 2076 et
1600 2036 1667 2075 curn
1688 2020 1781 2075 Verbo
1800 2036 1890 2075 unum
1912 2020 1986 2073 durn-

1289 2111 1370 2164 taxat
1393 2108 1542 2163 constituit
1566 2107 1760 2179 suppositum,
1775 2108 1875 2163 2968'.
1889 2138 1921 2149 -
1939 2111 1986 2162 4η-

1289 2196 1480 2253 tonomastice
1495 2197 1658 2268 appellatur
1672 2196 1865 2253 simulacrum
1875 2198 1987 2251 contem·

1289 2285 1434 2357 philonis.
1444 2286 1533 2349 2960,
1544 2285 1613 2357 quia
1627 2285 1656 2340 in
1672 2302 1705 2342 eo
1720 2285 1851 2341 reluceat
1864 2284 1985 2358 potentia,

1289 2374 1403 2430 bonitas
1417 2378 1445 2431 et
1459 2373 1601 2446 sapientia
1616 2373 1779 2438 οθ4,2960;
1789 2374 1985 2447 potentia,dum

1288 2466 1349 2519 tam
1369 2463 1498 2519 diversas
1522 2466 1642 2519 naturas
1661 2462 1690 2518 in
1711 2479 1770 2520 una
1791 2479 1909 2534 persona
1928 2478 1987 2517 eon-

1285 2551 1394 2624 junxit,
1419 2551 1517 2616 296h',
1542 2551 1611 2609 unio
1635 2552 1714 2608 enim
1739 2551 1914 2623 hypostatica
1933 2567 1986 2605 orn·

1290 2640 1373 2696 nium
1402 2640 1547 2697 unionum
1576 2644 1620 2697 est
1648 2640 1876 2701 mirabilissima.
1902 2640 1985 2701 4970,

1291 2730 1359 2801 quia
1373 2733 1416 2785 est
1431 2729 1550 2785 increati
1571 2733 1600 2786 et
1618 2728 1706 2786 creati
1727 2730 1891 2804 conjunctio
1905 2729 1986 2800 quoad

1290 2821 1388 2873 actum
1409 2818 1549 2890 primum,
1566 2818 1616 2890 qui
1636 2821 1679 2874 est
1701 2834 1773 2882 esse,
1793 2819 1847 2874 497
1857 2818 1903 2883 0’;
1917 2815 1987 2871 boni-

1290 2910 1342 2967 tas.
1373 2907 1445 2963 dum
1478 2924 1539 2963 esse
1571 2924 1658 2963 suum
1686 2906 1838 2978 personale
1863 2907 1986 2962 bumana

1291 2995 1519 3051 communicavit
1534 2998 1655 3059 naturae,
1665 2996 1717 3051 296
1724 2994 1918 3068 B';sapientia.
1925 2996 1984 3049 darn

1291 3090 1352 3141 tam
1373 3084 1534 3156 sapientem
1559 3085 1682 3139 modum
1706 3084 1817 3141 invenit
1841 3086 1984 3141 humanam

1291 3174 1446 3246 reparandi
1466 3172 1593 3235 ruinam.
1609 3174 1711 3228 2960.
1726 3174 1934 3231 -Secundum
1950 3172 1986 3227 di·

1290 3262 1440 3318 viritatem
1452 3262 1504 3318 toti
1516 3263 1629 3319 mundo
1643 3261 1755 3319 infinite
1767 3266 1890 3335 praestat,
1899 3264 1945 3317 276
1951 3262 1985 3326 0,

1291 3352 1455 3409 secundum
1472 3350 1696 3415 humanitatem,
1709 3368 1768 3407 non
1784 3352 1985 3415 infinitet'l'll.

1293 3442 1342 3497 sed
1366 3439 1501 3496 omnium
1526 3443 1726 3497 creaturarum
1756 3439 1985 3513 pulchritudinem

1292 3534 1352 3586 tam
1377 3529 1552 3587 excellenter
1574 3530 1697 3595 excedit,
1718 3530 1816 3597 3740,
1837 3534 1867 3586 ut
1891 3530 1917 3585 ia
1934 3529 1987 3601 ejus

1292 3618 1401 3675 visione
1420 3621 1475 3674 stet
1498 3618 1679 3690 praecipuum
1706 3620 1881 3677 accidentale
1902 3620 1987 3675 Beato

1292 3723 1359 3763 rum
1379 3707 1546 3778 praemium,
1561 3707 1637 3769 204,
1654 3709 1704 3763 arr
1715 3708 1755 3773 B',
1770 3711 1800 3765 et
1821 3724 1932 3765 summa
1946 3706 1987 3779 ju·

1293 3797 1437 3857 cunditas,
1453 3796 1549 3851 5'llC'.
1565 3828 1601 3837 -
1617 3798 1662 3869 Cf.
1680 3797 1819 3854 Verbum.

1329 3886 1351 3939 4
1369 3884 1472 3941 multis
1490 3886 1642 3956 Prophetis
1661 3887 1882 3957 prenuntiatus,
1896 3886 1947 3941 sire
1963 3884 1986 3939 ia

1294 3974 1355 4047 lege
1385 3975 1520 4038 naturali,
1545 3976 1580 4030 77
1590 3976 1628 4039 0’,
1653 3976 1713 4032 sire
1741 3976 1772 4032 in
1800 3976 1862 4050 lege
1887 3976 1987 4048 scripta,

1294 4064 1374 4129 400,
1394 4064 1490 4128 2840,
1510 4064 1607 4129 3700,
1624 4068 1652 4120 et
1671 4082 1688 4120 a
1712 4065 1813 4123 multis
1835 4064 1988 4122 Patriarcbis

1295 4153 1507 4225 praelignratus,
1531 4154 1631 4217 3740,
1656 4155 1746 4217 3720,
1769 4156 1824 4211 sub
1852 4154 1987 4211 Octaviano

1295 4245 1447 4307 natusest,
1463 4231 1548 4306 904’,
1564 4246 1593 4298 et
1610 4241 1731 4315 triginta
1751 4244 1845 4300 tribus
1863 4244 1942 4301 annis
1957 4242 1989 4295 ri·

1295 4331 1347 4395 xit,
1368 4331 1418 4386 464
1429 4330 1469 4386 0’.
1490 4362 1523 4372 -
1547 4332 1667 4389 Matrem
1692 4332 1746 4388 sibi
1771 4333 1897 4405 elegerat
1913 4331 1988 4405 perle-

1294 4423 1381 4483 ctam,
1407 4423 1551 4491 quantum
1580 4422 1616 4477 ad
1642 4422 1719 4477 dona
1746 4422 1886 4494 corporis,
1905 4420 1987 4481 6080.

1294 4510 1381 4571 8090,
1397 4507 1570 4575 intellectus,
1585 4511 1684 4575 6440,
1700 4514 1729 4567 et
1744 4511 1854 4583 gratiae,
1870 4512 1953 4573 4860,
1967 4509 1988 4563 in

1295 4598 1379 4671 cujus
1398 4600 1513 4654 uterum
1534 4598 1613 4655 venit
1635 4615 1693 4655 uon
1718 4617 1770 4672 per
1793 4600 1849 4656 loci
1873 4599 1989 4656 mutatis

1296 4689 1432 4755 nem,sed
1447 4704 1498 4760 per
1512 4687 1722 4743 incarnationis
1733 4687 1990 4761 mysteriumitll',

1295 4778 1330 4833 30
1338 4778 1376 4841 0,
1393 4776 1422 4831 ia
1437 4792 1472 4832 ea
1490 4779 1648 4848 conceptus
1667 4792 1725 4831 non
1745 4794 1781 4833 ex
1795 4777 1872 4833 virili
1886 4776 1990 4837 semine,

1294 4867 1345 4923 sed
1365 4864 1487 4937 mystico
1511 4864 1680 4937 spiramine,
1696 4866 1771 4930 284,
1788 4870 1925 4939 tanquam
1945 4864 1991 4919 rir-

1296 4954 1411 5026 gultum
1427 4954 1462 5009 de
1477 4956 1554 5009 terra
1569 4953 1692 5017 inarata,
1703 4953 1775 5017 220,
1790 4956 1826 5011 de
1841 4955 1922 5027 cujus
1934 4954 1990 5009 item

1296 5042 1394 5097 clauso
1414 5044 1496 5098 utero
1519 5041 1615 5106 exivit,
1632 5040 1707 5097 sicut
1730 5045 1830 5113 postea
1853 5045 1887 5099 de
1909 5043 1992 5099 clauso

1296 5130 1438 5201 sepulcro,
1459 5132 1530 5195 220,
1549 5130 1652 5192 4890,
1672 5133 1733 5186 tota
1752 5130 1878 5189 mirante
1892 5134 1990 5191 natura,

1295 5219 1382 5274 5000,
1417 5248 1452 5258 -
1483 5219 1592 5290 Corpus
1619 5222 1648 5275 et
1674 5218 1806 5276 animam
1835 5218 1989 5277 rationalem

1294 5306 1454 5382 assumpsit
1468 5306 1498 5365 ia
1513 5306 1641 5382 Virgine,
1651 5308 1725 5376 944,
1738 5324 1845 5382 corpus
1858 5326 1892 5368 ex
1905 5308 1988 5371 ltatre,
