4309 6259
438 518 478 563 oa
498 516 655 564 runcum
676 518 714 563 ar
734 516 898 564 aternam
917 516 1034 575 amsa,
1056 517 1145 567 maan
1166 518 1209 564 ιιι.
1232 536 1273 547 -
1293 518 1363 565 aar.
1386 518 1451 563 xvu
1656 498 1717 562 tto

171 696 221 750 tus
245 696 304 751 est.
320 687 483 770 Siquidem
503 688 544 751 de
562 696 594 751 te
614 705 706 751 orsus
722 710 730 750 z
746 688 851 765 lfaria,
868 688 917 749 in·
930 686 956 749 Α
971 686 1117 765 Domino,
1133 696 1165 750 at
1187 688 1254 752 noli
1278 686 1424 752 oblivisci
1449 706 1560 750 omnes
1585 687 1718 749 retribu-

171 786 250 869 qnit,
280 786 430 850 omnibus
463 786 689 849 misericordiae
717 805 782 848 suae
809 786 916 847 sinum
971 786 1073 849 tiones
1088 786 1169 867 ejus.
1181 786 1300 868 Nempe
1314 786 1382 868 ipse
1396 793 1445 848 est
1459 786 1513 867 qui
1529 784 1718 867 propitiatur
1732 801 1771 845 re.
1786 813 1822 851 αι,
1836 802 1857 843 a.

171 884 283 966 aperit,
299 892 455 966 quatenm
469 884 509 946 de
523 883 722 965 plenitudine
743 883 814 963 ejus
835 883 917 945 aeci·
972 883 1121 947 omnibus
1149 883 1370 965 iniquitatibus
1398 883 1472 963 tuis,
1498 883 1551 965 qui
1580 882 1718 945 illustrat
1731 899 1860 951 camir.

172 982 262 1063 piant
294 980 437 1045 universi
466 1004 474 1043 ε
504 980 623 1062 captivi
652 980 915 1061 redemptionem,
971 980 1088 1044 faciem
1103 1000 1193 1043 suam
1208 1001 1304 1064 super
1318 1000 1445 1045 servum
1467 1000 1571 1059 suum,
1588 980 1642 1063 qui
1664 980 1838 1051 tri-raam.

171 1078 247 1160 aegri
274 1078 483 1157 curationem,
514 1078 622 1141 tristes
654 1078 915 1156 consolationem,
973 1079 1042 1143 buit
1076 1080 1133 1143 tibi
1162 1080 1382 1157 intellectum
1411 1078 1466 1161 qui
1495 1078 1627 1162 insuper
1653 1096 1717 1141 non
1731 1097 1818 1148 eam.
1832 1098 1865 1148 aa,

171 1185 354 1258 peccatores
378 1176 516 1254 veniam,
537 1176 613 1258 justi
638 1176 785 1257 gratiam,
811 1176 916 1257 angeli
972 1180 1148 1243 secundnm
1178 1187 1308 1260 peecata
1334 1187 1387 1240 tua
1414 1177 1493 1241 facit
1520 1177 1590 1257 tibi,
1615 1196 1719 1259 neque
1734 1164 1767 1205 ¹¹·

171 1274 326 1354 laetitiam,
350 1281 416 1337 tota
442 1273 581 1337 Trinitas
607 1273 755 1355 gloriam,
785 1273 917 1355 ipsaque
972 1278 1082 1358 utique
1097 1278 1272 1339 secundum
1288 1275 1472 1356 iniquitates
1486 1282 1555 1337 tuas
1574 1274 1721 1338 retribuit

170 1372 243 1434 Filii
258 1391 396 1453 persona
408 1372 555 1434 bumana
569 1371 675 1435 carnis
694 1371 914 1435 substantiam.
972 1376 1030 1438 tibi
1048 1399 1055 1437 ι
1072 1375 1222 1457 quoniam
1245 1392 1356 1438 revera
1381 1374 1556 1437 secundum
1581 1372 1721 1435 altitudi-

170 1468 208 1533 m
221 1471 327 1533 denuo
345 1493 352 1531 :
369 1469 393 1532 0
413 1469 514 1548 dives,
531 1469 586 1547 ait,
602 1468 637 1531 in
651 1487 763 1532 omnes
776 1476 809 1531 et
822 1487 918 1550 super
972 1492 1046 1536 nem
1068 1473 1141 1537 coeli
1163 1494 1181 1537 a
1200 1480 1293 1552 terra,
1311 1472 1528 1537 corroboravit
1543 1471 1721 1535 misericor-

170 1586 282 1631 0mnes
295 1567 401 1647 Maria,
417 1568 510 1649 eujus
525 1567 710 1630 substantie
725 1586 798 1650 pars
817 1585 919 1649 pauca
973 1572 1059 1635 diam
1085 1590 1174 1634 suam
1196 1590 1292 1654 super
1310 1578 1352 1635 te.
1368 1570 1475 1652 ltaque
1495 1569 1589 1633 modo
1613 1568 1718 1647 lauda,
1734 1586 1864 1635 eamus.

171 1674 345 1748 assumpta,
373 1666 471 1729 totius
498 1665 609 1728 mundi
638 1664 763 1728 sufficit
794 1664 918 1729 solvere
972 1668 1079 1732 anima
1094 1687 1175 1749 mea,
1190 1668 1371 1745 Dominum,
1388 1668 1483 1730 lauda
1501 1666 1670 1730 Dominum
1686 1666 1720 1729 in

169 1764 310 1829 delicta!
972 1766 1038 1830 vita
1061 1774 1126 1845 tna,
1143 1765 1243 1848 psalle
1266 1764 1330 1827 Deo
1353 1773 1407 1828 tuo
1431 1764 1583 1845 quamdiu
1607 1762 1718 1826 fueris.

209 1864 280 1925 lam
307 1882 394 1925 nunc
420 1862 461 1925 de
488 1869 595 1925 cetero
623 1862 719 1942 adsis,
745 1880 868 1943 precor,
897 1863 1141 1947 ollPropterea
1162 1861 1340 1928 confitebor
1365 1862 1434 1940 tibi,
1451 1861 1584 1925 Domine
1608 1881 1674 1939 rex,
1690 1868 1722 1923 et
1735 1872 1869 1927 naama,

169 1962 305 2026 Domina
317 1984 326 2040 3
340 1962 418 2042 juva
438 1968 470 2025 et
493 1979 659 2039 conserva,
675 1978 794 2040 quaeso,
809 1960 915 2023 Maria.
973 1962 1161 2027 collaudabo
1189 1970 1219 2025 te
1247 1960 1344 2023 Deum
1374 1961 1562 2024 salvatorem
1591 1978 1698 2023 meum
1712 1982 1721 2036 3
1736 1939 1757 1980 ²·

169 2059 217 2122 En
243 2059 343 2139 enim,
358 2058 553 2136 dulcissima,
570 2058 636 2139 jam
661 2076 747 2120 nunc
771 2057 810 2121 ad
835 2065 920 2120 exte·
973 2060 1154 2125 confitebor
1177 2059 1299 2123 nemini
1325 2066 1390 2139 tuo,
1416 2057 1567 2140 quoniam
1596 2058 1723 2138 adjutor

169 2157 377 2235 rioravocor,
393 2176 454 2219 nec
475 2157 537 2219 nisi
557 2175 614 2238 per
634 2162 721 2218 tuam
745 2155 920 2219 miseratio-
973 2167 1006 2223 et
1019 2166 1179 2241 protector
1192 2157 1295 2221 faetus
1309 2176 1344 2220 es
1359 2156 1438 2220 mihi
1455 2180 1462 2217 ε
1479 2155 1630 2239 quoniam
1646 2173 1724 2237 quo-
1737 2168 1869 2219 raetia.

169 2276 244 2319 nem
260 2264 355 2337 atque
369 2263 548 2318 maternum
567 2253 745 2317 subsidium
759 2253 799 2317 de
813 2262 920 2318 cetero
974 2257 1069 2322 modo
1084 2257 1252 2321 miseretur
1270 2262 1361 2337 pater
1380 2254 1453 2333 filii,
1469 2254 1515 2318 sic
1537 2254 1668 2318 omnino
1690 2262 1724 2316 tu

169 2353 215 2417 uti
231 2354 399 2435 bucusque
419 2352 471 2415 bis
492 2352 621 2434 illisque
642 2351 802 2415 similibus
817 2352 920 2415 inten-
975 2373 1103 2437 quoque
1125 2354 1274 2417 misertus
1295 2372 1330 2416 es
1351 2352 1441 2416 mihi.

169 2454 247 2515 dere
268 2469 362 2535 queo.
1015 2454 1040 2516 0
1054 2452 1188 2516 altitudo
1202 2451 1386 2515 divitiarum
1401 2450 1565 2532 sapientiae
1579 2456 1611 2512 et
1625 2450 1725 2513 scion·
1739 2464 1872 2515 amatas.

976 2553 1028 2615 tia
1041 2551 1097 2614 Dei
1112 2558 1119 2613 t
1136 2551 1160 2613 O
1173 2550 1264 2613 Pater
1278 2548 1568 2625 misericordiarum
1590 2556 1622 2610 at
1642 2547 1725 2611 Deus
1740 2562 1758 2607 n
1771 2561 1872 2615 ceta.

976 2650 1074 2714 totius
1090 2646 1338 2712 consolationisi
1355 2646 1379 2708 O
1397 2646 1534 2709 Trinitas
1556 2645 1727 2728 supersub-

358 2712 604 2778 ARTIGULUS
626 2712 735 2777 XVII·
977 2746 1144 2825 stantialis,
1152 2744 1308 2828 superdea
1321 2752 1354 2807 et
1368 2745 1558 2827 superbona,
1568 2743 1640 2825 ejus
1656 2762 1726 2826 que

255 2866 302 2925 De
327 2863 487 2938 religione
508 2880 547 2919 ac
568 2862 672 2920 latria
697 2861 843 2937 Viryf'm'd
976 2844 1227 2909 Christianorum
1242 2850 1300 2923 Ost,
1317 2842 1490 2924 inspectrix
1509 2841 1724 2924 theosophiffil

438 2951 658 3010 admirandae.
976 2944 1059 3006 fleus
1084 2940 1259 3023 majestatis
1281 2941 1456 3018 immensae,
1473 2947 1505 3003 et
1525 2938 1727 3003 liberalitatis

940 3040 1103 3123 (lqucque
1118 3038 1356 3122 quomodolibet
1369 3038 1667 3119 omniformiterque
1682 3036 1728 3099 in·

52 3164 157 3215 stata
238 3140 421 3207 ENEDIC,
449 3139 562 3197 anima
589 3156 672 3207 mea,
699 3138 864 3205 Domino,·
890 3145 922 3196 et
976 3139 1089 3217 finitae,
1111 3136 1188 3220 quid
1212 3137 1323 3219 utiquo
1346 3136 1423 3200 boni
1448 3135 1482 3198 in
1505 3155 1556 3199 me
1581 3134 1727 3199 conside-

252 3239 364 3298 omnia
387 3256 460 3315 quc
482 3238 575 3296 intra
602 3255 653 3295 me
679 3244 770 3304 aunt,
794 3236 923 3295 nomini
977 3238 1107 3316 restim
1123 3244 1187 3298 tam
1202 3234 1726 3315 misericordissimemecumper-

45 3349 157 3399 amas.
170 3345 284 3396 sancto
298 3337 380 3413 ejus.
392 3332 517 3396 Etenim
532 3332 608 3413 quid
623 3333 733 3413 utique
748 3331 921 3395 retribuam
977 3354 1099 3417 ageres,
1116 3342 1210 3415 atque
1234 3340 1364 3397 eatenus
1384 3332 1418 3394 in
1437 3340 1501 3395 tam
1520 3332 1576 3394 vili
1597 3342 1725 3412 tamque

170 3433 308 3497 Domino
321 3450 380 3514 pro
394 3430 543 3494 omnibus
557 3448 686 3513 prorsus
701 3449 771 3512 qua
784 3438 848 3492 tam
868 3430 922 3492 be-
977 3432 1143 3497 immundo
1154 3439 1186 3493 et
1199 3431 1276 3493 item
1292 3429 1524 3511 contemptibili
1546 3429 1725 3493 misericor·
1739 3452 1872 3504 raxuaa.

170 3530 363 3613 nignissime
387 3527 534 3591 retribuit
551 3527 654 3590 mibil
669 3527 748 3592 Novi
772 3527 921 3610 equidem
977 3532 1062 3596 diam
1077 3539 1165 3593 tuam
1180 3529 1387 3591 mirificaresi
1399 3528 1471 3607 Sed,
1487 3536 1522 3590 ut
1536 3546 1643 3606 cerno,
1659 3546 1725 3591 non

57 3627 326 3710 rt.u,s.quoniam
363 3626 520 3689 bonorum
555 3644 699 3689 meorum
734 3644 798 3689 ncn
836 3635 919 3707 eget,
977 3630 1087 3710 utique
1102 3628 1169 3689 bac
1184 3646 1221 3689 ex
1236 3626 1358 3688 meritis
1374 3626 1452 3688 meis
1470 3625 1608 3706 :alioqui
1624 3625 1725 3707 gratia
1739 3638 1870 3690 amata

170 3728 293 3809 quippe
307 3724 361 3806 qui
376 3724 491 3807 plenus
505 3731 661 3805 astatque
675 3722 845 3805 perfectus.
863 3725 922 3786 Ve
976 3746 1041 3792 non
1055 3733 1139 3790 esset
1154 3724 1265 3805 gratia,
1283 3742 1386 3805 neque
1401 3731 1486 3785 esset
1505 3722 1724 3786 misericordia

46 3840 153 3891 »atavus
170 3822 524 3904 rumtamen,qucniam
539 3823 642 3885 bonor
655 3823 749 3903 Regis
761 3822 921 3904 judicium
976 3835 1030 3888 tua
1058 3822 1257 3906 praeveniens
1285 3821 1398 3883 merita
1425 3840 1506 3883 mea.
1533 3821 1621 3895 Quod
1648 3820 1724 3902 quia

45 3936 154 3989 etate.
169 3923 290 4005 diligit,
306 3930 337 3986 et
356 3920 517 3985 confessio
540 3939 666 4002 quoque
689 3922 829 4002 itemque
852 3923 923 4004 pul·
977 3922 1165 3986 maledictus
1179 3919 1234 3982 ille
1247 3918 1391 4000 Pelagius
1406 3918 1495 3997 dixit,
1503 3918 1724 3982 baereticorum

170 4021 321 4086 cbritudo
335 4020 369 4083 in
388 4026 563 4101 conspeetu
585 4019 696 4101 ipsius,
713 4020 768 4101 qui
790 4020 921 4102 gratitu-
976 4023 1099 4104 collega
1113 4020 1220 4097 miser,
1237 4018 1399 4099 hostisque
1419 4018 1486 4097 Dei,
1503 4026 1535 4081 et
1549 4018 1657 4099 gratiae
1670 4017 1725 4080 de-

45 4138 153 4192 amat
169 4120 281 4183 dinem
301 4128 333 4182 et
350 4118 517 4181 veritatem
538 4117 688 4199 requirit3
705 4137 746 4181 ne
765 4117 921 4181 liberalis·
976 4141 1064 4184 mum
1078 4118 1241 4195 inimicus,
1249 4116 1351 4181 omnis
1366 4116 1475 4199 utique
1489 4116 1597 4199 gratiae
1611 4135 1723 4199 expers

169 4220 256 4281 simo
288 4215 654 4297 munificentissimoque
686 4215 750 4279 Deo
778 4216 920 4298 ingratus
936 4216 961 4279 D
976 4220 1113 4283 effectus
1127 4224 1185 4279 est.
1202 4215 1363 4279 Confiteor
1378 4234 1453 4297 ergo
1468 4215 1537 4293 tibi,
1553 4215 1653 4293 Pater,
1666 4215 1725 4278 Do-
1738 4229 1821 4280 alex.
1836 4232 1870 4274 at.

170 4316 331 4393 inveniar,
361 4322 455 4395 atque
482 4314 516 4376 id
543 4313 649 4395 ipsum
678 4314 762 4394 quod
790 4316 921 4378 sortitus
976 4317 1064 4380 mine
1079 4315 1153 4379 coeli
1169 4322 1200 4377 et
1214 4322 1315 4392 terrae,
1332 4313 1408 4394 quia
1429 4331 1493 4376 non
1515 4333 1552 4376 ex
1574 4312 1724 4395 operibus
1741 4326 1853 4376 rents.

45 4433 155 4482 amas
170 4414 316 4493 videbar,
327 4432 385 4495 per
399 4412 659 4494 ingratitudinem
675 4412 816 4493 perdam,
829 4414 921 4477 bene
976 4414 1108 4498 justitiae
1132 4431 1202 4495 quae
1227 4412 1358 4474 fecerim
1382 4429 1452 4493 ego,
1470 4412 1524 4475 sed
1548 4412 1724 4474 secundnm

169 4514 278 4575 dicam
293 4510 460 4573 Dominum
476 4510 611 4572 inomni
626 4517 779 4591 tempore,
796 4529 922 4592 semper
977 4522 1063 4576 tuam
1076 4510 1202 4593 penitus
1214 4508 1613 4591 misericordiam,propter
1623 4509 1725 4590 ipsam

45 4629 63 4668 r
62 4643 157 4682 .......
171 4612 242 4673 laus
263 4609 334 4689 ejus
353 4607 385 4669 in
407 4625 462 4670 ore
483 4624 565 4670 meo.
581 4607 722 4689 Denique
744 4608 921 4671 confitebor
977 4620 1064 4673 tuam
1086 4627 1206 4671 meram
1230 4607 1415 4685 bonitatem,
1432 4606 1478 4668 sic
1503 4625 1576 4668 cum
1602 4606 1725 4670 infelici

45 4692 61 4740 ²¹
77 4696 106 4736 ¹³·
169 4709 245 4787 tibi,
270 4706 403 4771 Domine
430 4705 513 4769 Deus
540 4724 642 4786 meus,
671 4707 705 4767 in
733 4714 799 4771 toto
826 4708 921 4771 corde
978 4718 1033 4773 tuc
1056 4706 1178 4770 famulo
1202 4713 1349 4787 operatus
1378 4723 1423 4767 es.
1451 4704 1620 4769 Enimvero
1648 4725 1666 4768 a
1695 4713 1725 4769 te

170 4825 259 4883 meo,
275 4813 308 4868 et
320 4802 509 4885 glorificabo
529 4823 647 4867 nomen
669 4812 757 4867 tuum
779 4806 811 4867 in
833 4814 922 4869 aeter·
978 4810 1061 4871 bona
1076 4812 1191 4868 cuncta
1209 4804 1395 4885 procedunt,
1412 4811 1444 4865 et
1458 4804 1507 4883 (ut
1526 4803 1640 4884 fateor)
1656 4804 1724 4867 sine

170 4924 252 4967 num
279 4927 286 4965 ε
313 4901 389 4985 quia
411 4901 632 4965 misericordia
656 4911 710 4965 tua
732 4923 848 4985 magna
875 4913 924 4967 est
978 4914 1009 4969 te
1031 4903 1114 4966 nihil
1138 4901 1269 4966 omnino
1293 4901 1436 4963 valemus
1453 4924 1461 4963 ε
1478 4901 1598 4985 quippe
1622 4920 1640 4964 a
1662 4920 1725 4983 quo
1738 4923 1872 4973 reomau.

45 5022 155 5071 amas.
171 5021 273 5085 super
285 5020 349 5078 me,
362 5008 393 5061 et
407 4998 600 5078 mirificasti,
613 5018 633 5063 o
646 5000 728 5063 Deus
742 5000 921 5080 benedicte,
977 5021 1073 5069 omne
1098 5002 1206 5064 datum
1234 4999 1391 5081 optimum
1420 5018 1578 5081 omneque
1606 5001 1724 5064 donum

171 5098 428 5164 misericordiam
443 5106 530 5160 tuam
549 5097 628 5160 mibi
652 5098 835 5164 incivitate
857 5121 926 5163 mu·
980 5099 1157 5183 perfeetum
1172 5104 1309 5161 emanat.
1326 5097 1433 5179 ltaque
1447 5116 1542 5161 nemo
1561 5098 1723 5178 glorietur,
1740 5118 1873 5175 aptatus,

172 5200 256 5262 nita.
980 5200 1036 5263 sed
1060 5198 1115 5279 qui
1140 5196 1303 5279 gloriatur,
1327 5195 1358 5257 in
1384 5194 1518 5259 Domino
1542 5195 1695 5276 glorietur
1716 5183 1873 5258 :¹⁶⁰'·¹·³¹·

45 5317 157 5368 saeta
213 5297 316 5379 Igitur
338 5295 403 5379 jam
427 5313 513 5359 nunc
537 5294 685 5374 benedic,
707 5294 814 5358 anima
841 5316 924 5377 mea,
981 5296 1132 5381 quoniam
1161 5296 1244 5358 siout
1267 5294 1388 5376 palmes
1416 5293 1555 5356 fructum
1584 5294 1884 5377 proferrermnavp.
