4309 6259
466 508 507 555 nr
527 507 686 557 rnacomo
705 506 744 555 nr
764 508 928 557 nreunarr
948 508 1065 572 namn,
1089 510 1177 557 nura
1198 508 1217 557 r.
1241 528 1282 541 -
1302 511 1372 558 inr.
1395 512 1451 559 rm
1668 494 1729 559 483

221 672 252 734 Si
268 692 345 738 vero
364 674 481 740 dixeris
497 701 505 740 :
521 678 608 752 Quod
627 687 807 761 generatur,
825 699 843 742 a
864 678 969 742 nouh

180 789 251 832 osse
268 772 309 833 ad
327 791 398 836 esse
416 776 638 857 progreditur3
656 785 687 839 et
707 796 828 855 rursus,
843 777 927 857 qnod
1177 736 1421 803 ARTICULUS
1439 738 1531 802 VIII·

181 870 398 951 VVVPVValiter
432 874 585 952 ssffissitffl'i
614 874 783 938 mumifflli
818 874 928 956 VVVV‘?
983 894 1196 968 deceptoria
1216 894 1280 952 ista
1294 894 1425 964 Μανία,
1441 894 1588 970 dignitas
1607 902 1637 953 et
1654 912 1731 970 pra·

181 965 393 1031 substernitur
416 993 423 1031 :
446 973 605 1051 quomodo
630 991 707 1053 ergo
731 973 815 1054 qnod
840 980 929 1036 aeter-
1023 982 1083 1051 tia,
1099 982 1277 1059 ineffabilis
1298 984 1354 1052 sit,
1371 992 1402 1043 et
1423 984 1658 1061 quodammodo
1682 984 1731 1043 itt-

180 1082 258 1125 num
284 1073 334 1129 est
360 1074 392 1129 et
416 1086 543 1149 semper
569 1070 802 1132 invariabiliter
826 1069 928 1131 subsi-
1020 1070 1131 1146 finita.

179 1169 279 1240 stens,
308 1164 348 1227 de
383 1183 467 1229 novo
497 1174 529 1228 et
557 1167 590 1227 in
626 1175 767 1250 tempore
802 1168 927 1247 concipi

179 1260 282 1341 potuit
300 1268 333 1323 et
352 1262 459 1344 gignit
474 1263 693 1346 Respondebo,
709 1266 749 1327 ad
770 1283 854 1328 verae
874 1284 928 1347 ge·
984 1261 1103 1463 QUO
1125 1262 1203 1345 quid
1227 1263 1282 1326 alii
1310 1263 1449 1327 vicinius
1478 1272 1535 1345 est,
1563 1284 1600 1331 eo
1621 1266 1729 1348 utiquo

177 1358 353 1423 narationis
373 1361 528 1424 rationem
552 1362 584 1425 id
605 1363 722 1444 requiri
743 1370 837 1445 atque
862 1362 927 1425 sul·
1067 1360 1128 1441 ipsi
1148 1360 1284 1424 similius
1305 1368 1362 1425 est.
1380 1362 1461 1436 Quid
1480 1370 1586 1427 autem
1605 1363 1729 1429 Christo

176 1454 341 1535 licerent
362 1477 412 1521 res
431 1460 472 1521 de
496 1460 545 1522 sui
569 1461 743 1523 substantia
762 1461 857 1524 aliam
879 1480 927 1524 se
981 1467 1044 1521 tam
1060 1458 1203 1522 vicinum
1219 1467 1253 1521 ut
1267 1458 1408 1523 Genitrix
1423 1461 1515 1543 ejust
1531 1461 1613 1526 Nihil
1633 1462 1729 1545 igitur

178 1555 319 1617 cundum
347 1566 467 1621 naturae
495 1558 736 1624 similitudinem
760 1561 924 1642 producat.
980 1576 1018 1620 ea
1039 1557 1102 1640 ipsi
1126 1557 1263 1620 similius
1287 1566 1396 1621 exstat.
1422 1560 1528 1623 Palam
1552 1569 1601 1624 est
1623 1569 1727 1625 autem

176 1653 215 1715 Et
250 1653 281 1715 id
314 1655 424 1736 ntique
459 1657 611 1739 virginee
642 1658 730 1721 Matri
762 1658 923 1742 competit.
980 1656 1139 1718 Christum
1154 1656 1224 1718 sine
1244 1676 1394 1721 mensura
1412 1658 1517 1721 omnis
1536 1660 1644 1741 gratiae
1661 1660 1729 1741 ple-
1748 1692 1831 1735 mn„
1846 1704 1874 1744 n,

177 1751 448 1825 Quemadmodum
484 1755 631 1835 equidem
666 1755 807 1819 Christus
842 1757 924 1819 Dens
981 1754 1160 1817 nitudinem
1176 1754 1333 1818 sortitum.
1350 1755 1429 1818 Huic
1444 1774 1520 1838 ergo
1534 1756 1727 1839 plenitudini
1743 1756 1777 1797 ³⁴·

177 1858 236 1928 est,
259 1870 297 1913 ex
323 1852 499 1915 substantia
522 1853 621 1916 Patris
640 1863 713 1917 ante
737 1855 853 1918 saecula
871 1875 924 1937 ge·
943 1852 1152 1934 Bgraliaeque
1177 1852 1313 1915 infinitae
1334 1854 1429 1916 Maria
1449 1856 1729 1918 vehementissimo

176 1948 279 2027 nitus;
295 1948 341 2012 sic
364 1950 471 2031 utique
493 1952 589 2015 homo
610 1960 669 2032 est,
690 1971 728 2014 ex
749 1953 925 2016 substantia
981 1950 1226 2032 appropinquat.
1257 1952 1412 2035 Amplius,
1443 1952 1587 2015 naturale
1615 1954 1667 2035 jus
1697 1954 1751 2039 id

176 2046 282 2109 lintris
297 2047 329 2108 in
345 2048 460 2111 saeculo
481 2057 585 2113 natus.
602 2050 689 2124 Quod
710 2057 862 2131 praeterea
880 2052 927 2114 di·
982 2048 1090 2130 exigit,
1122 2056 1157 2111 ut
1184 2058 1349 2130 parentem
1384 2050 1489 2132 proles
1524 2052 1669 2131 honoret,
1700 2051 1729 2115 ei

177 2144 270 2224 citur,
299 2146 443 2226 genitum
472 2166 577 2211 anon
604 2166 674 2210 esse
701 2147 866 2229 proficisci
893 2150 927 2212 iu
982 2165 1107 2229 quoque
1136 2148 1291 2229 quidquid
1319 2150 1421 2227 decet,
1443 2168 1499 2231 pro
1528 2149 1650 2213 viribus
1679 2170 1732 2213 ex-

177 2261 259 2323 esse,
286 2244 466 2325 negandum
491 2264 573 2326 reor,
599 2246 626 2307 si
649 2246 721 2326 quis
745 2246 778 2308 id
801 2248 928 2310 univer·
982 2246 1110 2323 hibeat;
1125 2253 1157 2308 et
1171 2264 1234 2325 quo
1249 2243 1339 2309 lilius
1354 2247 1468 2310 melior
1482 2248 1578 2310 luerit
1592 2248 1732 2329 itemque

177 2338 286 2401 saliter
308 2360 450 2405 asserere
476 2350 607 2424 satagat.
629 2344 768 2407 Verbum
790 2364 928 2427 namque
983 2343 1153 2424 potentior,
1184 2360 1222 2407 eo
1254 2344 1301 2423 (ni
1331 2344 1437 2424 fallor)
1466 2345 1527 2409 hoc
1560 2346 1732 2409 sublimius

176 2438 302 2519 paterni
330 2439 510 2503 intellectus
538 2441 646 2523 proles
679 2443 845 2524 exsistens,
875 2463 929 2508 ve-
982 2441 1165 2523 complebit.
1190 2441 1372 2505 Certissima
1393 2444 1499 2525 itaque
1521 2444 1607 2507 lucet
1627 2444 1659 2506 id
1685 2444 1734 2507 di-

177 2536 302 2599 rissime
321 2538 481 2619 gignitur;
502 2540 558 2603 sed
577 2540 661 2604 absit
679 2549 714 2604 ut
733 2560 752 2604 a
773 2561 837 2606 non
857 2560 927 2605 esse
982 2537 1102 2601 vinitus
1115 2538 1219 2601 llarie
1240 2540 1403 2620 collatum,
1420 2542 1574 2624 quidquid
1594 2542 1661 2604 veri
1676 2542 1732 2604 Dei

177 2636 215 2698 ad
237 2655 310 2699 esse
331 2637 480 2718 progredi
502 2640 674 2702 credatur:
696 2640 741 2703 sic
763 2641 849 2703 enim
870 2641 927 2702 mi·
982 2634 1174 2699 Genitricem
1198 2637 1341 2701 decebat.
1366 2639 1426 2702 Sed
1449 2657 1520 2720 quas
1545 2659 1637 2704 mens
1657 2658 1733 2705 con-

176 2742 284 2815 greret
302 2734 342 2797 de
360 2735 503 2816 potentia
522 2737 688 2817 inactum,
709 2746 742 2802 et
760 2757 824 2802 non
843 2746 928 2801 esset
982 2734 1101 2815 cipere,
1122 2754 1192 2817 quae
1211 2745 1306 2817 queat
1326 2736 1436 2818 lingua
1454 2739 1610 2801 disserere
1634 2756 1733 2819 quan-

178 2850 274 2894 verus
291 2832 387 2894 Deus.
409 2832 535 2896 Etenim
556 2835 590 2896 in
610 2834 752 2899 increato
770 2845 843 2899 ente
862 2856 926 2900 non
982 2840 1046 2894 tam
1071 2832 1100 2895 ei
1124 2832 1246 2914 Virgini
1270 2834 1441 2915 puritatem
1466 2836 1731 2916 sanctitatemque

177 2937 225 2991 est
248 2929 397 3012 accipere
421 2949 486 2995 non
511 2951 581 2995 esse
604 2943 677 2995 ante
701 2952 783 3012 esse,
804 2934 859 2996 sed
879 2942 928 2997 est
982 2930 1088 2993 inesse
1115 2931 1233 3011 decuit,
1263 2950 1333 3013 quae
1361 2934 1465 2997 omnis
1494 2933 1656 2997 munditie
1687 2942 1733 2997 to-

177 3027 244 3090 illic
275 3028 408 3110 simplex
437 3031 600 3093 dumtaxat
627 3031 771 3096 dillusio.
795 3034 835 3095 llt
858 3034 926 3097 haec
943 3031 966 3096 G
982 3029 1109 3110 tiusqne
1123 3029 1249 3092 virtutis
1264 3049 1300 3093 ac
1317 3032 1491 3095 sanctitatis
1506 3030 1733 3113 fontem,sum-

176 3144 240 3189 non
255 3126 343 3189 aliud
358 3137 518 3210 estquam
532 3130 693 3210 processio
713 3129 794 3193 lucis
808 3150 827 3193 a
842 3130 925 3211 luce,
982 3126 1026 3188 mi
1051 3126 1151 3189 Patris
1176 3127 1378 3209 Unigenitum
1403 3132 1584 3213 concipere,
1606 3149 1731 3212 parere,

175 3232 267 3287 actus
294 3226 335 3287 ab
362 3235 446 3305 actu,
471 3234 504 3289 et
528 3228 583 3290 llei
607 3247 626 3289 a
649 3229 723 3291 Deo.
747 3227 816 3292 Non
840 3230 927 3292 enirn
981 3225 1100 3288 lactare
1122 3233 1153 3288 et
1174 3226 1258 3289 alere
1280 3227 1412 3291 debuitl

176 3322 333 3405 contingit
347 3324 381 3385 in
392 3324 597 3405 processione
612 3326 721 3388 divina
733 3334 826 3408 atque
840 3336 928 3391 eter-
1021 3323 1184 3401 Prasterea,
1208 3326 1384 3388 secundum
1413 3324 1554 3389 nobilem
1582 3326 1733 3391 Aristote-

175 3440 217 3483 na
239 3422 388 3504 accipere
410 3423 584 3485 terminum
608 3444 627 3486 a
650 3433 739 3507 parte
761 3433 835 3488 ante
860 3425 922 3488 nisi
982 3420 1058 3501 lem,
1073 3422 1147 3503 diis,
1164 3423 1324 3503 magistris
1339 3431 1371 3485 et
1384 3424 1570 3504 parentibus
1585 3443 1649 3513 non
1664 3434 1732 3506 pot-

175 3539 196 3578 a
218 3540 296 3598 quo,
315 3537 380 3583 non
398 3520 494 3583 etiam
517 3522 690 3584 terminum
710 3543 752 3582 ea>
771 3544 845 3603 quo,
866 3543 925 3587 nec
982 3528 1031 3583 est
1045 3521 1134 3583 reddi
1149 3520 1354 3601 aequivalens.
1366 3522 1426 3584 Sed
1441 3522 1517 3584 hinc
1534 3522 1560 3584 is
1575 3524 1732 3603 excipitur

176 3636 210 3679 re
235 3636 340 3698 neque
363 3617 538 3683 intellectu.
563 3620 598 3682 ln
623 3619 782 3685 creatione
806 3622 925 3705 quippe
982 3618 1035 3700 qni
1059 3618 1222 3700 propriam
1245 3626 1379 3681 matrem
1406 3619 1556 3697 condidit,
1578 3622 1730 3701 quoniam

176 3716 314 3777 sumitur
346 3716 500 3779 terminus
533 3739 575 3778 ec
609 3739 683 3798 quo,
713 3720 768 3781 sed
804 3720 925 3783 ratione
980 3716 1053 3796 plus
1071 3714 1207 3778 contulit
1230 3733 1326 3795 quam
1351 3716 1482 3797 recepit.
1505 3717 1729 3781 Verumtamen

174 3814 338 3876 dumtaxat
367 3837 375 3875 z
405 3814 459 3877 bic
487 3816 574 3877 enirn
602 3816 790 3898 intelligitur
822 3817 923 3897 nihil;
981 3813 1013 3875 id
1025 3812 1242 3893 constat,quia
1255 3820 1378 3875 tantum
1389 3813 1649 3895 dedit,qnantum
1664 3823 1729 3878 tan·

173 3911 260 3990 quod
285 3929 350 3973 non
374 3930 444 3974 esse
469 3912 587 3975 realem
611 3913 795 3994 terminum,
819 3915 924 3996 palam
979 3918 1048 3972 tum
1071 3908 1230 3991 talemque
1254 3910 1369 3974 Filimn
1389 3910 1541 3975 Genitrici
1568 3932 1632 3975 suae
1653 3914 1727 3977 dare

174 4009 300 4089 opinor.
320 4009 484 4089 Praetarea,
508 4011 541 4073 in
563 4012 766 4094 generatione
787 4015 923 4077 naturali
979 4008 1096 4071 decuit.
1121 4007 1196 4083 Quis
1224 4026 1300 4072 vero
1327 4010 1598 4092 comprehendere
1627 4012 1728 4092 possit

173 4114 269 4188 atque
293 4108 447 4187 sensibili,
469 4118 602 4192 uterque
623 4112 778 4174 terminus
797 4132 816 4175 a
835 4121 924 4194 parte
979 4108 1055 4188 quid
1084 4106 1198 4169 Filium
1228 4107 1391 4170 immense
1420 4108 1606 4190 maJestatis,
1632 4109 1729 4172 incir-

173 4214 258 4284 ante,
276 4204 399 4269 scilicet
417 4228 459 4267 eo>
476 4228 540 4287 quo
559 4216 592 4271 et
609 4230 630 4268 a
649 4230 723 4289 quo,
741 4210 835 4273 realis
853 4220 921 4290 est3
939 4204 1180 4287 bcnmscripta
1208 4205 1370 4287 bonitatis,
1400 4206 1726 4289 magnificentissime

174 4305 230 4366 sed
259 4302 294 4366 in
322 4306 523 4369 emanatione
552 4306 662 4370 divina
689 4310 729 4371 ad
757 4309 850 4388 intra,
875 4317 924 4373 est
978 4302 1186 4383 liberalitatis,
1203 4312 1267 4366 tarn
1286 4304 1372 4368 dulci
1387 4305 1625 4389 praeelectaeque
1638 4306 1726 4370 llatri

174 4402 262 4464 solus
291 4402 447 4466 terminus
471 4424 493 4464 c
515 4426 590 4485 quo,
616 4424 672 4469 seu
695 4405 783 4488 origo
806 4408 924 4490 princi·
978 4401 1090 4466 donari
1118 4401 1273 4465 decebatl
1302 4403 1342 4466 At
1376 4423 1463 4483 vero,
1493 4405 1548 4487 qui
1576 4406 1725 4471 omnibus
1739 4430 1815 4477 tace.
1828 4446 1842 4487 1,
1851 4434 1871 4477 a.

174 4498 267 4579 pians
294 4509 426 4581 aparte
453 4509 536 4565 ante.
561 4502 596 4564 lu
625 4505 842 4585 assumptione
870 4508 924 4569 de·
977 4500 1075 4584 gratis
1103 4500 1336 4583 affluenterque
1365 4502 1475 4565 tribuit
1503 4510 1535 4566 et
1563 4504 1643 4566 nulli
1667 4505 1726 4568 im-

173 4598 271 4678 nique
299 4598 506 4663 humanitatis
533 4620 552 4663 a
578 4601 693 4682 Verbo,
723 4622 789 4667 non
817 4604 850 4666 in
878 4605 924 4667 di·
978 4608 1137 4682 properat,
1167 4599 1244 4679 qnid
1273 4599 1303 4661 ei
1331 4600 1516 4682 prestitisse
1546 4604 1725 4667 censendus

173 4695 305 4760 vinitate
344 4698 399 4760 sed
434 4699 631 4762 humanitate
671 4703 803 4765 mutatio
838 4701 923 4765 lacta
977 4707 1027 4763 est
1053 4717 1124 4780 que
1151 4716 1224 4759 eum
1252 4706 1316 4761 tam
1341 4700 1559 4763 matemaliter
1582 4700 1723 4783 lactavit,

174 4796 335 4859 censenda
356 4804 415 4859 est.
435 4797 589 4861 Divinitas
609 4818 725 4881 nempe
746 4820 806 4863 nec
826 4802 923 4864 mixta
977 4810 1042 4863 tam
1066 4798 1243 4862 affectuose
1267 4796 1358 4877 fovit,
1381 4808 1549 4881 ceteraque
1574 4810 1724 4867 matemae

174 4901 234 4973 est,
259 4913 365 4975 neque
391 4894 552 4976 immersa,
582 4906 615 4959 et
641 4898 770 4979 proprie
797 4918 922 4982 quoque
977 4897 1220 4961 ministrationis
1234 4898 1384 4961 exercitia
1398 4906 1462 4961 tarn
1478 4909 1660 4963 reverenter
1674 4920 1726 4964 ex·

175 5010 235 5055 nec
254 5012 329 5075 pars
347 4993 433 5056 lacta
450 5002 510 5075 est,
526 5014 630 5077 neque
649 4996 846 5078 composita;
867 4999 922 5062 sed
977 4996 1102 5060 hibuitl

176 5090 206 5151 ei
240 5090 423 5154 humanitas
451 5092 541 5156 unita
570 5102 630 5173 est,
660 5096 922 5159 sustentationem
1018 5096 1140 5175 Adbuc,
1161 5114 1224 5178 qno
1247 5097 1309 5160 lleo
1331 5104 1474 5159 creatura
1492 5094 1630 5178 amplius
1651 5112 1726 5161 eon·

176 5187 478 5273 subsistentiamque
498 5192 539 5256 ab
562 5192 632 5274 ipsa
655 5193 836 5257 immediate
857 5215 923 5260 sor·
979 5194 1144 5275 formatur,
1165 5213 1203 5257 eo
1226 5195 1265 5257 ad
1289 5194 1414 5257 divinas
1438 5194 1640 5257 excellentias
1660 5194 1727 5276 glo-

175 5284 242 5350 tita.
981 5293 1096 5356 riosius
1117 5294 1264 5375 assurgit.
1285 5292 1363 5367 Quid
1382 5302 1488 5356 autern
1507 5301 1625 5356 aeterno
1643 5292 1726 5355 Patri
