4309 6259
464 466 525 533 422
604 488 644 535 DE
666 488 867 535 alexanarino
888 490 1018 536 annulus
1039 490 1077 535 ΕΤ
1097 490 1195 535 lttssAE
1216 488 1443 536 cntnnnxtlonn
1463 490 1623 537 bistones.
1646 508 1687 519 -
1706 488 1776 535 Ant.
1799 490 1870 535 xxvl

465 656 548 722 sicut
572 659 606 721 in
629 660 778 724 omnibus
802 661 924 725 divitiis
948 662 1131 744 gloriemur.
1152 662 1213 725 Fac
1227 663 1253 725 Α
1268 662 1454 744 haereamus,
1476 686 1549 731 cum
1574 674 1660 729 metu
1678 672 1711 727 et
1729 663 1899 727 reverentia
1916 662 2071 731 obse-uun

464 776 523 822 nos
538 759 698 842 sapienter
711 779 748 823 ac
768 760 927 842 profunde
948 761 1064 823 intueri
1088 761 1213 824 assidue

465 876 538 920 cum
553 866 671 938 quanta
691 859 869 922 reverentia
883 868 915 923 ct
929 859 1121 939 obedientia,
1138 878 1212 921 cum

464 963 582 1037 quanta
597 956 732 1037 puritate
747 966 779 1019 et
792 958 1079 1039 gratitudine,cum
1094 966 1213 1039 quanta

463 1054 693 1117 ardentissimae
719 1056 859 1118 caritatis
883 1056 1056 1120 affectione
1086 1065 1118 1119 ct
1142 1072 1212 1139 pro

463 1150 654 1214 fundissima
686 1152 867 1217 hnmilitate
901 1154 959 1216 tibi
995 1154 1213 1217 indesinenter

463 1250 618 1313 adsistant
649 1259 681 1313 et
708 1251 926 1332 obsequantur
960 1271 1072 1315 omnes
1106 1253 1210 1334 angeli

463 1348 575 1426 sancti,
592 1357 624 1411 et
638 1349 777 1411 universi
793 1350 880 1413 cives
896 1351 1036 1432 superni,
1053 1358 1132 1413 utet
1153 1369 1211 1413 nos

462 1465 619 1528 pauperes
637 1456 670 1510 et
689 1448 824 1529 indigni,
841 1467 953 1511 eornm
977 1450 1123 1531 exemplo
1147 1458 1212 1511 stu-

462 1544 594 1607 deamus
608 1564 682 1607 cum
697 1546 783 1609 omni
800 1555 917 1610 conatu
932 1556 1124 1625 reverenter,
1138 1548 1212 1612 obe-

462 1642 597 1722 dienter,
610 1662 699 1725 pure,
712 1652 882 1725 gratanter,
896 1663 1051 1725 amorose,
1065 1646 1211 1708 timorate

462 1747 557 1821 atque
584 1741 748 1805 humiliter
778 1744 836 1806 tibi
866 1743 986 1824 ubique
1012 1752 1045 1806 et
1072 1763 1207 1826 semper,

1268 780 1413 842 quamur.
2002 747 2024 787 ἢ

1308 860 1331 923 0
1346 862 1480 925 Trinitas
1495 861 1739 946 supergloriosa,
1755 880 1825 943 quae
1839 879 1894 924 nos
1908 862 1942 923 ad
1955 861 1991 923 tni

1268 958 1368 1041 ipsius
1388 961 1659 1043 supernaturalem
1683 958 1863 1022 beatificam
1885 958 1992 1021 fruitio

1268 1076 1340 1119 nem
1365 1067 1397 1120 ct
1421 1058 1537 1121 claram
1563 1078 1620 1141 per
1643 1056 1783 1140 speciem
1809 1055 1992 1119 deliciosissi-

1267 1174 1351 1217 mam
1388 1157 1544 1221 visionem
1581 1158 1707 1236 creasti,
1736 1163 1830 1236 atque
1862 1156 1899 1218 ad
1924 1155 1990 1217 hanc

1267 1254 1499 1317 nobilissimam
1514 1254 1773 1317 sacramentalem
1794 1251 1989 1331 refectionem,

1266 1350 1381 1415 futura
1399 1352 1486 1415 illius
1512 1352 1697 1416 refectionis
1717 1350 1866 1432 figuram,
1882 1350 1989 1428 invitas,

1266 1467 1361 1529 quam
1380 1450 1565 1513 detestanda
1579 1470 1616 1513 ac
1631 1448 1826 1531 deploranda
1845 1457 1891 1511 est
1909 1446 1991 1528 negli

1266 1546 1383 1627 gentia,
1402 1546 1466 1611 imo
1490 1547 1675 1630 insipientia
1699 1554 1731 1610 et
1751 1546 1873 1608 malitia
1890 1553 1988 1616 nostra,

1266 1645 1350 1724 quod
1385 1653 1449 1707 tam
1485 1645 1693 1708 ineffabiliter
1720 1663 1846 1725 magna,
1875 1642 1991 1725 pretiosa

1267 1742 1437 1823 divinaque
1452 1743 1535 1806 dona
1549 1742 1753 1825 negligimus,
1771 1760 1830 1804 nec
1844 1741 1990 1803 inardesci-

462 1838 664 1920 potissimum
689 1840 723 1901 in
748 1841 973 1918 celebratione,
994 1842 1148 1905 adsistere
1173 1863 1208 1905 ac
1228 1838 1251 1900 Β
1268 1859 1337 1902 mus
1366 1840 1474 1903 videre
1507 1840 1591 1904 bona
1623 1840 1746 1904 Domini
1783 1840 1815 1901 in
1850 1848 1927 1901 terra
1954 1839 1990 1899 ri·
2008 1869 2077 1910 affl,

463 1937 582 2001 servire
596 1939 635 2002 ad
651 1938 777 2002 landem
798 1948 830 2002 et
848 1939 981 2021 gloriam
996 1940 1136 2003 nominis
1151 1941 1207 2004 tui.

635 2191 880 2257 ARTIGULUS
905 2192 1030 2256 XXVI.

585 2341 698 2403 Oratio
728 2343 870 2400 secunda
899 2342 938 2400 de
965 2344 1083 2402 eodem.

501 2527 525 2590 0
546 2527 683 2590 Trinitas
704 2527 977 2609 superbenedicta,
994 2535 1123 2610 propter
1143 2547 1210 2591 om-

460 2645 535 2687 nem
562 2625 746 2704 bonitatem,
777 2625 942 2688 caritatem
970 2634 1002 2687 et
1030 2625 1210 2691 misericor-

460 2724 547 2787 diam
561 2732 647 2787 tuam
663 2744 759 2806 super
772 2744 873 2805 genus
887 2725 1072 2805 humanum,
1082 2734 1209 2807 propter

460 2830 626 2902 aeternum,
642 2821 913 2904 sapientissimum
939 2830 971 2884 et
996 2824 1209 2904 supergratio

460 2920 622 2982 sissimum
641 2920 811 2983 consilium
833 2928 923 2982 tuum
945 2940 1040 3003 super
1061 2922 1155 2984 modo
1178 2930 1210 2984 et

1266 1938 1420 2019 vantium,
1451 1958 1510 2001 nec
1539 1940 1578 2001 ad
1606 1940 1723 2020 Regem
1751 1937 1861 2019 gloriae
1887 1938 1917 1999 in
1944 1936 2022 2035 suo¹,³,·
2039 2005 2078 2033 m-

1265 2036 1594 2120 incircumscriptibili
1630 2036 1822 2120 penitusque
1854 2025 2028 2100 immemor]
2076 2032 2078 2034 ’

1265 2135 1547 2217 contemplandum
1567 2136 1681 2198 decore
1702 2134 1896 2216 suspiramus
1913 2144 1940 2197 et
1954 2133 1990 2194 fe

1265 2233 1444 2295 stinamusl
1485 2232 1508 2296 0
1545 2233 1571 2295 si
1611 2252 1732 2315 pauper
1769 2232 1929 2295 famelicus
1959 2231 1989 2293 ad

1264 2331 1434 2412 prandium
1469 2330 1641 2394 delicatum
1673 2330 1783 2393 divitis
1810 2332 1850 2393 ab
1879 2331 1990 2413 ipsomet

1264 2429 1363 2492 divite
1379 2438 1557 2508 vocaretur,
1573 2430 1710 2511 qualiter
1725 2447 1783 2511 pro
1799 2448 1890 2511 posse
1904 2448 1953 2491 suo
1964 2446 1990 2489 se

1264 2532 1390 2589 ornaret
1405 2545 1441 2590 ac
1457 2527 1502 2590 ire
1516 2528 1729 2590 acceleraret!
1746 2527 1785 2589 Et
1799 2546 1857 2609 ego
1879 2545 2079 2609 pauper-mar.

1264 2625 1375 2704 rimus,
1396 2643 1499 2688 cacus
1525 2632 1556 2687 et
1581 2626 1697 2703 nudus,
1719 2625 1822 2703 malis,
1844 2623 1990 2686 infirmita·

1264 2723 1349 2785 tibus
1364 2722 1489 2804 plenuS,
1506 2723 1544 2785 ad
1560 2742 1703 2785 mensam
1724 2730 1857 2801 tuam,o
1878 2721 1987 2795 Christe,

1264 2820 1302 2883 ad
1338 2828 1419 2882 tuam
1456 2820 1772 2883 medicinalissimam
1808 2819 1988 2884 refectionem

1264 2938 1327 2983 non
1349 2919 1526 2997 inardesco,
1543 2938 1607 2982 non
1632 2937 1683 2981 mc
1709 2918 1841 2997 adorno,
1861 2938 1920 2981 non
1939 2925 1990 2979 toto

460 3018 645 3081 exsistentia
669 3017 897 3100 redemptionis
918 3028 1044 3099 nostra,
1062 3020 1208 3083 illumina
1226 3018 1247 3081 C
1263 3018 1382 3081 affectu
1408 3037 1482 3081 cum
1511 3017 1599 3080 omni
1625 3016 1805 3080 bumilitate
1825 3037 1861 3079 ac
1883 3034 1990 3079 venera

460 3118 584 3179 animas
598 3125 722 3179 nostras
736 3117 776 3178 ad
791 3116 1059 3180 considerandum
1074 3118 1209 3180 salubri-

460 3223 509 3277 ter
523 3233 618 3295 quam
633 3233 778 3277 amorose
793 3234 829 3277 ac
844 3216 896 3296 pie
911 3216 1005 3297 egisti
1027 3216 1206 3294 nobiseum,

461 3321 492 3375 et
510 3312 599 3394 juxta
617 3312 818 3375 altitudinem
839 3313 915 3376 fidei
936 3321 1051 3377 nostrae
1077 3314 1128 3376 fac
1151 3334 1209 3378 nos

462 3411 518 3473 tibi
534 3409 813 3493 proportionaliter
832 3411 865 3472 in
879 3411 942 3473 alta
964 3412 1117 3474 virtutum
1141 3432 1211 3495 per-

463 3509 603 3572 fectione
628 3508 758 3571 servire.
775 3509 866 3572 Juxta
891 3509 1140 3591 profunditatem
1166 3532 1211 3574 sa-

466 3608 593 3690 pientiae
617 3608 798 3670 christianae
822 3607 874 3669 fac
899 3626 957 3670 nos
981 3627 1089 3671 coram
1118 3617 1148 3671 te
1178 3610 1210 3670 in

314 3724 451 3777 accarim,
466 3706 622 3789 sapientia
637 3707 737 3769 instar
751 3706 827 3769 solis
842 3706 998 3768 stabiliter
1012 3726 1209 3788 permanere,

318 3791 351 3831 tt.

465 3823 524 3866 nec
540 3804 640 3866 instar
654 3804 737 3866 lunae
759 3804 844 3866 sinas
866 3823 925 3867 nos
945 3804 1074 3884 variari,
1092 3806 1213 3887 passio-

464 3922 542 3964 num
561 3902 700 3965 motibus
722 3902 846 3982 agitari,
863 3902 950 3965 vitiis
973 3902 1077 3965 subdi.
1095 3903 1213 3966 Erube-

464 4020 590 4063 scamus
610 4000 643 4062 in
663 4000 830 4081 praesentia
849 3999 929 4061 lucis
949 4007 1010 4063 tuae
1034 4001 1210 4080 immensae,

465 4098 498 4159 in
527 4105 700 4179 conspectu
735 4097 899 4179 sapientiae
932 4106 994 4161 tua
1027 4107 1152 4163 aeternae
1181 4110 1212 4163 et

1264 3117 1351 3179 tione
1373 3134 1516 3179 occurro.

1304 3216 1361 3294 l'u,
1375 3214 1529 3293 Salvator,
1540 3220 1603 3277 stas
1618 3214 1658 3275 ad
1672 3213 1789 3276 ostium
1805 3214 1916 3276 mentis
1929 3229 1989 3274 mea
1999 3227 2062 3272 nie.

1265 3320 1295 3375 et
1310 3312 1428 3395 pulsas,
1442 3310 1560 3375 divinis
1577 3311 1794 3393 angelicisque
1808 3309 1989 3374 instinctibus

1265 3410 1393 3488 excitae,
1414 3427 1534 3487 moves,
1555 3408 1692 3471 hortaris
1715 3416 1751 3471 ut
1776 3410 1834 3472 tibi
1859 3409 1987 3491 aperiam,

1266 3518 1302 3571 ut
1321 3528 1416 3571 omne
1431 3508 1476 3570 tui
1491 3508 1621 3589 gratiosi
1645 3508 1794 3571 introitus
1815 3506 1989 3571 obstaculum

1267 3608 1375 3687 vitem,
1403 3607 1443 3669 ab
1471 3606 1558 3669 omni
1590 3614 1731 3688 peccato,
1757 3606 1853 3669 etiam
1881 3602 1988 3680 veniali,
1999 3620 2080 3669 sacru.

1266 3704 1356 3785 quasi
1370 3724 1389 3765 a
1403 3703 1485 3766 facie
1505 3703 1626 3767 colubri
1650 3710 1682 3765 ct
1703 3703 1850 3767 draconis
1871 3722 1935 3765 mox
1951 3700 1990 3762 fu-

1266 3802 1393 3884 giendo,
1409 3810 1503 3883 atque
1518 3802 1556 3863 ad
1573 3810 1603 3863 te
1618 3802 1744 3863 assidue
1764 3802 1952 3883 adspirando,
1966 3807 1988 3858 te

1266 3899 1428 3963 ferventer
1452 3899 1630 3963 invocando
1657 3923 1663 3961 :
1689 3899 1799 3980 sicque
1824 3896 1988 3981 ingrediaris
2008 3920 2076 3974 ioca

1266 3997 1450 4061 cubiculum
1473 3996 1590 4061 mentis
1606 4016 1683 4059 meaa
1698 4004 1730 4059 et
1744 4016 1852 4061 coenes
1872 4014 1987 4069 mecum,
1999 3986 2022 4025 ²⁰·

1266 4115 1337 4160 mco
1356 4094 1512 4177 profectui
1537 4094 1778 4176 congaudendo,
1794 4096 1873 4158 meis
1894 4091 1990 4157 exerci-

465 4214 572 4258 coram
588 4195 886 4277 supersanctissimo
908 4195 997 4257 vultu
1019 4197 1128 4277 gloriae
1150 4206 1211 4261 tuae
1228 4193 1318 4256 litiis
1342 4193 1490 4257 virtuosis
1515 4192 1855 4274 exercitationibusque
1878 4190 1990 4255 internis

465 4293 571 4357 viliter
594 4293 787 4371 conversari,
805 4293 909 4373 turpia
934 4294 1082 4375 cogitare,
1100 4295 1212 4358 illicita

465 4392 628 4454 affectare.
657 4391 747 4453 Absit
781 4400 817 4453 ut
850 4391 987 4473 emplius
1022 4412 1212 4456 veneremur

465 4489 663 4573 praesentiam
677 4489 843 4552 bominum
858 4508 952 4570 quam
966 4490 1119 4554 divinam.
1132 4492 1209 4572 lmo,

319 4607 373 4650 nac.
388 4622 403 4657 1,
417 4612 451 4659 ea,
466 4587 548 4650 sicut
576 4587 761 4669 Unigenitus
790 4585 888 4648 Patris
912 4586 1053 4649 visitavit
1075 4596 1107 4650 et
1135 4588 1212 4652 fecit

320 4672 355 4720 tt,
369 4672 403 4712 tt.

466 4684 716 4767 redemptionem
730 4683 834 4765 plebis
854 4702 930 4760 sua,
946 4692 982 4746 nt
1001 4684 1071 4746 sine
1093 4684 1212 4747 inordi-

466 4791 540 4845 nato
554 4782 679 4860 timore,
700 4783 740 4844 de
759 4800 856 4843 manu
870 4781 1074 4844 inimicorum
1089 4790 1211 4845 nostro-

465 4900 535 4943 rum
560 4880 697 4959 liberati,
713 4878 888 4941 serviamus
913 4878 971 4942 tibi
991 4878 1024 4940 in
1044 4879 1210 4942 sanctitate

463 4986 496 5042 et
522 4976 646 5058 justitia
670 4976 887 5039 indesinenter
909 4995 1009 5058 usque
1033 4976 1066 5038 in
1091 4975 1208 5056 fincm3

464 5077 510 5139 sic
535 5094 553 5137 a
576 5075 654 5156 jugo
679 5073 808 5153 diaboli,
833 5094 852 5136 a
876 5073 1033 5136 vilissima
1057 5074 1209 5139 servitute

463 5174 598 5259 peccati,
628 5173 667 5235 ab
700 5172 786 5235 omni
824 5172 979 5253 injustitia
1013 5173 1209 5236 excutiamus

464 5292 589 5356 semper
603 5291 658 5335 cor
672 5278 827 5349 nostrum,
843 5278 875 5333 et
888 5270 944 5333 tibi
967 5270 1134 5334 sinceriter
1156 5272 1208 5335 ad-

1267 4300 1296 4353 te
1317 4291 1421 4374 ipsum
1444 4290 1534 4373 quasi
1555 4291 1726 4373 pascendo,
1742 4291 1809 4354 imo
1834 4312 1882 4355 me
1903 4290 1988 4372 ipsum

1266 4389 1298 4452 in
1316 4398 1345 4452 te
1361 4389 1581 4453 transferendo
1595 4407 1632 4451 ac
1648 4391 1872 4467 convertendo,
1888 4389 1940 4451 boc
1953 4392 1989 4447 est

1266 4506 1318 4550 me
1333 4487 1538 4569 spiritualiter
1552 4486 1773 4550 manducando
1788 4495 1820 4550 et
1832 4488 1888 4550 tibi
1907 4488 1989 4548 incor-

1266 4586 1419 4667 porando,
1435 4585 1511 4666 quia
1532 4584 1654 4647 deliciae
1676 4591 1736 4647 tuae
1752 4592 1826 4647 sunt
1845 4604 1909 4648 esse
1930 4599 1987 4645 cun
2000 4593 2041 4634 uc
2053 4593 2076 4620 n

1266 4684 1343 4746 filiis
1363 4684 1529 4747 bominum
1551 4683 1594 4745 ita
1614 4683 1804 4764 agentibus3
1821 4684 1866 4747 sic
1884 4658 2021 4764 quoqne³¹'

1266 4790 1298 4846 ct
1311 4801 1370 4863 ego
1385 4801 1509 4845 coenem
1524 4788 1641 4860 tecum,
1658 4780 1801 4844 coelestia
1815 4782 1869 4844 illa
1889 4776 1989 4843 fercula

1266 4880 1497 4963 praegustando,
1512 4879 1575 4941 imo
1590 4888 1621 4941 te
1635 4878 1740 4961 ipsum
1755 4898 1813 4961 per
1826 4875 1989 4963 pracordia-

1265 4978 1327 5041 lem
1348 4978 1465 5041 amoris
1490 4976 1743 5040 masticationem
1767 4978 1897 5040 edendo.
1911 4975 1988 5037 Pone

1265 5094 1323 5158 ego
1349 5076 1461 5138 infelix
1480 5084 1511 5139 et
1533 5076 1722 5153 insensatus,
1746 5076 1786 5137 ad
1806 5073 1987 5158 aperiendum

1265 5182 1351 5237 tanto
1366 5174 1511 5254 Domino,
1529 5181 1591 5236 tam
1613 5173 1768 5237 altissimo
1790 5173 1913 5255 hospiti,
1932 5186 1988 5231 snm

1265 5272 1373 5335 tardus
1387 5280 1419 5335 et
1433 5272 1613 5354 negligens,
1626 5271 1666 5334 ad
1681 5272 1928 5336 convescendum
1941 5264 1988 5329 tibi
