4309 6259
434 508 476 557 na
495 508 585 557 noms
605 506 739 555 seramus
760 502 880 561 aarum,
901 503 1077 553 reserares
1100 504 1143 551 ιιι.
1165 521 1206 535 -
1225 505 1295 551 aar.
1319 504 1386 563 aur,
1408 506 1461 553 mv
1661 483 1721 551 217

172 679 298 760 timere,
322 679 373 742 rel
391 679 433 743 ob
451 678 522 760 ejus
542 677 688 741 timorem
707 693 727 737 a
749 675 833 738 bono
854 691 919 737 non
934 671 961 738 Α
976 672 1040 737 ctio
1054 672 1250 737 fortitudinis
1265 694 1335 757 que
1353 682 1402 738 est
1419 674 1520 739 virtus
1536 675 1664 739 moralis
1685 694 1722 741 ac

172 797 300 842 cassare
314 798 374 842 nac
389 778 507 841 malum
526 776 735 852 committere,
750 772 920 836 difficilius
975 771 1157 849 cardinalis,
1183 772 1267 836 sieut
1293 774 1359 855 jam
1388 773 1499 857 patuit,
1530 772 1722 854 investigare

171 886 220 939 ost
245 896 342 958 quam
361 877 459 939 ardua
477 874 605 957 aggredi
619 898 628 952 3
644 872 691 936 sic
712 870 921 955 principalior
973 878 1098 951 oportet
1112 871 1188 952 quid
1203 889 1283 953 opus
1297 872 1340 935 sit
1354 871 1435 933 ultra
1449 890 1519 935 eam
1535 871 1610 953 poni
1626 871 1721 933 aliam

171 984 263 1037 actus
287 974 485 1039 fortitudinis
503 981 553 1037 est
570 972 727 1035 sustinere
746 990 841 1053 quam
867 989 920 1051 ag·
973 967 1194 1031 fortitudinem
1211 970 1428 1033 sublimiorem
1444 978 1475 1033 et
1490 969 1720 1047 efficaciorem,
1736 1026 1741 1037 .

169 1072 551 1155 gredi,principaliusque
566 1072 605 1135 ad
620 1070 838 1134 fortitudinem
853 1087 920 1150 per·
974 1067 1105 1147 quasit
1124 1066 1250 1131 habitus
1272 1068 1521 1149 supernaturalis
1543 1087 1580 1132 ae
1602 1069 1722 1132 donum

169 1171 250 1234 tinet
266 1171 413 1234 timorem
427 1171 539 1235 mortis
557 1170 730 1251 reprimere
750 1186 846 1247 quam
865 1186 920 1229 au·
975 1164 1112 1247 Spiritus
1134 1166 1251 1229 Sancti.

168 1267 295 1331 daciam
310 1286 469 1331 coercere.
484 1268 573 1330 Unde
594 1266 802 1347 Philosophus
824 1264 918 1327 tertio
1013 1263 1115 1345 Hujus
1144 1272 1249 1327 autem
1273 1266 1390 1348 duplex
1415 1273 1465 1329 est
1489 1266 1578 1329 ratio.
1605 1264 1720 1341 Prima,

167 1364 354 1428 Ethicorum
380 1389 388 1428 ε
413 1366 529 1429 Tristia
551 1364 683 1446 (inquit)
712 1362 915 1439 sustinentes,
973 1362 1125 1441 quoniam
1160 1362 1312 1427 fortitudo
1346 1383 1415 1445 quae
1449 1364 1549 1425 virtus
1578 1371 1720 1440 vocatur,

167 1464 306 1527 maxime
327 1464 424 1528 fortes
446 1473 609 1528 vocantur.
626 1462 758 1537 Quidam
780 1479 918 1543 namque
974 1459 1078 1521 reddit
1098 1460 1261 1523 hominem
1284 1461 1365 1523 hene
1387 1461 1539 1525 mobilem
1554 1460 1720 1539 aratione,

167 1569 242 1624 anto
274 1560 418 1642 pericula
446 1571 522 1623 sunt
550 1560 768 1641 praevolantes,
798 1560 854 1623 sed
884 1558 917 1620 in
974 1558 1157 1639 resistitque
1182 1558 1420 1640 impedimentis
1444 1559 1597 1623 virtutum
1622 1578 1723 1641 quan-

167 1659 248 1740 ipsis
269 1658 450 1734 deficiunt3
469 1658 566 1723 fortes
586 1676 661 1721 vero
682 1667 755 1720 ante
777 1656 918 1739 pericula
973 1665 1041 1719 tum
1064 1656 1252 1720 naturaliter
1276 1656 1348 1719 fieri
1376 1666 1500 1739 potcst3
1526 1677 1589 1723 non
1616 1666 1722 1721 autem
1837 1730 1842 1739 ¹

166 1777 276 1819 secum
292 1758 373 1820 bene
387 1756 639 1836 deliberant,sed
655 1756 687 1817 in
703 1756 782 1837 ipsis
797 1755 916 1819 robusti
973 1756 1120 1819 resistere
1147 1756 1230 1818 valet
1252 1756 1375 1818 cunctis
1396 1755 1634 1838 impedimentis
1659 1757 1721 1819 sibi

166 1855 358 1917 consistunt,
375 1891 417 1901 —
434 1856 541 1932 Porro,
561 1856 647 1937 quod
670 1855 714 1917 ait
734 1852 915 1934 Gregorius,
933 1852 958 1914 B
973 1854 1140 1935 oppositis,
1162 1862 1255 1935 atque
1275 1854 1417 1935 pericula
1439 1855 1589 1917 universa
1610 1856 1723 1917 evade-

165 1953 332 2016 Fortitudo
360 1954 547 2017 Sanctorum
575 1960 624 2016 cst
654 1971 783 2015 carnem
810 1950 918 2013 vince-
974 1970 1019 2013 re.
1041 1950 1163 2031 ludiget
1179 1950 1276 2033 igitur
1291 1952 1387 2015 homo
1407 1952 1603 2017 fortitudinis
1624 1954 1720 2031 dono,

165 2070 213 2127 re,
230 2051 495 2115 delectationibus
509 2050 678 2127 contraire,
696 2050 828 2112 delicias
843 2048 917 2111 vite
973 2067 1037 2129 quo
1060 2048 1204 2111 eflicitur
1233 2057 1377 2131 prompte
1407 2050 1535 2113 mobilis
1560 2070 1578 2113 e
1602 2051 1722 2131 Spiritu

164 2150 336 2230 presentis
365 2149 577 2231 exstinguere,
598 2148 840 2228 intelligendum
869 2155 918 2209 est
973 2146 1100 2223 Sancto,
1117 2145 1163 2209 sic
1178 2147 1262 2226 quod
1284 2148 1438 2211 adfinem
1455 2147 1645 2210 laudabilem
1669 2167 1722 2210 cu-

164 2247 208 2309 dc
228 2245 417 2309 fortitudine
434 2265 504 2327 que
523 2244 683 2327 generalis
704 2245 834 2326 ponitur
855 2245 918 2307 vir·
971 2244 1105 2325 juslibet
1118 2244 1224 2326 operis
1240 2244 1378 2308 inchoati
1391 2244 1605 2327 perveniebat
1619 2246 1659 2308 ad
1675 2264 1724 2308 su·

165 2354 219 2405 tus
242 2345 334 2407 :haec
359 2344 446 2407 enim
470 2344 585 2426 partim
609 2344 650 2406 ad
674 2343 915 2425 temperantiam
974 2345 1208 2424 parnaturalem
1225 2343 1452 2406 beatitudinem
1470 2342 1528 2407 rite
1543 2344 1720 2426 pertingat:

169 2441 345 2524 pertinent,
974 2442 1059 2521 quod
1079 2449 1200 2503 certum
1216 2448 1263 2503 est
1277 2459 1405 2503 omnem
1427 2442 1601 2505 naturalem
1624 2442 1723 2504 virtu-

206 2540 381 2619 Postremo,
407 2540 583 2603 secundum
611 2538 815 2616 llacrobium‚
842 2557 918 2620 qua·
975 2547 1038 2600 tem
1062 2538 1225 2615 excedere,
1243 2538 1417 2621 prasertim
1442 2558 1541 2621 quum
1566 2539 1661 2603 homo
1686 2538 1720 2600 in

163 2638 302 2720 druplax
327 2638 456 2718 ponitur
480 2637 633 2701 fortitudo
657 2661 663 2700 :
686 2638 827 2718 politica,
844 2656 918 2718 pur·
976 2636 1044 2717 ipsa
1058 2635 1298 2699 morteamalis
1310 2636 1396 2699 vinci
1412 2645 1443 2699 et
1454 2636 1591 2719 opprimi
1608 2636 1720 2719 possit.

165 2735 303 2817 guterio,
341 2736 466 2817 purgati
501 2734 613 2811 animi,
649 2744 682 2797 et
715 2735 915 2817 exemplaris.
974 2733 1054 2796 llino
1074 2733 1193 2816 quippe
1218 2733 1371 2815 scriptum
1392 2743 1440 2797 est
1457 2758 1464 2795 :
1482 2734 1547 2797 Nisi
1570 2735 1722 2800 Dominus
1737 2745 1870 2789 Peene-¹·

167 2833 334 2897 Fortitudo
368 2832 509 2915 politica,
546 2841 594 2895 est
627 2832 769 2895 animum
809 2842 919 2895 contra
975 2832 1161 2895 custodierit
1186 2832 1358 2911 civitatem,
1386 2832 1502 2894 frustra
1527 2833 1638 2915 vigilat
1667 2832 1722 2914 qni

168 2930 388 3013 periculorum
411 2938 532 2993 motum
557 2929 693 3010 munire,
719 2930 828 3013 nilque
856 2930 918 2992 nisi
976 2930 1114 2992 custodit
1131 2949 1212 2991 eam.
1231 2930 1374 2992 Secunda
1390 2930 1468 2992 ratio
1490 2938 1537 2993 est
1554 2953 1561 2991 ι
1579 2949 1652 2993 nam
1668 2931 1725 2993 ho-

168 3030 277 3111 turpia
305 3029 485 3108 abhorrere,
510 3037 543 3091 et
567 3030 645 3092 dura
669 3029 805 3091 viriliter
826 3030 921 3091 susti·
940 3028 1030 3092 Cmo
1049 3036 1120 3107 eget
1139 3028 1275 3107 quadam
1295 3027 1414 3091 fiducia
1434 3029 1586 3093 evadendi
1610 3038 1724 3093 cuncta

169 3147 258 3191 nere.
295 3126 455 3191 Fortitudo
489 3128 680 3209 purgatoria,
710 3136 759 3189 est
792 3134 921 3209 propter
979 3124 1131 3207 pericula,
1148 3144 1217 3206 que
1236 3132 1268 3187 et
1286 3126 1479 3189 contrarium
1506 3127 1651 3191 timorem
1673 3148 1726 3191 ex-

168 3245 334 3289 recessum
358 3224 474 3287 animae
497 3244 516 3287 a
539 3243 671 3307 corpore
695 3233 788 3307 atque
809 3226 848 3287 ad
869 3244 921 3285 su·
978 3223 1087 3305 pellat,
1103 3232 1258 3303 quatenus
1273 3222 1368 3286 homo
1387 3224 1582 3288 fiducialiter
1596 3245 1632 3287 sc
1649 3235 1726 3289 stra·

168 3343 270 3406 perna
285 3342 452 3386 ascensum
467 3342 531 3386 uon
547 3322 728 3399 formidare,
737 3323 839 3404 qualis
853 3330 922 3385 erat
978 3341 1041 3384 nne
1055 3329 1203 3403 operetur
1217 3340 1253 3384 ac
1270 3321 1366 3385 vivat.
1377 3322 1464 3386 Hanc
1479 3342 1556 3386 vero
1571 3323 1724 3387 fiduciam

35 3428 126 3486 Phliu·
139 3446 155 3480 ι,
168 3421 224 3503 qui
241 3421 322 3484 dixit
335 3444 342 3482 :
355 3420 454 3501 Cupio
468 3420 600 3484 dissolvi
615 3429 730 3483 etesse
746 3439 818 3482 eum
834 3420 921 3483 Chri·
980 3421 1056 3482 dare
1078 3436 1141 3481 non
1164 3420 1249 3481 velet
1272 3420 1423 3484 fortitudo
1446 3440 1516 3501 quae
1539 3429 1587 3484 cst
1611 3422 1723 3500 virtus,

34 3493 155 3610 ffi‘flffl
169 3528 219 3582 sto
232 3541 242 3594 ς
257 3526 290 3581 et
305 3517 387 3580 alius
403 3542 411 3579 ε
428 3517 557 3581 Sufficit
575 3518 666 3598 mihi,
683 3518 827 3597 Domina,
844 3518 919 3581 tolle
978 3518 1033 3580 sed
1049 3517 1104 3579 illa
1118 3535 1188 3598 quae
1209 3518 1338 3599 ponitur
1352 3519 1470 3581 donum
1486 3519 1572 3582 :imo
1588 3519 1724 3600 Spiritus

33 3622 50 3660 ⁸·
168 3618 312 3679 animam
338 3635 453 3679 meam.
469 3617 631 3680 Fortitudo
655 3617 779 3699 purgati
806 3617 916 3695 animi,
978 3617 1111 3679 Sanctus
1136 3616 1218 3678 hano
1248 3616 1340 3678 nobis
1367 3636 1424 3697 por
1449 3616 1647 3681 fortitudinis
1670 3618 1726 3681 do-

167 3725 218 3779 est
233 3715 400 3798 passiones
414 3722 447 3777 et
460 3716 645 3797 passionum
661 3715 919 3779 immoderantias
978 3734 1054 3777 num
1070 3714 1214 3796 inspirat.
1229 3712 1286 3787 Qui
1307 3714 1389 3777 hanc
1409 3715 1537 3777 sortitur
1556 3715 1722 3796 fiduciam,

167 3833 234 3877 non
260 3812 401 3889 vincere,
429 3813 484 3875 sed
509 3831 569 3875 nec
597 3812 714 3875 sentire
744 3812 794 3875 vel
823 3813 915 3875 scire.
977 3812 1172 3875 fiducialiter
1196 3812 1302 3875 dicere
1323 3820 1427 3894 potest
1452 3813 1530 3877 illud
1550 3814 1722 3895 Apostoli:

45 3912 115 3957 ΓΜ·
131 3930 152 3962 v·
167 3912 262 3975 Tales
278 3919 354 3974 sunt
367 3910 422 3992 qui
438 3929 566 3973 carnem
581 3930 670 3972 suam
693 3909 920 3973 crucifixerunt
976 3910 1085 3973 Certus
1101 3930 1171 3973 sum
1186 3912 1270 3992 quod
1290 3930 1392 3993 neque
1412 3930 1509 3990 mors,
1522 3931 1625 3993 neque
1644 3913 1722 3991 vita,
1752 3934 1816 3978 ham.
1827 3947 1870 3985 viu,

30 3977 60 4018 '⁸'
167 4030 243 4072 cum
273 4010 361 4072 vitiis
388 4018 421 4072 ct
448 4008 727 4089 concupiscentiis.
756 4008 919 4073 Fortitudo
977 4028 1079 4089 neque
1094 4018 1238 4072 creatura
1252 4010 1360 4091 aliqua
1374 4010 1490 4093 poterit
1504 4030 1562 4074 nos
1578 4030 1724 4093 separare
1740 4000 1817 4047 Η·

167 4108 372 4190 exemplaris,
389 4116 438 4171 est
459 4107 528 4188 ipsa
549 4106 819 4169 incommutabilis
838 4108 920 4169 divi·
976 4126 995 4168 a
1011 4108 1141 4170 caritate
1161 4108 1313 4190 Dei,quae
1329 4110 1423 4171 estin
1440 4110 1563 4173 Christo
1577 4112 1670 4185 Jesu;
1688 4110 1725 4172 il-

167 4226 218 4269 nae
240 4206 359 4269 mentis
380 4204 547 4268 stabilitas.
935 4204 1030 4269 lllud
1054 4224 1181 4287 quoque
1208 4206 1307 4269 sancti
1332 4208 1389 4271 lob
1407 4208 1536 4271 :Donec
1560 4207 1722 4286 deficiam,
1747 4216 1788 4261 lot
1805 4232 1871 4269 um.

976 4322 1039 4365 uon
1063 4306 1208 4367 recedam
1235 4306 1275 4368 ab
1295 4306 1479 4369 innocentia
1499 4326 1568 4369 mea
1582 4328 1590 4381 ;
1605 4306 1724 4388 justifi-
1739 4283 1789 4332 ⁵'⁶'

362 4432 608 4497 ARTffiULUS
631 4433 726 4495 χΙΙΙ.
975 4402 1134 4465 catiouem
1149 4421 1244 4483 quam
1261 4404 1342 4485 eoepi
1359 4412 1478 4482 tenere,
1487 4424 1550 4467 non
1566 4405 1720 4467 deseram.

164 4567 216 4625 De
239 4565 443 4640 fortitudine
470 4566 648 4623 secundum
676 4566 762 4642 quod
784 4566 918 4633 donoro,

207 4655 370 4732 qrwmodo
402 4654 635 4728 dr'stinpuatur
663 4672 683 4710 α
716 4653 919 4728 fortitudine
1168 4630 1413 4696 ARTICULUS
1438 4632 1529 4696 XIV·

207 4762 285 4845 qut!
307 4751 353 4801 esf
375 4743 495 4811 virius,
520 4750 551 4800 ef
574 4762 636 4799 W
660 4745 751 4801 affra
776 4763 846 4803 eam
872 4763 919 4803 re·
975 4763 1068 4829 Quod
1089 4764 1211 4821 donum
1230 4762 1363 4822 consilii
1380 4764 1615 4838 fortitudinem
1638 4766 1722 4825 diri-

206 4840 380 4911 qutrafnr·
1011 4852 1086 4925 pit,¹
1105 4860 1135 4909 et
1154 4853 1194 4909 de
1214 4852 1332 4927 objecto
1352 4860 1450 4929 atque
1469 4853 1609 4930 subjecto
1627 4856 1723 4932 sorti-

231 4989 315 5053 tuor
329 4998 441 5053 natura
456 5008 520 5052 non
539 4989 652 5053 deficit
673 4990 706 5051 in
728 4991 917 5053 necessariis
1014 4942 1144 4999 mmm
1158 4959 1231 5018 ΨΜ
1245 4942 1366 4999 dmm
1383 4950 1523 5003 emm·

245 5106 349 5168 nequa
374 5087 515 5150 abundat
538 5088 572 5149 in
598 5087 783 5169 superfluis,
805 5107 918 5151 secun·
1035 5089 1210 5154 ONSlLlUbl
1238 5097 1344 5154 autem
1371 5090 1567 5156 intellectum
1594 5112 1723 5157 concer-

163 5188 247 5249 dum
271 5185 508 5268 Philosophum,
525 5184 569 5249 ita
591 5205 651 5249 nec
674 5185 786 5267 gratia,
804 5205 916 5250 secun·
1048 5190 1107 5265 nit,
1134 5198 1245 5270 estque
1275 5189 1308 5252 in
1337 5190 1459 5253 ratione
1488 5192 1627 5273 practica
1656 5200 1723 5255 tan-

163 5286 248 5349 dum
261 5284 435 5367 theologos.
447 5284 549 5359 Quum
563 5302 639 5367 ergo
654 5283 697 5347 sit
711 5292 797 5348 tanta
811 5284 915 5366 perfe
971 5306 1067 5369 quam
1093 5286 1124 5351 in
1148 5288 1303 5371 subjecto.
1325 5288 1427 5364 Quum
1449 5290 1523 5373 'ergo
1543 5291 1723 5360 intellectus
