4309 6259
432 467 493 533 538
727 490 767 538 DE
787 490 944 538 PRAECONIO
958 492 996 538 ιιι
1016 491 1179 539 moritura
1199 492 1314 549 ΙΑιιιιιι,
1337 491 1425 539 unna
1445 494 1488 539 ιιιΙ
1511 511 1551 521 -
1571 494 1641 540 aar.
1663 492 1683 537 V

434 660 506 737 trix,
525 661 663 724 multum
678 661 799 740 dilexit,
816 662 868 725 cui
888 662 1024 724 multum
1038 661 1180 725 Christus
1194 662 1220 724 Α
1234 670 1350 744 gantur
1370 686 1377 726 ι
1399 663 1551 744 quoniam
1575 662 1630 743 qui
1654 662 1754 725 Deum
1779 658 1892 741 diligit,
1907 658 1970 741 ejus

433 759 574 838 donavit,
606 779 670 823 non
702 768 767 823 tam
800 761 935 842 gratiam
967 760 1177 838 infundendo,
1234 779 1361 842 quoque
1377 761 1548 842 imaginem
1564 768 1657 823 amat.
1673 759 1739 823 Hoc
1754 758 1840 821 enim
1857 758 2076 826 manda-um.

434 876 529 938 quam
559 858 789 941 indulgentiam
814 859 1003 937 exhibendo,
1030 879 1067 922 ac
1092 858 1180 921 dein·
1235 866 1302 921 tum
1318 858 1505 921 habemuse
1523 859 1597 938 Deo,
1614 866 1650 919 ut
1667 857 1722 940 qui
1742 857 1843 919 Deum
1863 854 1969 936 diligit,
1982 842 2009 882 ²¹·

434 974 511 1038 ceps
533 957 668 1038 gratiam
691 958 869 1039 praestando
895 981 901 1019 :
923 966 1042 1039 quanto
1063 957 1176 1039 magis,
1235 956 1348 1038 diligat
1368 965 1399 1021 et
1420 957 1550 1021 fratrem
1572 976 1676 1020 suum.

432 1072 452 1116 o
479 1054 586 1133 llaria,
613 1055 749 1117 multum
772 1074 947 1134 amaveras,
972 1072 1068 1136 quam
1096 1056 1178 1118 Deus
1274 1055 1456 1119 Invenimus
1485 1065 1590 1119 autem
1614 1056 1648 1117 in
1674 1054 1751 1117 viris
1776 1052 1968 1127 beatissimis,

433 1161 564 1215 eatenus
588 1154 753 1234 prevenit,
773 1153 871 1235 elegit
895 1163 927 1217 et
949 1153 1122 1236 praeelegit,
1145 1153 1178 1214 in
1235 1153 1318 1217 inter
1331 1174 1411 1235 quos
1425 1156 1627 1218 Hebraeorum
1642 1155 1754 1217 doctor
1774 1152 1970 1233 gentiumque

432 1259 522 1314 utero
537 1251 762 1333 sanctificavit,
779 1253 819 1315 ab
833 1253 920 1317 omni
936 1271 1066 1334 prorsus
1086 1252 1180 1333 culpa
1234 1252 1386 1334 magister
1400 1254 1578 1335 splendent,
1594 1252 1678 1315 hano
1699 1250 1914 1332 proximorum
1929 1248 1971 1309 di-

432 1349 550 1411 veniali
570 1358 664 1432 atque
683 1351 808 1414 mortali
831 1350 1005 1414 immunem
1027 1352 1177 1428 servavit,
1234 1351 1404 1416 lectionem
1439 1354 1644 1416 vehementer
1675 1370 1712 1413 ao
1750 1347 1971 1412 incredibiliter

433 1455 465 1510 et
493 1448 569 1510 item
594 1448 751 1529 spirituali
775 1448 863 1512 omni
888 1448 1035 1531 profectu
1062 1449 1180 1511 indesi-
1234 1469 1317 1533 pene
1331 1451 1457 1514 arsisse.
1475 1450 1594 1533 Nempe
1608 1469 1666 1533 pro
1685 1448 1805 1531 populo
1820 1448 1877 1511 illo
1896 1447 1971 1508 dura
1993 1467 2049 1511 aaa

431 1553 547 1609 uenter
567 1545 725 1629 replevitf
1235 1549 1370 1612 cervicis
1385 1550 1559 1629 rebellique
1574 1549 1667 1631 plebe
1682 1549 1781 1611 Deum
1796 1564 1891 1609 orans
1904 1545 1972 1625 lloy-
1983 1536 2057 1581 ω’

472 1644 614 1724 Denique
634 1663 693 1707 nec
712 1644 745 1706 id
769 1644 855 1722 latet,
872 1645 1022 1726 quoniam
1040 1663 1105 1726 quo
1129 1664 1181 1706 su·
1233 1668 1285 1711 ses
1311 1672 1317 1710 :
1341 1649 1468 1711 Dimitte
1492 1648 1623 1729 (inquit)
1648 1646 1766 1728 populo
1795 1644 1872 1706 huic
1899 1643 2079 1709 hahenaim.

433 1740 542 1804 blimis
556 1742 716 1824 quispiam
731 1752 824 1825 atque
839 1742 973 1805 illustris
988 1762 1062 1805 cum
1076 1743 1180 1805 humi·
1234 1765 1360 1825 noxam,
1385 1754 1439 1808 aut
1462 1745 1533 1808 dele
1559 1765 1610 1807 me
1631 1746 1671 1807 de
1693 1743 1776 1806 libro
1806 1750 1861 1806 tuo
1887 1760 1971 1823 quem

433 1839 455 1900 li
484 1859 520 1902 ao
546 1839 691 1905 inferiori
716 1841 899 1922 dignantius
927 1840 1180 1923 familiariusque
1196 1845 1219 1907 B
1235 1844 1401 1926 scripsisti.
1418 1843 1456 1905 Et
1469 1843 1583 1906 Paulus
1598 1844 1637 1905 de
1652 1840 1828 1904 incredulis
1840 1838 1973 1901 scribens

435 1946 642 2002 conversatur
655 1947 687 2001 et
701 1940 778 2021 agit,
794 1940 880 2003 eoin
897 1940 984 2002 illius
1000 1958 1106 2004 amoro
1127 1941 1181 2003 de·
1235 1942 1349 2005 ludaeis
1367 1965 1373 2003 :
1390 1941 1544 2024 Optabam
1559 1941 1628 2021 (ait)
1643 1958 1702 2022 ego
1724 1940 1794 2021 ipse
1815 1937 1972 2000 anathema
1986 1953 2081 1996 aaut.

435 2035 549 2099 clivior
564 2037 735 2101 cordialius
757 2037 931 2100 incalescit.
948 2039 1049 2112 Quum
1071 2040 1179 2120 igitur,
1235 2060 1305 2103 esse
1327 2060 1345 2102 a
1365 2039 1486 2103 Christo
1506 2058 1563 2121 pro
1585 2038 1735 2100 fratribus
1754 2036 1836 2099 mois
1855 2033 1971 2108 Judaeis,

434 2135 573 2213 ollaria,
591 2136 772 2198 humillima
792 2144 886 2217 atque
901 2136 934 2198 in
949 2137 1086 2219 propriis
1107 2156 1183 2200 ocu·
1235 2138 1288 2221 qui
1315 2146 1390 2201 sunt
1409 2136 1535 2219 cognati
1560 2136 1623 2198 mei
1644 2136 1821 2198 seeundum
1843 2151 1972 2196 carnem.

435 2232 499 2294 lis
492 2252 556 2294 rma
570 2233 747 2311 exsisteres,
764 2234 943 2314 Filiumque
958 2242 1048 2296 tuum
1062 2235 1182 2316 optime
1235 2238 1274 2299 Et
1297 2237 1335 2299 ad
1358 2244 1469 2317 gentes
1493 2236 1652 2316 loquens:
1668 2232 1893 2295 Libentissime
1913 2229 2008 2345 (uit)¹⁵
1994 2240 2080 2283 utun.

436 2349 596 2408 nosceres,
606 2331 745 2412 hincque
760 2351 832 2394 eum
848 2332 985 2394 maxime
1000 2340 1180 2413 reputares:
1237 2334 1418 2417 impendam
1434 2341 1466 2396 et
1480 2332 1744 2440 superimpendar
1758 2348 1818 2411 ego
1837 2330 1904 2412 ipse
1924 2306 2014 2438 pro¹⁵

435 2447 499 2509 quo
520 2448 596 2511 ergo
616 2430 752 2492 tecum
744 2449 812 2540 ipse
833 2430 1022 2493 familiarius
1043 2431 1183 2511 itemque
1237 2433 1403 2495 animabus
1427 2432 1552 2494 vestris
1568 2430 1686 2511 ltaque,
1703 2429 1729 2491 si
1754 2429 1824 2491 haec
1848 2426 1976 2509 proximi

435 2526 589 2589 humilius
603 2528 727 2606 vixerit,
744 2546 781 2591 eo
796 2527 830 2589 in
845 2529 945 2610 ipsius
967 2528 1097 2591 caritate
1118 2548 1184 2590 am·
1237 2532 1366 2594 dilectio
1381 2531 1427 2593 sio
1442 2530 1476 2592 in
1491 2529 1606 2593 Christi
1622 2527 1779 2591 ministris
1797 2524 1974 2603 abundavit,

287 2648 342 2691 aaa.
356 2650 421 2698 ιιι.
436 2625 522 2707 plius
547 2624 783 2689 accendebaris
810 2626 884 2688 Erat
907 2634 1012 2689 autem
1037 2626 1183 2690 subditus
1238 2628 1398 2711 copiosius
1415 2628 1523 2709 utique
1539 2627 1572 2689 in
1586 2627 1682 2690 Matre
1697 2626 1768 2706 ejus
1783 2623 1976 2687 sanctissima

303 2746 374 2790 neor.
398 2760 420 2798 ι,
436 2723 505 2800 tibi,
522 2732 553 2787 et
572 2744 629 2805 per
650 2724 758 2788 omnia
775 2724 928 2787 fratribus
950 2744 984 2787 se
1006 2725 1184 2789 conforma·
1238 2726 1471 2809 supereffluxit.

289 2812 323 2853 ¹⁷·
436 2822 494 2899 vit,
514 2821 576 2883 nisi
602 2824 686 2903 quod
711 2824 836 2885 cunctis
861 2822 1050 2904 profundius
1070 2831 1184 2886 semet·
1277 2825 1429 2905 Denique,
1445 2842 1507 2905 quo
1529 2823 1687 2886 Christum
1713 2820 1887 2903 perfectius
1910 2819 1977 2900 quis

435 2919 542 3000 ipsum
556 2920 732 2982 exinanivit
748 2943 755 2981 :
772 2920 907 3002 ideoque
922 2921 1023 3003 ipsius
1038 2922 1185 3003 majesta·
1237 2923 1351 3004 diligit,
1368 2941 1405 2997 eo
1425 2920 1587 3003 sanguinis
1609 2921 1679 3002 ejus
1700 2920 1838 3001 pretium
1859 2916 1978 2982 mortis

437 3025 502 3079 tem
516 3016 791 3099 humilitatemque
813 3020 1043 3100 contemplans,
1061 3020 1182 3082 etitem
1203 3023 1224 3085 C
1238 3040 1299 3103 que
1314 3020 1461 3083 meritum
1477 3018 1633 3081 intensius
1648 3017 1682 3079 in
1695 3017 1864 3080 hominum
1883 3016 1978 3078 salute

437 3121 468 3176 te
483 3114 626 3176 omnium
642 3115 847 3178 novissimam
863 3117 1103 3197 reputanS,ejus
1119 3118 1184 3179 val·
1238 3119 1362 3201 operari
1388 3116 1648 3199 fructificareque
1672 3115 1802 3197 appetit.
1826 3115 1898 3177 ldeo
1922 3112 1979 3175 uti-

291 3218 308 3261 ¹¹
316 3219 369 3263 Cor·
384 3233 421 3273 ιιι,
437 3213 476 3273 de
491 3212 588 3273 nimis
602 3212 772 3277 dilectione
788 3213 943 3278 fervebas.
956 3215 1061 3292 Porro,
1070 3235 1185 3278 aroana
1238 3237 1311 3299 que,
1328 3218 1372 3279 uti
1397 3236 1462 3298 prae
1488 3215 1612 3278 cunctis
1638 3213 1797 3277 Christum
1821 3212 1914 3275 Maria
1936 3210 1979 3273 in-

290 3285 311 3325 *
438 3310 756 3391 verhaquaehomini
772 3313 914 3375 revelare
936 3331 999 3376 non
1021 3314 1108 3394 licet,
1126 3314 1183 3376 tihi
1240 3314 1494 3398 comparabiliter
1508 3313 1636 3392 amavit,
1653 3312 1698 3375 sio
1713 3330 1823 3375 eorum
1837 3311 1894 3392 qui
1909 3310 1980 3391 ipsi-

437 3408 548 3488 utique
571 3408 619 3488 (ni
645 3407 751 3489 fallor)
776 3411 901 3493 plenius
929 3411 1061 3474 omnino
1089 3430 1183 3492 quam
1239 3435 1276 3477 us
1305 3421 1426 3491 sancto,
1452 3413 1591 3493 pretioso
1619 3430 1661 3492 ao
1684 3411 1800 3473 decoro
1829 3408 1980 3489 redempti

438 3524 528 3569 servo
543 3507 692 3588 Apostolo
710 3509 886 3572 revelavit:
904 3510 1021 3589 dequo
1040 3510 1073 3571 in
1094 3529 1185 3591 supe·
1240 3520 1314 3574 sunt
1328 3510 1493 3592 sanguine,
1510 3508 1748 3591 praecordialius
1763 3526 1891 3589 semper
1905 3506 1981 3569 salu-

298 3626 422 3679 imum,
437 3604 574 3667 rioribus
589 3624 640 3668 me
660 3625 717 3688 pro
738 3607 860 3669 viribus
884 3608 1069 3670 dissemisse
1092 3608 1186 3671 remi·
1239 3619 1303 3674 tem
1329 3610 1459 3693 optavit.
1480 3611 1644 3685 Praeterea,
1659 3627 1758 3689 quum
1777 3606 1819 3670 sit
1837 3607 1909 3688 ipsa
1931 3606 1984 3668 Ec-

290 3703 326 3735 ¹¹·
438 3702 556 3765 niscor.
1240 3710 1345 3772 clasiae
1374 3717 1475 3772 mater
1508 3715 1540 3771 et
1574 3706 1724 3770 advocata
1752 3704 1983 3787 protectrixque

1240 3808 1422 3887 constituta,
1434 3807 1504 3890 ejus
1521 3805 1696 3869 certissime
1710 3805 1829 3867 honum
1845 3812 1984 3866 matamo

1240 3892 1366 3987 semper
1397 3907 1464 3969 zelo
1493 3903 1666 3967 affectavit.
1696 3903 1730 3965 ln
1758 3903 1820 3965 hoc
1848 3920 1983 3983 quoque,

659 3974 903 4039 ARTICULUS
928 3975 969 4037 V·
1240 4003 1530 4085 quemadmodum'
1523 4022 1556 4065 m
1571 4001 1697 4080 ceteriS,
1713 4000 1792 4065 tilio
1808 4021 1866 4065 suo
1888 4000 1986 4063 simil-

436 4124 485 4183 De
520 4125 661 4183 caritate
695 4128 827 4202 zeloque
862 4128 949 4183 solut
938 4125 980 4183 tis
1018 4126 1185 4200 promimo-
1241 4103 1318 4165 llffla
1338 4109 1416 4165 ffl'fll·

477 4233 552 4272 rum
588 4214 624 4271 in
658 4215 922 4290 affectuosissima
954 4216 1186 4274 mundissima·
1199 4199 1223 4260 D
1281 4201 1379 4275 Quam
1394 4218 1509 4280 mflssflfl
1524 4206 1628 4261 aulem
1643 4217 1803 4280 quamque
1822 4198 1865 4259 Sll
1884 4199 1985 4280 lumi·

478 4322 537 4380 que
558 4305 676 4363 Matre.
1240 4317 1364 4361 morum
1387 4297 1515 4360 dileetio
1540 4296 1686 4375 salubris,
1712 4315 1750 4358 ex
1773 4296 1835 4359 hoo
1859 4294 1983 4377 pensari

1240 4394 1396 4477 congruit,
1423 4395 1507 4476 quod
1531 4413 1601 4456 eam
1630 4393 1663 4455 in
1692 4393 1869 4456 novissima
1897 4412 1983 4456 coena

290 4491 423 4543 daliwi·
506 4492 560 4552 GO
580 4490 676 4568 quasi
697 4490 897 4548 terebinthus
921 4492 1055 4549 extendi
1079 4510 1186 4550 ramos
1240 4494 1381 4557 Christus
1410 4492 1562 4555 Dominus
1587 4499 1652 4553 tam
1677 4491 1892 4572 singulariter,
1922 4500 1983 4553 tan-

290 4557 325 4597 ²²'
519 4608 613 4657 meos,
628 4598 658 4647 et
674 4590 987 4649 ramr'meihonoris
1006 4599 1035 4648 et
1051 4592 1182 4665 prolt'w.
1240 4611 1335 4671 quam
1363 4590 1463 4653 finale
1491 4591 1606 4671 dogma
1634 4597 1865 4670 paternumque
1894 4598 1984 4651 testa-

438 4686 586 4749 0mnium
601 4687 781 4750 divinarum
796 4688 1029 4769 perfectionum
1048 4696 1098 4750 est
1118 4689 1184 4751 haec
1240 4698 1394 4767 mentum,
1421 4688 1595 4769 discipulos
1619 4687 1747 4751 edocuit
1773 4710 1780 4749 ι
1807 4687 2092 4749 ldandatumaama

438 4784 700 4862 eminentissima,
717 4784 772 4847 Dei
788 4794 1025 4867 cooperatorem
1041 4806 1110 4849 esse
1126 4786 1187 4849 cir·
1240 4787 1414 4867 (inquiens)
1437 4804 1556 4849 novum
1585 4784 1625 4847 do
1653 4783 1756 4862 vobis,
1784 4791 1818 4844 ut
1845 4782 1984 4865 diligatis
1996 4769 2050 4816 ”¹³⁵⁴

440 4901 478 4944 ca
491 4882 707 4963 proximorum
723 4883 1000 4946 salutem.Etenim
1016 4903 1106 4948 amor
1119 4903 1186 4965 pro
1241 4884 1378 4947 invicem
1392 4908 1400 4964 ;
1417 4885 1450 4946 in
1471 4884 1532 4947 hoc
1558 4888 1751 4964 cognoscent
1773 4898 1887 4943 omnes
1912 4882 1985 4963 quia

438 4980 528 5058 ximi,
545 4989 629 5044 etex
651 5000 688 5044 eo
710 4980 918 5063 proficiscens
939 4982 1116 5045 animarum
1138 5003 1187 5045 ze
1241 4983 1390 5065 discipuli
1415 4982 1477 5045 mei
1502 4982 1588 5058 estis,
1610 4980 1636 5042 si
1661 4979 1866 5043 dilectionem
1888 4980 1987 5042 hahu-

439 5080 500 5156 lus,
522 5079 639 5141 divinae
664 5079 788 5141 caritati
814 5079 1027 5159 coordinatur,
1053 5100 1186 5163 eamque
1242 5081 1331 5144 eritis
1366 5080 1404 5142 ad
1440 5080 1590 5143 invicem.
1627 5078 1770 5160 Insuper,
1808 5077 2092 5159 (ιιεοιριιιιιιιιιιιιιῑΔ

325 5194 412 5239 narrt
438 5196 582 5259 proxume
597 5177 789 5240 comitatur
807 5177 840 5239 in
856 5178 907 5240 lus
922 5197 1037 5259 nempe
1051 5186 1116 5242 tota
1137 5180 1188 5241 lex
1242 5199 1336 5262 quem
1351 5178 1503 5259 diligebat
1518 5178 1631 5241 lesus
1645 5176 1707 5240 hos
1721 5177 1853 5258 (inquit)
1868 5195 1987 5239 scimus
2002 5188 2066 5231 ιιιιι
2058 5195 2085 5222 ι

362 5260 555 5359 ⁴⁰·pendet
568 5284 600 5339 et
613 5276 786 5358 Propheta.
794 5274 857 5339 Nec
872 5276 1067 5341 abinvicem
1083 5296 1187 5359 segre·
1243 5277 1394 5361 quoniam
1429 5275 1572 5339 translati
1605 5295 1715 5338 sumus
1742 5276 1781 5339 de
1810 5283 1916 5339 morte
1951 5257 2026 5338 ad''
