4309 6259
628 484 785 533 exrosmo
807 482 906 532 muru
929 490 936 530 ε
959 484 998 531 or
1019 484 1141 541 orcam
1161 486 1252 535 anxis
1672 469 1713 536 to

21 666 93 709 narra
104 678 148 715 ιιιι,
163 652 281 717 thaeum
302 661 334 717 et
355 653 437 735 apud
460 652 576 715 Lucam
602 652 741 733 loquitur
765 674 772 713 ε
795 652 910 715 Samen
926 654 950 717 A
968 672 1004 717 ac
1019 672 1186 735 processus
1202 656 1240 718 ad
1256 654 1402 737 patriam,
1418 654 1580 720 ordinatos
1595 656 1633 719 ad
1647 656 1714 738 glo·

20 732 148 845 {sffl'l'
163 752 281 814 cecidit
306 752 338 814 in
363 760 478 814 terram
504 751 633 829 bonam,
654 760 685 813 et
709 759 813 814 ortum
835 750 912 813 lecit
969 752 1046 814 riam
1069 753 1138 830 Dei,
1160 761 1192 817 et
1213 754 1285 833 hoc,
1301 776 1317 813 ε
1341 754 1502 816 mentibus
1523 754 1612 835 puris
1635 776 1663 832 a,
1682 755 1713 816 id

164 848 315 931 fructum,
346 849 432 913 alind
469 848 677 927 tricesimum,
708 848 794 911 alind
825 868 912 913 sexa·
967 859 1015 913 est
1040 852 1190 915 cordibus
1215 852 1332 917 nostris
1359 852 1549 934 purificatis,
1572 876 1589 913 a
1614 853 1716 916 luvio-

163 948 333 1027 gosimnm,
349 946 435 1009 alind
452 946 673 1009 centesimum.
692 948 806 1009 Semen
822 967 910 1009 nam·
968 966 1008 1011 ne
1028 970 1057 1029 u,
1079 948 1111 1011 id
1136 958 1184 1012 est
1208 950 1358 1013 vitiorum
1384 957 1519 1029 tumore,
1540 948 1714 1013 infectione

163 1064 225 1125 que
241 1054 288 1107 est
303 1046 435 1108 verbum
448 1044 501 1108 Dei
514 1046 598 1125 quod
611 1045 809 1126 praedicatur,
818 1044 911 1125 cujus
968 1045 1198 1128 conlusivaqne
1226 1049 1484 1128 subsannatione,
1515 1071 1532 1108 u
1563 1050 1654 1131 pulsa
1684 1072 1712 1127 a,

164 1142 286 1214 fructus
310 1151 359 1205 εει
382 1142 590 1225 spiritualitas
619 1144 764 1224 quadam
794 1145 827 1206 in
857 1162 912 1206 au·
967 1144 999 1205 id
1028 1154 1076 1208 est
1104 1146 1275 1228 exstirpata
1302 1155 1332 1209 et
1367 1147 1491 1229 abjecta
1524 1147 1564 1210 ab
1597 1147 1715 1209 animis

163 1240 325 1304 clientibus
344 1260 382 1303 ex
403 1239 492 1303 verbi
516 1240 602 1303 illius
624 1241 833 1304 seminatione
858 1260 911 1304 ex·
968 1244 1095 1306 nostris.

165 1358 309 1419 surgens,
336 1357 472 1419 sequens
501 1347 532 1401 et
556 1340 662 1403 oriens
690 1363 697 1400 ε
724 1359 794 1420 qnae
819 1340 912 1421 spiri·
1006 1344 1178 1403 Laudibus
1204 1346 1289 1403 cives
1316 1345 1480 1404 celebrant
1507 1345 1646 1421 superni
1674 1354 1715 1415 te,

165 1437 291 1499 tualitas
318 1435 437 1500 dicitur
466 1435 588 1499 lrnctus
623 1438 662 1500 ad
696 1456 790 1518 quem
820 1438 910 1501 verbi
967 1443 1431 1521 Deussimptacparr'terquc
1455 1444 1577 1502 trine:
1601 1442 1714 1522 idest,

164 1534 346 1616 pradicatio
372 1534 548 1615 ordinatur,
574 1541 685 1615 estque
714 1536 911 1599 continentia
967 1556 1017 1599 o«
1031 1537 1112 1599 Dens
1129 1560 1145 1595 »
1161 1537 1193 1599 in
1209 1538 1347 1601 essentia
1362 1539 1558 1621 «simplex»
1573 1547 1714 1619 etnnns,

164 1641 194 1695 et
210 1631 380 1696 abstractio
395 1652 413 1694 a
433 1631 613 1695 carnalibus
631 1641 725 1713 atque
741 1633 908 1708 venereis3
967 1656 984 1691 a
1001 1634 1181 1715 pariterque
1204 1634 1286 1697 trine
1303 1657 1331 1714 a,
1348 1635 1379 1698 id
1401 1645 1460 1714 εει,
1478 1645 1512 1700 tu
1533 1638 1588 1718 qni
1614 1638 1716 1699 trinus

162 1737 193 1789 et
209 1736 258 1789 εει
272 1728 557 1809 triplex,videlicet
572 1727 762 1810 conjugalis,
773 1729 910 1792 vidualis
967 1751 1001 1795 es
1017 1732 1135 1813 pariter
1150 1732 1181 1793 in
1197 1732 1353 1813 personis,
1371 1734 1414 1795 ita
1428 1735 1514 1815 qnod
1537 1736 1641 1797 unitas
1661 1735 1716 1798 illa

162 1834 192 1889 ει
217 1826 396 1907 virginalis,
423 1835 516 1909 prout
545 1846 640 1909 super
662 1836 809 1909 quartum
836 1829 911 1891 Sen-
926 1836 949 1899 B
966 1851 1003 1893 ac
1026 1830 1150 1893 trinitas
1173 1831 1267 1893 simul
1290 1840 1384 1912 stant,
1407 1852 1466 1897 nec
1489 1834 1627 1897 invicem
1653 1834 1714 1897 sibi

162 1926 333 1987 tcutiarnm
363 1925 514 1988 diffusius
542 1934 590 1989 εει
617 1920 792 2005 inductum,
818 1936 849 1989 et
878 1928 910 1989 in
968 1937 1154 2011 repugnant,
1186 1937 1220 1991 nt
1247 1939 1378 2012 apparet
1407 1932 1590 2010 incredulis,
1623 1956 1638 1993 a
1671 1934 1716 1995 ci-

162 2024 317 2105 opuscnlo
331 2024 370 2087 de
387 2024 457 2086 Vita
473 2024 623 2087 laudabili
639 2024 818 2087 viduarum.
966 2048 1021 2091 ves
1045 2028 1174 2109 superni
1201 2051 1230 2105 a,
1247 2029 1279 2091 id
1304 2037 1352 2091 εει
1372 2030 1458 2092 Beati
1483 2041 1716 2095 commorantes

201 2124 431 2199 Nunc,poteus
445 2125 700 2192 austrimentis
713 2123 911 2199 opimiaboc
967 2126 999 2187 in
1023 2127 1169 2207 paradiso
1190 2127 1324 2205 coelesti,
1341 2150 1358 2187 u
1375 2128 1537 2191 celebrant
1557 2131 1630 2210 (boc
1654 2140 1713 2209 est,

162 2228 220 2296 est,
238 2228 284 2297 tu,
300 2239 319 2283 o
335 2220 471 2300 gloriose
491 2220 638 2298 loannes,
654 2221 709 2302 qui
731 2244 747 2281 u
765 2230 876 2304 potens
893 2245 910 2282 a
967 2224 1141 2287 solenniter
1169 2225 1278 2287 colunt
1306 2233 1338 2288 ει
1366 2226 1533 2304 extollunt)
1557 2236 1587 2291 ιε
1616 2229 1717 2292 landi-

162 2340 196 2381 es
218 2338 277 2383 nos
297 2318 410 2400 juvare
431 2342 448 2378 u
472 2320 595 2383 meritis
616 2320 734 2401 opimis
757 2342 786 2399 n,
809 2320 840 2382 id
863 2328 911 2383 εει
966 2322 1025 2384 bus
1056 2344 1072 2381 a
1100 2322 1440 2405 magnificentissimis,
1471 2344 1581 2389 eornm
1618 2328 1715 2391 beati-

161 2417 225 2478 tuis
247 2416 492 2479 exuberantibus
513 2418 681 2479 ditissimis
701 2418 822 2481 meritis
836 2440 844 2495 3
858 2438 911 2495 pe·
967 2419 1037 2483 licae
1063 2421 1179 2484 visioni
1204 2422 1461 2504 proportionalis.
1487 2428 1660 2502 Supplices
1684 2438 1715 2488 et

160 2518 262 2576 cteris
285 2519 386 2577 duros
415 2518 540 2593 lapides
568 2522 697 2593 repelle,
723 2518 754 2579 id
779 2526 836 2595 est,
864 2518 912 2579 in·
966 2539 1023 2579 uos
1045 2522 1173 2581 reniam
1192 2539 1397 2597 precamur:
1416 2522 1476 2586 hoc
1497 2532 1556 2602 εει,
1577 2547 1594 2583 u
1617 2543 1675 2587 nos
1697 2548 1714 2584 o

161 2614 352 2675 tercedendo
382 2613 517 2694 impetra
546 2622 580 2675 ut
606 2614 688 2676 Dens
721 2616 852 2696 repellat
880 2623 911 2679 et
966 2635 1092 2698 quoqne
1117 2617 1254 2681 viatores
1278 2619 1380 2682 adbuc
1403 2621 1523 2699 miseri,
1550 2622 1583 2683 in
1609 2622 1714 2686 medio

161 2709 289 2773 tollata
311 2710 403 2773 nobis
422 2734 439 2769 a
461 2710 582 2793 lapides
603 2712 699 2775 duros
722 2713 859 2794 pectoris
880 2736 909 2791 a,
966 2714 1182 2796 periculorum
1217 2716 1420 2795 fluctuantes,
1450 2719 1504 2799 qui
1533 2738 1645 2783 omncs
1680 2722 1859 2795 intumas.

161 2808 193 2871 id
223 2817 272 2870 est
295 2808 372 2871 vitia
394 2810 499 2872 cordis
526 2808 681 2886 indurata,
703 2811 910 2874 rebellionem
966 2812 1076 2875 multis
1092 2812 1299 2895 ollandimus,
1314 2838 1332 2875 u
1348 2834 1516 2897 precamur
1537 2818 1664 2880 veniam
1682 2841 1711 2897 a,

161 2913 193 2969 et
218 2906 338 2989 proprii
361 2926 473 2969 sensus
495 2907 752 2987 immansionem,
777 2908 911 2971 camali—
967 2910 998 2973 id
1014 2918 1062 2973 est
1078 2912 1299 2975 remissionem
1314 2914 1479 2995 culparum
1499 2935 1536 2979 ac
1555 2916 1711 2997 gratiam3

161 3013 253 3084 tates,
270 3024 367 3086 prava
382 3006 554 3087 proposita,
571 3014 602 3068 et
617 3016 732 3069 cuncta
752 3026 823 3088 quae
843 3008 912 3071 obi·
926 3012 948 3076 G
963 3028 1063 3085 perce
1085 3012 1273 3086 redemptis,
1294 3020 1330 3073 ut
1352 3031 1416 3076 non
1435 3014 1634 3077 obstantibus
1659 3034 1716 3079 no-

161 3122 233 3165 cem
263 3111 386 3184 ponnm
409 3103 539 3185 Spiritui
566 3104 692 3184 Sancto,
719 3124 755 3168 ac
787 3106 910 3169 emolli·
967 3107 1040 3169 stris
1063 3108 1215 3189 peccatis,
1232 3116 1293 3171 tuae
1308 3110 1466 3191 passionis
1481 3130 1714 3194 consequamur

161 3202 294 3281 tionem,
324 3202 602 3283 compunctionem
632 3220 669 3265 ac
694 3204 908 3267 obedientiam
966 3204 1132 3269 ellectum.

161 3299 268 3361 cordis
289 3300 478 3380 impediunt,
497 3319 650 3377 asperum
667 3306 811 3377 planans
832 3306 908 3375 iter,

161 3398 193 3460 id
223 3406 282 3477 εει,
313 3398 398 3460 viam
428 3399 593 3462 distortam
624 3399 806 3463 rectificans
834 3420 908 3483 ope·
1007 3402 1050 3465 Ex
1075 3404 1126 3465 bis
1146 3403 1317 3467 innotescit
1337 3406 1417 3467 mira
1436 3407 1624 3471 excellentia
1643 3428 1715 3472 san-

161 3496 381 3578 rationemque
409 3498 521 3560 duram
551 3498 728 3575 emolliens,
759 3500 911 3579 quemad·
967 3500 1085 3563 clitatis
1105 3520 1141 3563 ac
1160 3502 1326 3582 dignitatis
1349 3504 1555 3567 sacratissimi
1578 3514 1611 3568 et
1635 3526 1714 3589 pro-

18 3630 49 3673 f,
67 3633 144 3679 ma,
161 3596 292 3657 modum
322 3594 498 3675 predicasti
527 3618 533 3655 :
559 3594 667 3658 Parate
697 3596 781 3659 viam
806 3597 910 3660 Domi·
967 3598 1189 3661 amabilissimi
1219 3599 1348 3664 loannis
1376 3601 1522 3683 Baptista
1549 3626 1556 3664 ε
1582 3604 1621 3666 dc
1649 3622 1712 3685 qua

18 3691 83 3735 im·
98 3696 143 3743 ’,ἃ
161 3693 207 3769 ni,
225 3701 326 3755 rectas
346 3692 441 3755 facite
461 3692 494 3754 in
515 3694 685 3757 solitudine
705 3694 834 3757 semitas
853 3696 907 3758 Dei
967 3696 1068 3759 sancti
1094 3704 1125 3758 et
1148 3697 1345 3759 devotissimi
1369 3699 1486 3778 Patres,
1502 3700 1633 3780 gloriosi
1658 3702 1714 3764 do

160 3790 278 3867 nostri3
304 3801 334 3851 et
364 3794 501 3868 refleuos
524 3794 634 3870 diripe
657 3798 767 3863 colles,
790 3794 821 3856 id
849 3802 907 3872 est,
967 3803 1082 3873 oteres,
1108 3814 1223 3876 magna
1246 3804 1278 3859 et
1303 3814 1432 3877 prorsus
1461 3798 1611 3860 sublimia
1639 3808 1713 3862 sunt

160 3889 382 3971 operationum
398 3906 595 3969 processnsa
611 3890 799 3953 rectitudine
813 3891 910 3972 aequi·
967 3893 1075 3971 locuti,
1089 3894 1263 3973 prasertim
1279 3913 1410 3956 aureum
1427 3894 1506 3957 illud
1521 3896 1712 3973 os,Joannes

161 3989 234 4051 tatis
264 3988 457 4066 aberrantes,
489 4005 553 4050 non
584 3995 668 4051 recte
703 3988 840 4051 directos
870 3990 908 4051 ad
965 3991 1236 4073 archiepiscopus,
1262 3992 1413 4055 Maximus
1436 4011 1563 4076 quoque
1592 3996 1715 4077 episco

161 4086 310 4148 ultimum
330 4084 443 4166 linem,
460 4086 514 4149 sed
536 4086 574 4148 ad
595 4086 723 4168 propria
743 4088 909 4151 commoda
967 4108 1037 4171 pus,
1051 4090 1105 4152 sed
1126 4099 1157 4152 et
1177 4090 1361 4171 praelectus
1386 4092 1574 4171 Bernardns,
1592 4096 1714 4175 specia-

160 4203 197 4245 ac
220 4184 356 4246 bonores
379 4190 522 4262 retortos,
545 4183 700 4263 rectifica,
722 4184 949 4265 corrigendon
967 4188 1039 4250 liter
1055 4188 1087 4249 iu
1108 4207 1253 4251 sermone
1273 4208 1368 4270 quem
1387 4190 1427 4251 de
1446 4192 1614 4254 duodecim
1635 4213 1713 4276 prae-

159 4282 240 4345 tales
269 4300 448 4363 processus,
476 4290 510 4345 nt
536 4282 613 4345 recti
644 4301 811 4364 processus
840 4302 911 4346 suc·
966 4286 1117 4368 rogativis
1132 4286 1391 4350 excellentissimi
1412 4288 1507 4370 hujus
1528 4292 1714 4372 compilavit

160 4382 287 4445 cedant.
314 4381 378 4443 lloc
404 4380 469 4461 agit
493 4381 524 4443 S.
548 4381 684 4444 loannes
708 4381 908 4463 dispositive,
964 4384 1105 4447 loannis.
1119 4384 1173 4447 llis
1188 4403 1353 4467 ergaque
1367 4386 1446 4449 alias
1461 4388 1537 4450 satis
1553 4399 1710 4469 constant,

160 4480 282 4544 orando
297 4487 329 4543 et
344 4480 544 4560 procurando
558 4486 593 4541 nt
608 4478 666 4542 liat
679 4499 698 4541 a
713 4480 787 4544 Deo.
965 4481 1104 4558 omissis,
1120 4482 1240 4563 aliquid
1257 4502 1314 4563 pro
1329 4492 1436 4546 nostra
1450 4486 1639 4550 excitatione
1661 4508 1713 4551 ex-

205 4580 245 4639 Ut
270 4580 350 4655 pius
378 4578 498 4637 mundi
520 4580 621 4639 Sutor
642 4587 672 4637 et
701 4580 909 4655 Redemptor,
965 4579 1120 4643 hortando
1142 4580 1259 4662 poterit
1279 4582 1377 4663 tangi.

160 4675 192 4738 id
212 4683 262 4739 est
280 4674 432 4751 Christus,
449 4674 607 4757 benignus
627 4676 738 4739 mundi
760 4676 910 4741 fundator
1004 4677 1085 4741 Ecce
1100 4678 1196 4743 bomo
1211 4679 1271 4743 isle
1286 4682 1460 4763 angelicus,
1476 4683 1532 4764 qui
1547 4692 1580 4747 et
1593 4685 1712 4749 divini-

159 4795 197 4838 ac
212 4774 374 4851 liberator,
392 4776 566 4845 mentibus,
580 4780 676 4851 pulso
692 4778 835 4847 tuotone,
847 4796 909 4853 pu·
964 4786 1014 4840 tus
1029 4796 1088 4858 per
1101 4777 1287 4860 Prophetam
1302 4778 1434 4860 angelus
1452 4789 1501 4842 εει
1519 4790 1659 4863 vocatus,
1677 4785 1710 4847 in

159 4877 222 4945 ris,
238 4875 303 4934 rite
316 4875 476 4950 dr'puetur
490 4875 621 4933 veniens
635 4884 777 4935 sacratos
787 4893 910 4951 ponera
964 4884 1053 4939 utero
1084 4874 1262 4938 eminenter
1294 4877 1513 4941 sanctificatus
1545 4889 1640 4961 atque
1676 4882 1710 4945 in

154 4992 298 5052 pressus.
316 4972 398 5035 Ordo
413 4970 582 5034 verborum
597 4980 644 5035 est
661 4994 668 5033 :
687 4994 703 5031 u
720 4972 758 5035 Ut
776 4973 910 5037 Redem-
963 4972 1064 5055 gratia
1095 4974 1271 5053 roboratus,
1303 4975 1537 5057 sapientissime
1564 4986 1710 5043 metuens

158 5080 232 5154 plor
250 5070 382 5133 veniens
404 5068 463 5131 rite
480 5091 507 5147 n,
525 5069 557 5131 id
578 5078 636 5147 est,
654 5070 790 5151 gratiose
812 5073 908 5134 adve—
964 5092 1004 5135 ne
1019 5072 1104 5135 inter
1117 5074 1263 5137 homines
1278 5076 1508 5156 conversandO,
1526 5095 1590 5140 nou
1605 5078 1708 5142 solnm

158 5172 288 5253 niens,a
305 5170 454 5251 dignetur
469 5186 586 5251 ponere
602 5191 619 5229 n
636 5169 668 5230 in
684 5169 776 5232 nobis
792 5192 808 5231 u
825 5190 909 5253 gres·
964 5173 997 5235 in
1013 5170 1152 5233 venialia
1165 5171 1291 5234 assidue
1307 5172 1475 5254 laberetur,
1485 5193 1595 5235 verum
1612 5175 1708 5238 etiam

159 5296 214 5340 sus
236 5284 375 5340 sacratos
398 5296 427 5353 a,
449 5274 480 5335 id
502 5281 550 5335 est
570 5270 731 5353 proiectus
753 5270 905 5335 virtutum
964 5268 1153 5352 aspirituali
1169 5268 1377 5349 impediretur
1390 5270 1586 5353 prolectu,et
1600 5292 1619 5336 a
1634 5290 1711 5337 con·
