4309 6259
424 469 487 546 292
720 497 763 544 na
784 495 932 545 rassrortn
952 493 1060 543 nounu
1082 492 1267 540 satvrronts
1288 491 1447 540 nranoous.
1470 512 1510 522 —-
1531 494 1602 540 aar.
1625 494 1677 541 xrv

423 668 509 750 quod
523 675 555 731 et
568 668 651 731 Deus
665 666 814 732 exaltavit
827 666 1015 746 illumlzsic,
1027 664 1168 746 inquam,
1186 665 1208 726 Α
1228 682 1323 745 quern
1344 664 1482 726 mundus
1504 662 1677 727 crucifixus
1699 662 1742 726 sit
1761 659 1839 725 mihi
1862 670 1895 726 et
1915 682 1969 746 ego

423 776 518 849 atque
537 787 576 829 ex
594 765 902 830 considerationibus
921 774 954 828 et
972 764 1077 827 causis
1102 764 1172 826 istis
1227 762 1287 841 illi,
1304 762 1347 824 ita
1360 763 1444 843 quod
1460 761 1614 844 quidquid
1629 762 1767 824 mundus
1788 761 1969 824 immundus

423 874 488 928 tarn
503 866 564 948 piis
579 874 611 928 et
625 864 979 944 rationabilibus,debet
994 863 1050 926 tibi
1066 861 1173 944 passio
1227 860 1432 941 appretiatur,
1448 860 1572 942 quaerit,
1588 860 1801 942 amplectitur,
1817 860 1880 922 hoc
1896 859 1968 923 mihi

425 984 497 1027 mea
509 965 642 1027 materia
656 983 727 1027 esse
741 972 773 1026 et
787 982 883 1025 causa
897 962 1005 1043 gaudii
1026 960 1173 1043 spiritua·
1228 958 1269 1019 sit
1283 978 1359 1021 crux
1374 967 1406 1021 et
1419 959 1539 1041 grande
1554 958 1729 1021 fastidium.

424 1062 476 1141 lis,
493 1062 558 1125 imo
572 1070 605 1124 et
617 1061 846 1143 multiplicium
862 1059 1074 1142 spiritualium
1096 1078 1173 1140 gau-

425 1159 562 1239 diorum,
579 1160 662 1222 sicut
676 1166 783 1222 cantat
799 1158 942 1221 Ecclesia
959 1182 965 1218 :
982 1155 1045 1220 Nos
1065 1166 1171 1219 autem

421 1257 552 1339 gloriari
582 1265 706 1339 oportet
732 1257 766 1317 in
796 1276 890 1319 cruce
917 1254 1042 1318 Domini
1071 1254 1171 1317 nostri
1418 1265 1663 1331 ARTICULUS
1686 1266 1778 1330 xlv·

425 1357 499 1418 lesu
517 1355 643 1435 Christi,
661 1356 693 1417 in
713 1373 776 1436 quo
795 1364 845 1418 est
868 1354 965 1433 salus,
981 1354 1046 1418 vita
1068 1360 1101 1414 et
1125 1372 1172 1415 re-

424 1453 580 1516 surrectio
594 1461 702 1516 nostra
714 1475 723 1532 3
739 1471 906 1535 perquem
922 1451 1034 1514 salvati
1048 1458 1081 1513 et
1095 1449 1172 1512 libe·
1254 1444 1302 1503 De
1318 1442 1576 1500 consideratione
1590 1442 1763 1500 dominicae
1781 1442 1945 1516 passionis

425 1550 484 1613 mti
506 1569 628 1613 sumus.
1434 1532 1478 1589 ad
1500 1530 1762 1605 regratiandum.

463 1648 617 1729 Denique,
633 1666 697 1730 quo
711 1648 869 1712 deteriora
884 1655 959 1710 sunt
979 1648 1064 1709 mala
1084 1653 1172 1709 aeter-
1858 1706 1859 1709 ,

424 1766 473 1810 ua
496 1746 720 1827 damnationis,
743 1746 821 1809 vitia
844 1754 877 1809 et
901 1752 1043 1828 peccata,
1057 1745 1171 1826 jugum
1267 1743 1437 1806 Sauvaron.
1454 1778 1494 1789 —
1516 1742 1560 1804 Ad
1584 1742 1733 1804 virtutem
1757 1740 1970 1823 gratitudinis,

420 1845 600 1926 iniquitatis
629 1844 828 1927 servitusque
853 1844 983 1923 diaboli,
1009 1862 1048 1907 eo
1072 1843 1172 1905 abun·
1189 1843 1212 1903 B
1227 1862 1297 1923 quae
1311 1861 1384 1923 pars
1399 1849 1499 1904 exstat
1511 1841 1653 1922 justitiae,
1670 1860 1734 1904 non
1754 1840 1857 1904 solum
1880 1839 1973 1921 perti-

423 1943 551 2005 dautius
565 1943 693 2025 gloriari
708 1951 738 2005 te
753 1943 787 2003 in
803 1962 873 2004 mea
887 1941 1034 2023 congruit
1052 1940 1173 2022 passio-
1227 1949 1281 2003 net
1305 1939 1455 2003 beneficii
1480 1939 1587 2002 collati
1613 1938 1834 2017 consideratio,
1862 1938 1921 2000 sed
1943 1946 1972 2000 et

423 2060 475 2120 ne,
491 2041 692 2122 inquantum
713 2060 772 2122 per
790 2059 859 2102 eam
879 2040 919 2102 ab
938 2038 1087 2102 omnibus
1108 2046 1171 2100 tam
1226 2047 1330 2120 gratas
1357 2039 1533 2120 rependere
1565 2046 1597 2099 et
1629 2038 1732 2100 vicem
1766 2055 1823 2119 pro
1851 2035 1972 2100 viribus

423 2139 621 2221 gravissimis
636 2138 788 2200 liberatus
807 2158 842 2201 es
861 2137 954 2200 malis
968 2160 976 2215 3
993 2156 1051 2201 nec
1067 2137 1171 2199 solum
1226 2137 1384 2200 exhibere.
1401 2135 1475 2197 llihi
1490 2153 1565 2217 ergo
1580 2135 1619 2199 de
1635 2134 1795 2197 beneficio
1814 2131 1971 2216 passionis

424 2236 458 2298 iu
474 2245 627 2318 quantum
643 2244 688 2315 tu,
705 2236 762 2298 sed
777 2243 808 2299 et
823 2244 923 2299 totum
944 2254 1045 2317 genus
1060 2236 1172 2297 huma·
1225 2236 1423 2315 aliorumque
1446 2234 1669 2315 mysteriorum
1692 2242 1724 2295 ct
1751 2234 1908 2295 donorum
1937 2250 1972 2295 ac

423 2353 502 2396 num
526 2334 600 2397 inde
625 2341 769 2415 ereptum
794 2341 852 2396 est.
869 2334 1000 2412 llursus,
1016 2340 1170 2414 quantum
1225 2332 1453 2414 promissorum
1479 2349 1624 2394 meorum
1652 2331 1749 2393 debes
1774 2348 1838 2393 nou
1867 2328 1970 2393 solnm

424 2432 614 2494 charismata
641 2431 813 2513 gratiarum
838 2432 983 2513 donaque
1006 2430 1115 2512 glorie
1140 2438 1171 2492 et
1226 2450 1291 2511 ore,
1308 2432 1363 2494 sed
1384 2450 1479 2512 opere
1503 2448 1629 2512 quoque
1655 2438 1686 2491 et
1707 2428 1850 2509 veritate,
1866 2437 1972 2509 grates

424 2530 574 2593 universa
588 2529 672 2593 bona
686 2529 803 2593 virtute
818 2549 856 2592 ac
870 2529 985 2593 merito
1000 2547 1079 2591 meae
1100 2548 1172 2611 pas·
1225 2530 1392 2611 vicemque
1414 2529 1599 2611 rependere,
1616 2536 1703 2592 tanto
1728 2526 1908 2610 promptius
1931 2537 1974 2590 at-

420 2627 524 2691 sionis
548 2627 641 2690 vobis
669 2635 867 2709 recuperata,
894 2628 968 2690 data
993 2636 1026 2690 et
1053 2646 1171 2709 praepa·
1225 2646 1287 2709 que
1302 2626 1477 2689 ferventius
1499 2624 1577 2689 mihi
1600 2633 1631 2687 et
1651 2623 1730 2688 meis
1751 2624 1881 2687 vicariis
1902 2625 1975 2688 obe

422 2734 500 2806 rata,
527 2734 601 2789 sunt
629 2726 859 2808 praestantiora,
886 2734 974 2789 tanto
999 2724 1170 2789 cordialius
1225 2726 1354 2806 diendo,
1371 2744 1422 2788 me
1436 2744 1493 2806 pro
1508 2724 1631 2788 viribus
1646 2724 1842 2803 bonomudo,
1858 2724 1928 2788 inno
1945 2731 1975 2787 et

421 2825 455 2887 in
476 2842 555 2887 metu
578 2823 738 2906 passionis
761 2824 967 2887 meditatione
992 2832 1023 2885 te
1046 2830 1171 2905 oportet
1226 2833 1256 2887 te
1280 2824 1385 2906 ipsum
1411 2842 1467 2905 pro
1491 2842 1553 2901 me,
1575 2841 1633 2904 pro
1656 2822 1733 2901 fide,
1755 2840 1812 2903 pro
1836 2822 1973 2903 justitia,

421 2924 569 3005 gaudere.
586 2922 720 2983 Attende
742 2940 799 3003 pro
820 2922 954 3002 viribuS,
971 2941 1066 3002 quam
1089 2919 1171 2983 incf·
1226 2922 1336 2987 mortis
1351 2920 1529 2985 discrimini
1544 2921 1730 3001 exponendo
1745 2928 1776 2983 et
1791 2929 1908 2982 cuncta
1923 2920 1975 2982 ad-

422 3018 562 3082 fabiliter
584 3037 700 3100 magna
718 3026 750 3080 et
767 3019 966 3081 abhorrenda
990 3027 1064 3081 sunt
1087 3018 1170 3081 mala
1189 3025 1210 3088 C
1227 3040 1318 3083 versa
1332 3019 1489 3102 patienter
1501 3018 1644 3097 ferendo,
1661 3036 1718 3100 pro
1733 3018 1885 3080 fratribus
1902 3037 1976 3100 quo

421 3116 488 3193 illa,
505 3124 538 3205 et
554 3135 650 3197 quam
669 3116 866 3179 ineffabilius
887 3135 1003 3198 magna
1022 3125 1054 3179 et
1075 3135 1171 3198 appe·
1202 3118 1288 3200 'que
1316 3118 1379 3181 tuis
1403 3136 1441 3179 ex
1465 3136 1536 3179 mea
1563 3116 1694 3178 caritate
1722 3115 1860 3178 animam
1886 3124 1974 3178 tuam

422 3216 519 3277 tenda
537 3222 611 3277 sunt
634 3214 719 3278 bona
743 3214 813 3277 ista.
831 3214 947 3295 Sicque
970 3216 1057 3277 omni
1082 3215 1172 3278 volu·
1226 3217 1383 3299 ponendo,
1410 3221 1527 3297 quanto
1552 3214 1850 3296 incomparabilium
1877 3222 1976 3296 atque

421 3320 508 3395 ptate
520 3312 653 3375 sensuali
667 3312 951 3394 contemptaomni
963 3313 1019 3375 vili
1032 3314 1171 3376 consola·
1226 3312 1478 3377 eminentissima
1493 3319 1566 3373 sunt
1580 3330 1651 3374 mea
1665 3310 1825 3373 beneficia
1843 3330 1880 3373 ac
1905 3329 1977 3394 pro

422 3411 508 3475 done
522 3410 648 3491 abjecta
667 3411 817 3493 omnique
837 3410 1170 3475 illicitadelectatioue
1226 3412 1334 3489 missa,
1351 3418 1384 3473 et
1398 3408 1580 3492 specialiter
1593 3428 1674 3472 meas
1688 3408 1844 3490 passionis
1858 3419 1978 3491 myste

424 3527 580 3591 repressa,
611 3508 644 3570 in
679 3528 750 3571 mea
777 3510 880 3591 gaude
908 3517 1003 3591 atque
1029 3509 1171 3592 tripudia
1225 3511 1273 3573 ria
1293 3517 1325 3572 et
1344 3514 1513 3571 tormenta.

422 3607 581 3690 passione.
1265 3608 1401 3670 Advorte
1425 3612 1543 3687 quanta
1568 3604 1609 3666 sit
1630 3605 1744 3667 horum
1769 3604 1976 3687 ingratitudo,

461 3706 623 3785 Praeterea,
660 3706 693 3767 in
730 3724 802 3768 rnea
833 3705 981 3787 passione
1018 3707 1168 3788 gaudere,
1226 3714 1320 3788 atque
1335 3724 1429 3787 quarn
1446 3704 1538 3784 longe
1554 3702 1817 3784 sintadignitate
1832 3721 1868 3765 ac
1884 3702 1979 3765 meri-

420 3813 471 3866 est
495 3822 623 3867 omnem
647 3803 883 3881 adversitatem,
900 3804 1168 3886 persecutionem,
1226 3811 1258 3868 to
1282 3803 1421 3867 nominis
1446 3799 1624 3879 christiani,
1645 3800 1701 3881 qui
1726 3800 1789 3863 mei
1813 3818 1925 3863 aruore
1948 3809 1981 3863 at

422 3902 689 3983 aspernationem,
708 3902 899 3980 irrisionem,
916 3901 1078 3983 injuriam,
1091 3904 1172 3965 vitu·
1225 3902 1382 3985 passionis
1397 3919 1475 3963 meae
1489 3898 1606 3961 intuitu
1626 3907 1764 3961 renuunt
1782 3918 1884 3961 unum
1908 3918 1980 3962 ver-

421 4000 631 4081 peretiouem,
649 4000 766 4061 iutuitu
780 4008 813 4061 et
826 4018 934 4062 amore
948 3999 1011 4062 mci
1033 4020 1070 4063 ac
1093 4020 1170 4064 meas
1225 4001 1302 4063 bum
1317 4001 1431 4061 durum
1446 3996 1738 4060 modicissimumva
1755 4004 1979 4079 contemptum

423 4098 580 4179 passionis
594 4097 739 4159 hilariter
753 4096 927 4176 sustinere;
945 4106 977 4160 et
996 4098 1057 4161 hoc
1078 4117 1170 4181 opor·
1225 4117 1261 4161 ac
1289 4096 1438 4159 minimas
1468 4094 1624 4157 sustinere
1653 4093 1799 4175 iujurias.
1825 4094 1849 4156 0
1876 4113 1980 4175 quarn

422 4204 469 4257 tet
490 4204 521 4257 te
543 4193 677 4258 viriliter
697 4195 882 4276 adimplere.
1186 4194 1346 4277 Dindigni
1369 4201 1443 4257 sunt
1460 4192 1512 4255 isti
1539 4211 1558 4253 a
1582 4210 1633 4254 me
1658 4191 1780 4254 Christo
1803 4190 1979 4254 Christiani

423 4330 431 4336 ·
463 4293 631 4355 Sanvurus.
648 4328 689 4337 -
708 4292 760 4355 Vae
781 4292 984 4374 insipientiae,
1001 4294 1067 4357 imo
1088 4294 1171 4357 insa·
1224 4294 1353 4357 vocarit
1377 4293 1415 4354 Et
1438 4290 1597 4373 quomodo
1623 4308 1679 4371 pro
1706 4308 1757 4353 me
1781 4287 1918 4352 offerret
1944 4308 1979 4351 se

421 4391 483 4454 niae
498 4409 588 4469 mee,
603 4390 659 4471 qui
675 4398 721 4453 tot
734 4398 766 4452 et
779 4390 876 4452 tantis
898 4399 1014 4454 sanctae
1035 4393 1171 4455 exsulta·
1224 4392 1318 4455 morti
1334 4398 1364 4453 et
1378 4390 1466 4453 omni
1487 4386 1678 4465 discrimini,
1700 4388 1754 4470 qui
1775 4387 1889 4450 abnuit
1911 4397 1979 4450 tarn

422 4489 519 4552 tionis
543 4488 649 4551 causis
667 4488 806 4568 omissis,
828 4488 861 4549 in
881 4488 974 4551 vanis
994 4498 1025 4552 et
1044 4489 1170 4553 frivolis
1225 4491 1350 4554 modice
1371 4507 1428 4570 pro
1450 4507 1500 4549 me
1522 4486 1611 4569 patif

423 4587 528 4663 rebus,
546 4585 579 4647 in
595 4585 919 4665 confabulationibus,
937 4585 1021 4648 ludis
1036 4596 1067 4649 et
1088 4587 1170 4667 jocis
1266 4588 1355 4651 Porta
1375 4586 1521 4667 stigmata
1544 4604 1616 4646 mea
1642 4584 1674 4645 in
1699 4601 1831 4666 corpore
1856 4592 1927 4661 tuo,
1946 4594 1983 4647 ut
2002 4608 2070 4651 mar.
2084 4618 2104 4647 u.

423 4684 543 4766 glorior
562 4693 595 4747 et
616 4683 807 4747 resolvor.0
828 4684 961 4746 Domine
974 4684 1059 4765 lesu,
1075 4704 1170 4766 quam
1226 4705 1299 4750 cum
1313 4684 1463 4767 Apostolo
1478 4683 1566 4746 dicas
1584 4706 1591 4744 ι
1607 4683 1642 4744 ln
1658 4683 1745 4746 omni
1766 4682 1887 4745 fiducia
1912 4702 1982 4747 ma-
1995 4672 2054 4776 ᾖ...

278 4804 411 4855 rat.n.,n.
423 4783 488 4846 cito
513 4789 585 4863 post
608 4781 720 4843 fletum
744 4781 985 4844 exsultationem
1014 4781 1170 4863 infundis,
1226 4783 1434 4867 gnil'icabitur
1449 4781 1590 4845 Christus
1604 4781 1637 4841 in
1653 4798 1785 4861 corpore
1804 4800 1890 4861 meo,
1908 4782 1982 4843 sive
1996 4742 2105 4830 ww

423 4880 482 4962 qui
510 4879 569 4942 tibi
592 4880 849 4961 compatientem,
875 4887 940 4941 tam
969 4880 1114 4943 celeriter
1141 4889 1173 4943 et
1227 4883 1406 4964 pervitam,
1424 4880 1492 4943 sive
1507 4887 1725 4962 permortem.
1740 4878 1804 4941 Hoc
1819 4886 1867 4940 est
1888 4880 1982 4961 quod

426 4977 545 5042 diffuse
560 4977 594 5039 in
610 4985 663 5038 tua
677 4976 825 5058 passione
839 4975 945 5039 efficis
960 4976 1169 5059 gloriantem!
1227 4982 1349 5063 primus
1368 4988 1400 5041 et
1423 4996 1566 5041 summus
1586 4996 1676 5039 meus
1696 4976 1834 5039 vicarius
1859 4976 1983 5039 fideles

276 5097 319 5141 Ρ..
336 5111 410 5148 xxxa.
425 5077 554 5156 Verum,
570 5075 609 5137 de
624 5082 730 5137 cetero
744 5073 828 5136 absit
847 5094 865 5136 a
885 5094 936 5137 me
958 5075 1116 5157 respicere
1138 5077 1171 5139 in
1226 5078 1391 5142 admonuit
1405 5074 1872 5140 universos:t'ommuuicautes
1887 5075 1985 5138 Chri·
2005 5099 2077 5144 tras.
2088 5107 2109 5145 a,

274 5164 364 5269 ‘m
378 5236 409 5276 ,ι’
424 5176 581 5239 vanitates
605 5182 638 5237 et
661 5172 801 5236 insanias
829 5173 938 5253 falsas,
963 5183 1017 5237 aut
1043 5176 1171 5257 gloriari
1226 5178 1264 5241 sti
1280 5176 1479 5260 passionibus
1493 5175 1639 5257 gaudete,
1657 5181 1736 5237 utet
1753 5173 1787 5236 in
1808 5174 1985 5241 revelatio·
2000 5168 2030 5207 ¹³·

274 5289 310 5332 ιι.
352 5313 355 5321 -
426 5275 489 5339 nisi
503 5275 537 5337 in
552 5292 647 5338 cruce
662 5270 786 5336 Domini
802 5272 865 5335 mei
880 5272 953 5336 Jeau
972 5274 1099 5356 Christi,
1114 5295 1173 5359 per
1226 5296 1267 5339 ne
1287 5275 1397 5357 gloria
1418 5273 1489 5354 ejus
1509 5272 1685 5354 gaudeatis.
