4309 6259
418 480 465 579 '72
795 500 951 549 arrosrrre
972 499 1071 547 nrum
1095 505 1102 543 ε
1126 499 1249 546 vannuu
1269 498 1430 548 seranum
1450 500 1599 547 reomaus

332 690 413 753 aare.
428 670 621 737 comitantia
640 672 780 751 modum,
798 672 880 735 sicut
898 690 1081 754 expressura
1106 678 1175 748 est;
1190 668 1216 732 A
1231 670 1437 733 humanitatis
1450 668 1576 733 Domini
1591 665 1896 750 Salvatcris,deinde
1908 669 1976 751 glo-

429 780 466 832 ut
485 771 629 846 duplicis
647 772 838 832 substantioe
857 780 959 831 totam
978 772 1102 829 cibaret
1125 770 1177 829 bo
1231 767 1412 832 riesissimaa
1444 766 1583 850 Virginis
1617 786 1654 830 ac
1687 774 1865 830 ceterorum
1899 768 1977 831 San-

428 868 601 938 minem,id
613 876 834 949 est,quatenus
845 868 1003 950 integrum
1016 866 1176 931 bominem
1230 873 1365 930 otorum.

429 985 467 1030 ex
490 966 596 1029 anima
616 966 761 1030 rationali
783 975 815 1030 θῖ
835 985 929 1030 carne
950 966 1173 1048 compositum,
1271 969 1297 1029 0
1321 966 1479 1025 salutarie
1503 965 1632 1034 Hostia,
1654 962 1686 1026 id
1714 971 1773 1043 θεῖ,
1798 980 1818 1027 o
1842 962 1974 1044 Christe,
2046 976 2065 1030 e

430 1065 528 1127 aleret
552 1083 646 1127 carne
669 1073 701 1127 θῖ
725 1065 879 1147 sanguine
907 1064 1177 1127 sacramentaliter
1231 1062 1439 1125 saluberrima
1453 1061 1583 1124 victima
1597 1080 1654 1143 pro
1669 1060 1761 1125 nohis
1775 1061 1891 1141 oblata,
1904 1083 1978 1142 qua

429 1161 578 1226 exhibitis
609 1186 615 1224 :
646 1162 691 1224 ita
722 1170 827 1225 temen
856 1164 939 1244 quod
970 1171 1033 1225 tam
1061 1181 1176 1244 corpus
1229 1163 1304 1221 cccli
1327 1164 1449 1237 pandis
1473 1163 1604 1229 ostiam,
1630 1159 1661 1222 id
1690 1168 1749 1239 est,
1774 1159 1888 1223 merito
1917 1168 1977 1223 tua

429 1278 524 1341 quam
545 1259 674 1341 sanguis
693 1260 807 1323 Christi
832 1260 1051 1343 principaliter
1074 1280 1110 1324 ac
1134 1258 1178 1322 di·
1231 1259 1387 1341 passionis
1405 1258 1551 1322 reserasti
1567 1258 1688 1321 aditum
1704 1256 1792 1339 regni
1810 1258 1974 1338 coelorum,
2135 1249 2136 1326 l

430 1366 514 1421 recte
538 1366 727 1440 prestantur
755 1358 788 1420 in
818 1358 931 1421 animes
956 1359 1174 1439 reiectionem,
1232 1357 1457 1420 satisfaciendo
1481 1374 1539 1437 pro
1563 1356 1710 1437 originali
1735 1364 1766 1419 et
1792 1356 1881 1418 omni
1906 1375 1980 1438 pec·

430 1456 617 1519 secundarie
645 1464 751 1519 autem
784 1465 816 1520 θῖ
849 1476 907 1539 per
934 1458 1176 1520 redundantiam
1232 1464 1312 1535 cate,
1321 1456 1429 1536 sicque
1440 1454 1639 1519 obstaculum
1652 1453 1831 1518 introeundi
1844 1473 1977 1537 regnum

429 1554 712 1637 quamdam,etiam
728 1554 760 1617 in
776 1556 917 1637 corporis
931 1556 1175 1636 roborationem,
1230 1553 1377 1633 delendo,
1402 1553 1552 1616 videlicet
1575 1551 1739 1633 originalis
1763 1552 1886 1634 peccati
1912 1571 1979 1615 rea·

429 1653 462 1715 iu
485 1661 638 1734 quantum
664 1653 765 1715 virtus
784 1662 816 1716 et
835 1653 989 1718 refloritio
1007 1654 1123 1718 animae
1142 1654 1176 1716 in
1231 1660 1311 1732 tum,
1327 1654 1577 1728 bellapremunt
1593 1653 1737 1721 hostilia,
1753 1650 1859 1731 idest,
1876 1650 1978 1733 impu-

281 1762 415 1815 temur·
429 1769 544 1833 eorpus
558 1752 745 1829 redundant,
757 1752 846 1833 juxta
860 1752 892 1814 id
907 1752 1092 1815 Psalmi:ln
1107 1752 1176 1835 ipso
1230 1751 1397 1832 gnationes
1425 1750 1603 1812 daemonum
1632 1758 1665 1812 et
1698 1748 1833 1813 aliorum
1866 1750 1977 1812 salutis

429 1849 568 1931 speravit
582 1868 636 1913 cor
651 1869 768 1927 meum,
785 1859 816 1912 et
830 1850 959 1932 adjutus
978 1870 1060 1930 sum,
1078 1859 1110 1914 et
1128 1870 1176 1913 re-
1191 1846 1214 1909 B
1231 1856 1346 1911 nostrae
1367 1848 1618 1911 adversariorum
1640 1865 1699 1910 nes
1723 1856 1866 1929 gravant.
1889 1848 1976 1912 Unde

281 1958 413 2012 neuun,
427 1947 538 2011 floruit
552 1966 625 2012 caro
647 1968 739 2027 mea,
756 1948 896 2029 itemque
914 1972 921 2009 ε
937 1948 997 2011 Cor
1017 1968 1124 2012 meum
1144 1957 1176 2011 et
1230 1946 1310 2009 dixit
1324 1945 1492 2027 Apostolus
1508 1946 1547 2008 ad
1562 1944 1808 2027 EphesioszNon
1823 1954 1872 2009 est
1885 1946 1976 2010 nobis
1997 1966 2115 2022 eptae
2136 2021 2137 2038 ,

282 2025 302 2066 ³·
427 2064 501 2109 caro
526 2065 596 2109 mea
621 2048 857 2109 exsultaverunt
877 2047 909 2107 in
928 2047 1027 2109 Deum
1052 2048 1173 2110 vivum.
1231 2044 1413 2107 colluctatio
1427 2045 1579 2107 adversus
1594 2062 1721 2105 carnem
1742 2051 1775 2105 θῖ
1788 2043 1976 2125 sanguinem
1993 2033 2030 2072 ¹²·
2136 2065 2137 2082 ¹

427 2144 673 2222 «Hominem»,
691 2144 832 2226 inquam,
850 2167 867 2203 «
884 2144 1020 2227 duplicis
1035 2146 1177 2208 substan·
1230 2142 1368 2224 (supple,
1388 2141 1606 2223 principaliter
1626 2160 1730 2222 neque
1752 2144 1900 2221 tantum),
1921 2142 1976 2205 sed

428 2243 479 2305 tiae
503 2265 532 2322 a,
553 2243 614 2306 hoc
639 2250 688 2305 θεῖ
711 2242 849 2323 duplicis
874 2250 1005 2320 naturae,
1026 2242 1177 2305 videlicet
1230 2242 1382 2303 adversus
1410 2240 1572 2322 principes
1600 2248 1632 2302 θῖ
1659 2248 1841 2322 potestates,
1869 2240 1900 2302 id
1927 2248 1977 2303 est

427 2339 601 2422 spiritualis
629 2347 661 2401 et
689 2340 872 2421 corporalis,
899 2340 974 2421 quia
1003 2359 1041 2403 ex
1069 2341 1175 2402 anima
1230 2338 1331 2401 aerias
1356 2346 1537 2420 potestates,
1563 2356 1633 2420 quaa
1657 2337 1696 2400 de
1721 2336 1887 2401 ordinibus
1915 2357 1977 2401 cta·

427 2437 597 2501 immortali
613 2457 649 2500 ac
665 2437 820 2500 invisibili
836 2446 919 2501 etex
934 2457 1029 2501 carne
1049 2438 1174 2502 mortali
1231 2436 1357 2499 lestium
1382 2435 1618 2517 Principatuum
1643 2454 1679 2498 ac
1704 2435 1894 2499 Potestatum
1920 2453 1976 2517 pro
2137 2456 2138 2507 l

426 2546 521 2618 atque
541 2535 660 2598 visibili
681 2544 805 2599 constat
821 2560 828 2597 :
846 2545 877 2599 et
896 2536 940 2599 ita
961 2555 1077 2599 nomen
1103 2538 1176 2599 sub-
1230 2543 1318 2616 parte
1334 2534 1463 2596 luerunt
1477 2541 1549 2596 ante
1571 2534 1708 2596 ruinam.
1725 2537 1776 2595 Da
1792 2536 1894 2595 robur
1907 2553 1977 2616 gra·

427 2631 550 2694 stantiae
565 2631 702 2694 sumitur
719 2632 771 2695 hie
791 2640 930 2710 extense,
947 2650 1004 2715 pro
1024 2634 1176 2696 essentia·
1229 2632 1281 2694 tia
1296 2651 1333 2695 ae
1349 2632 1501 2694 virtutum
1517 2632 1555 2694 ad
1579 2632 1801 2694 sustinendum
1822 2650 1879 2695 seu
1900 2632 1976 2695 resi·
2137 2637 2138 2644 ’

427 2727 511 2790 libus
525 2728 669 2811 partibus
685 2728 868 2793 substantiae
882 2730 1095 2793 subsistentis.
1230 2731 1389 2810 standum,
1404 2733 1459 2808 ser
1478 2733 1647 2791 auxilium
1667 2731 1706 2793 ad
1728 2730 1975 2814 praevalendum,

465 2828 508 2887 Sc
526 2846 661 2886 nascens
679 2828 771 2887 dedit
791 2831 913 2887 socium
930 2826 988 2889 :id
1013 2836 1072 2905 est,
1089 2828 1177 2891 Chri·
1230 2838 1378 2911 elopem
1408 2829 1441 2890 iu
1471 2828 1578 2891 anima
1600 2836 1633 2891 ot
1657 2846 1788 2911 corpore
1811 2828 1851 2891 ad
1879 2829 1978 2911 proli-

426 2932 493 2987 stus
508 2924 540 2985 in
557 2943 613 2986 sua
624 2923 855 2987 exbeatissima
866 2924 995 3005 Virgine
1010 2926 1175 2988 nativitate
1230 2928 1378 2991 ciendum
1393 2936 1425 2990 θῖ
1438 2928 1705 3009 perseverandum
1720 2927 1979 2991 salubriter.ul)a

425 3022 540 3084 adedit
554 3040 587 3084 se
603 3021 832 3099 socium>›,h0c
847 3030 896 3084 θεῖ
909 3030 1089 3086 consortem
1104 3042 1176 3086 con·
1193 3026 1214 3089 C
1231 3025 1327 3089 mbur
1352 3048 1369 3085 u
1394 3024 1575 3089 declinandi
1601 3025 1640 3088 ab
1665 3026 1753 3089 omni
1769 3026 1873 3107 malo,
1899 3046 1977 3108 prae

424 3119 613 3183 versationis
627 3120 903 3198 humauae,voleus
916 3121 1042 3184 tractari
1057 3130 1090 3185 θῖ
1104 3140 1176 3186 eon·
1230 3124 1339 3186 sertim
1361 3124 1498 3204 mortali,
1516 3145 1532 3182 u
1556 3122 1605 3187 fer
1624 3122 1778 3186 auxilium
1800 3146 1818 3183 a
1837 3123 1976 3188 faciendi

425 3218 545 3281 versari
560 3217 663 3300 primo
678 3225 713 3279 ut
726 3217 843 3296 iniens,
860 3218 975 3281 deinde
990 3228 1026 3282 ut
1040 3239 1131 3302 puer,
1143 3229 1176 3283 et
1230 3239 1325 3283 omne
1346 3222 1465 3284 benum
1486 3221 1570 3302 qued
1591 3227 1639 3284 θεῖ
1659 3222 1698 3283 de
1719 3221 1908 3286 necessitate
1929 3242 1979 3285 sa-

426 3318 470 3380 ita
492 3318 643 3399 deinceps
668 3326 704 3380 ut
726 3318 922 3399 adolescens,
939 3338 1039 3400 usque
1063 3319 1103 3380 ad
1125 3319 1177 3401 ju·
1231 3318 1320 3398 lutis,
1350 3319 1435 3399 quod
1465 3318 1589 3381 scilicet
1623 3318 1707 3381 cadit
1733 3319 1793 3381 sub
1821 3328 1978 3403 praecepto

426 3424 600 3493 ventutam,
617 3416 650 3477 in
665 3435 728 3497 qua
745 3415 871 3480 occisus
891 3424 1175 3495 est;convescens,
1231 3416 1287 3479 Dei
1313 3416 1380 3479 sive
1404 3416 1564 3479 Ecclesia.
1591 3416 1692 3499 Opera
1716 3435 1842 3499 quoque
1869 3436 1980 3499 super-

427 3514 460 3577 id
484 3522 542 3593 est,
564 3514 596 3575 in
617 3532 709 3577 coeua
728 3513 903 3577 novissima
922 3533 995 3577 cum
1016 3514 1175 3596 Apostolis
1231 3514 1423 3595 erogationis
1438 3532 1640 3577 exerceamus
1655 3513 1801 3578 viriliter.

428 3612 608 3690 comedens,
635 3611 724 3674 dedit
753 3630 786 3674 sc
816 3614 852 3673 tn
880 3614 1042 3683 edulium,
1068 3612 1100 3674 id
1128 3622 1177 3676 est
1275 3616 1341 3675 Uni
1373 3615 1526 3692 trinoque
1559 3616 1709 3685 Domino,
1741 3614 1796 3695 qui
1832 3633 1916 3678 unus
1946 3624 1981 3679 θῖ
2050 3631 2070 3685 6

428 3711 541 3775 annuae
568 3710 697 3789 cibum;
722 3730 754 3770 ee
777 3712 931 3780 moriens,
958 3712 994 3770 in
1014 3713 1176 3786 pretium,
1232 3710 1365 3790 simplex
1388 3718 1437 3773 θεῖ
1461 3710 1495 3772 in
1518 3710 1656 3773 essentia
1677 3719 1710 3773 θῖ
1728 3711 1832 3775 trinus
1853 3713 1886 3775 iu
1908 3732 1981 3796 per-

428 3810 492 3883 hoc,
510 3816 569 3888 est,
584 3809 749 3873 moriendo
770 3808 804 3870 in
828 3826 922 3871 eruce
942 3808 1029 3871 dedit
1051 3828 1085 3871 se
1104 3832 1121 3869 a
1143 3809 1176 3871 in
1231 3808 1330 3888 sonis,
1352 3809 1395 3868 sit
1417 3809 1614 3884 sempiterna
1635 3810 1757 3886 plomb,
1779 3808 1863 3873 sicut
1885 3829 1981 3893 expo

428 3908 566 3991 pretium
596 3930 613 3967 a
642 3914 756 3971 nostrae
784 3906 1023 3988 redemptionis,
1051 3915 1087 3969 ut
1109 3908 1176 3989 iam
1231 3906 1328 3969 situm
1349 3914 1418 3984 θεῖ,
1442 3908 1626 3986 palvitam
1648 3907 1719 3968 sine
1744 3910 1896 3979 termino,
1917 3909 1979 3973 hoc
1993 3936 2079 3989 μεθ

328 4024 416 4082 μεθ.
429 4024 524 4087 supra
548 4004 725 4087 expositum
749 4012 807 4068 est.
824 4008 867 4068 Se
892 4024 1034 4083 repuens
1056 4010 1115 4066 dat
1139 4009 1176 4067 in
1230 4012 1279 4067 θεῖ
1292 4004 1390 4067 vitam
1411 4004 1520 4086 gloriae
1540 4012 1694 4087 perpetuo
1712 4005 1907 4087 duraturam,
1924 4028 1980 4069 no

424 4107 602 4181 preamium
619 4125 629 4163 .·
645 4102 677 4165 id
693 4110 751 4181 θεῖ,
768 4102 908 4185 perfecte
922 4102 1121 4185 glorificatus
1142 4104 1176 4166 in
1232 4104 1280 4162 bis
1304 4105 1401 4163 donet
1426 4120 1484 4184 pro
1512 4101 1654 4183 premio,
1681 4120 1745 4166 non
1771 4104 1980 4186 temporalem

429 4210 543 4264 natura
561 4208 724 4282 assumpta
741 4208 773 4263 θῖ
787 4223 803 4260 «
825 4220 961 4282 regnans
982 4220 1050 4265 »ac
1070 4202 1176 4284 prasi·
1190 4202 1216 4263 D
1231 4200 1485 4283 prosperitatem,
1512 4203 1549 4260 in
1569 4203 1686 4277 patria
1711 4201 1897 4283 electorum,
1922 4205 1979 4285 qui

429 4301 508 4363 dens
533 4298 566 4361 in
591 4298 798 4381 triumphanti
823 4298 974 4378 Ecclesia,
1001 4300 1176 4381 prasertim
1230 4299 1291 4362 hoc
1319 4299 1439 4362 mundo
1467 4305 1599 4360 utuntur
1623 4306 1773 4380 tanquam
1797 4300 1921 4383 exsilio,
1946 4310 1980 4365 et

430 4398 605 4461 secuudum
619 4404 764 4460 naturam
779 4397 931 4475 divinam,
945 4406 977 4461 et
989 4398 1085 4461 etiam
1100 4418 1178 4480 quo-
1231 4397 1298 4459 vita
1311 4396 1458 4479 prasenti
1474 4404 1509 4459 ut
1523 4396 1793 4479 peregrinatione3
1805 4400 1872 4481 qui,
1889 4407 1925 4464 ut
1936 4401 1977 4463 ad

430 4496 599 4560 dammodo
620 4496 795 4558 secundum
821 4503 965 4558 naturam
990 4496 1174 4575 humanam,
1230 4494 1377 4558 Hebraeos
1396 4494 1521 4576 legitur,
1538 4494 1733 4559 confitentur
1750 4498 1902 4578 quoniam
1923 4517 2124 4580 peamau

431 4594 605 4658 secundum
621 4612 715 4675 quam
731 4602 767 4656 ut
780 4594 883 4657 Verbo
897 4602 1014 4658 aeterno
1029 4595 1177 4676 hyposta-
1231 4592 1349 4674 regrini
1364 4600 1397 4655 et
1410 4593 1551 4674 hospites
1566 4601 1641 4656 sunt
1654 4613 1750 4678 super
1764 4602 1879 4658 terram
1897 4620 1905 4659 ε
1921 4596 1977 4677 qui
1991 4586 2030 4627 ¹⁴·

431 4694 492 4757 tice
515 4692 638 4755 unitam
663 4692 770 4756 omnia
788 4710 914 4773 quoque
939 4692 1083 4774 subjecta
1104 4700 1178 4755 sunt
1230 4690 1317 4754 enim
1338 4692 1407 4754 haec
1428 4691 1550 4772 dicunt,
1573 4691 1759 4775 significant
1782 4712 1816 4758 ae
1842 4694 1977 4776 patriam

429 4790 496 4870 ei,«
512 4790 566 4853 dat
580 4809 614 4853 se
629 4812 646 4850 a
663 4789 768 4872 ipsum
782 4789 914 4852 Beatisu
931 4789 964 4851 in
980 4790 1146 4871 premium
1158 4814 1176 4850 u
1231 4788 1391 4871 inquirere
1406 4788 1587 4872 paradisum
1602 4791 1776 4854 coelestem.

428 4888 595 4971 objectale,
612 4888 673 4951 hoc
688 4895 747 4965 est,
764 4886 893 4950 exhibet
906 4906 939 4950 εθ
959 4887 992 4949 in
1013 4887 1175 4969 objectum

427 4986 589 5051 lelicitatis
613 5005 650 5049 ac
675 4984 797 5068 praemii
818 4984 989 5049 electorum
1013 5009 1020 5047 :
1040 5004 1176 5068 quorum
1271 4983 1512 5049 Consideremus
1531 4983 1564 5046 iu
1585 4984 1637 5049 his
1658 4984 1821 5050 caritatem
1842 4996 1875 5051 et
1893 5006 1980 5052 com·

429 5084 594 5167 premium
609 5082 778 5147 essentiale
793 5082 939 5145 consistit
953 5083 987 5146 in
1001 5084 1125 5148 visione
1145 5093 1177 5148 θῖ
1230 5081 1480 5147 municationem
1508 5081 1622 5145 Christi
1650 5083 1684 5146 iu
1711 5084 1872 5166 omnibus,
1901 5104 1980 5167 qua-

428 5182 580 5247 lruitioue
595 5180 721 5244 deitatis
735 5178 849 5243 Christi
864 5180 1024 5263 totiusque
1043 5182 1177 5246 Trinita-
1230 5183 1303 5245 liter
1328 5200 1362 5245 se
1392 5181 1425 5243 in
1453 5181 1613 5245 universis
1636 5182 1896 5264 communicavit,
1922 5204 1979 5247 na-

429 5280 469 5344 tis
482 5303 491 5360 ς
508 5278 674 5363 premium
690 5294 765 5341 vcro
779 5277 985 5361 accidentale,
1003 5279 1174 5346 invisione
1231 5280 1361 5361 scendo,
1371 5279 1601 5359 convescendo,
1611 5279 1975 5364 moriendo,regnando:
