<?xml version="1.0" encoding="UTF-8"?>
<!DOCTYPE html PUBLIC "-//W3C//DTD XHTML 1.0 Transitional//EN"
    "http://www.w3.org/TR/xhtml1/DTD/xhtml1-transitional.dtd">
<html xmlns="http://www.w3.org/1999/xhtml" xml:lang="en" lang="en">
 <head>
  <title>
</title>
<meta http-equiv="Content-Type" content="text/html;charset=utf-8" />
  <meta name='ocr-system' content='tesseract 3.04.00' />
  <meta name='ocr-capabilities' content='ocr_page ocr_carea ocr_par ocr_line ocrx_word'/>
</head>
<body>
  <div class='ocr_page' id='page_1' title='image "./doctorisecstati02unkngoog/doctorisecstati02unkngoog_0529.png"; bbox 0 0 4309 6259; ppageno 0'>
   <div class='ocr_carea' id='block_1_1' title="bbox 388 502 1723 580">
    <p class='ocr_par' dir='ltr' id='par_1_1' title="bbox 388 502 1723 580">
     <span class='ocr_line' id='line_1_1' title="bbox 388 502 1723 580; baseline 0.004 -17"><span class='ocrx_word' id='word_1_1' title='bbox 388 518 428 563; x_wconf 86' lang='lat' dir='ltr'><strong>nr</strong></span> <span class='ocrx_word' id='word_1_2' title='bbox 447 516 604 567; x_wconf 74' lang='lat' dir='ltr'><strong>rnnoonm</strong></span> <span class='ocrx_word' id='word_1_3' title='bbox 624 518 662 565; x_wconf 80' lang='lat' dir='ltr'><strong>nr</strong></span> <span class='ocrx_word' id='word_1_4' title='bbox 682 517 846 580; x_wconf 63' lang='lat' dir='ltr'><strong>brennum</strong></span> <span class='ocrx_word' id='word_1_5' title='bbox 859 517 975 573; x_wconf 76' lang='lat' dir='ltr'><strong>unm,</strong></span> <span class='ocrx_word' id='word_1_6' title='bbox 998 517 1087 565; x_wconf 80' lang='lat' dir='ltr'><strong>nam</strong></span> <span class='ocrx_word' id='word_1_7' title='bbox 1107 518 1127 564; x_wconf 90' lang='lat' dir='ltr'><strong>r.</strong></span> <span class='ocrx_word' id='word_1_8' title='bbox 1150 537 1191 549; x_wconf 92' lang='lat'><em>-</em></span> <span class='ocrx_word' id='word_1_9' title='bbox 1210 519 1280 567; x_wconf 80' lang='lat' dir='ltr'><strong>mr.</strong></span> <span class='ocrx_word' id='word_1_10' title='bbox 1303 520 1410 577; x_wconf 82' lang='lat' dir='ltr'><strong>xxxix,</strong></span> <span class='ocrx_word' id='word_1_11' title='bbox 1432 520 1471 566; x_wconf 79' lang='lat' dir='ltr'><strong>xc</strong></span> <span class='ocrx_word' id='word_1_12' title='bbox 1663 502 1723 569; x_wconf 77' lang='lat' dir='ltr'><strong>tou</strong></span> 
     </span>
    </p>
   </div>
   <div class='ocr_carea' id='block_1_2' title="bbox 42 684 1866 2633">
    <p class='ocr_par' dir='ltr' id='par_1_2' title="bbox 170 684 1722 771">
     <span class='ocr_line' id='line_1_2' title="bbox 170 684 1722 771; baseline 0.001 -24"><span class='ocrx_word' id='word_1_13' title='bbox 170 686 237 749; x_wconf 91' lang='lat' dir='ltr'><strong>ctio</strong></span> <span class='ocrx_word' id='word_1_14' title='bbox 255 710 263 749; x_wconf 72' lang='grc' dir='ltr'><strong><em>ε</em></strong></span> <span class='ocrx_word' id='word_1_15' title='bbox 280 685 519 751; x_wconf 87' lang='lat' dir='ltr'><strong>indetrabibiles</strong></span> <span class='ocrx_word' id='word_1_16' title='bbox 534 688 653 770; x_wconf 90' lang='lat' dir='ltr'><strong>quippe</strong></span> <span class='ocrx_word' id='word_1_17' title='bbox 672 687 816 751; x_wconf 86' lang='lat' dir='ltr'><strong>delectus</strong></span> <span class='ocrx_word' id='word_1_18' title='bbox 830 688 960 749; x_wconf 80' lang='lat' dir='ltr'><strong>dum-A</strong></span> <span class='ocrx_word' id='word_1_19' title='bbox 977 684 1072 767; x_wconf 91' lang='lat' dir='ltr'><strong>libus,</strong></span> <span class='ocrx_word' id='word_1_20' title='bbox 1094 685 1158 749; x_wconf 91' lang='lat' dir='ltr'><strong>imo</strong></span> <span class='ocrx_word' id='word_1_21' title='bbox 1179 705 1218 749; x_wconf 85' lang='lat' dir='ltr'><strong>ox</strong></span> <span class='ocrx_word' id='word_1_22' title='bbox 1238 685 1386 752; x_wconf 88' lang='lat' dir='ltr'><strong>omnibus</strong></span> <span class='ocrx_word' id='word_1_23' title='bbox 1407 706 1444 749; x_wconf 91' lang='lat' dir='ltr'><strong>ac</strong></span> <span class='ocrx_word' id='word_1_24' title='bbox 1467 706 1532 771; x_wconf 80' lang='lat' dir='ltr'><strong>prae</strong></span> <span class='ocrx_word' id='word_1_25' title='bbox 1552 684 1722 769; x_wconf 88' lang='lat' dir='ltr'><strong>universis,</strong></span> 
     </span>
    </p>

    <p class='ocr_par' dir='ltr' id='par_1_3' title="bbox 169 783 1723 869">
     <span class='ocr_line' id='line_1_3' title="bbox 169 783 1723 869; baseline 0.001 -23"><span class='ocrx_word' id='word_1_26' title='bbox 169 793 258 847; x_wconf 82' lang='lat' dir='ltr'><strong>texat</strong></span> <span class='ocrx_word' id='word_1_27' title='bbox 279 787 463 869; x_wconf 75' lang='lat' dir='ltr'><strong>assumpsit.</strong></span> <span class='ocrx_word' id='word_1_28' title='bbox 483 787 518 850; x_wconf 94' lang='lat' dir='ltr'><strong>ln</strong></span> <span class='ocrx_word' id='word_1_29' title='bbox 541 787 602 849; x_wconf 94' lang='lat' dir='ltr'><strong>hoc</strong></span> <span class='ocrx_word' id='word_1_30' title='bbox 628 786 734 868; x_wconf 87' lang='lat' dir='ltr'><strong>itaque</strong></span> <span class='ocrx_word' id='word_1_31' title='bbox 758 785 921 849; x_wconf 91' lang='lat' dir='ltr'><strong>simillima</strong></span> <span class='ocrx_word' id='word_1_32' title='bbox 976 783 1023 845; x_wconf 92' lang='lat' dir='ltr'><strong>sic</strong></span> <span class='ocrx_word' id='word_1_33' title='bbox 1044 791 1116 864; x_wconf 93' lang='lat' dir='ltr'><strong>post</strong></span> <span class='ocrx_word' id='word_1_34' title='bbox 1136 802 1209 846; x_wconf 87' lang='lat' dir='ltr'><strong>eum</strong></span> <span class='ocrx_word' id='word_1_35' title='bbox 1233 784 1285 846; x_wconf 91' lang='lat' dir='ltr'><strong>isti</strong></span> <span class='ocrx_word' id='word_1_36' title='bbox 1311 803 1442 867; x_wconf 88' lang='lat' dir='ltr'><strong>compar</strong></span> <span class='ocrx_word' id='word_1_37' title='bbox 1462 804 1526 848; x_wconf 93' lang='lat' dir='ltr'><strong>non</strong></span> <span class='ocrx_word' id='word_1_38' title='bbox 1547 793 1642 863; x_wconf 88' lang='lat' dir='ltr'><strong>esset,</strong></span> <span class='ocrx_word' id='word_1_39' title='bbox 1663 804 1723 848; x_wconf 91' lang='lat' dir='ltr'><strong>nec</strong></span> 
     </span>
    </p>

    <p class='ocr_par' dir='ltr' id='par_1_4' title="bbox 169 879 1723 967">
     <span class='ocr_line' id='line_1_4' title="bbox 169 879 1723 967; baseline -0.001 -23"><span class='ocrx_word' id='word_1_40' title='bbox 169 883 233 965; x_wconf 92' lang='lat' dir='ltr'><strong>ipsi</strong></span> <span class='ocrx_word' id='word_1_41' title='bbox 255 884 426 947; x_wconf 71' lang='lat' dir='ltr'><strong>exsistebat</strong></span> <span class='ocrx_word' id='word_1_42' title='bbox 446 885 543 967; x_wconf 89' lang='lat' dir='ltr'><strong>Virgo</strong></span> <span class='ocrx_word' id='word_1_43' title='bbox 565 884 803 948; x_wconf 78' lang='lat' dir='ltr'><strong>fecundissima.</strong></span> <span class='ocrx_word' id='word_1_44' title='bbox 975 879 1008 941; x_wconf 91' lang='lat' dir='ltr'><strong>in</strong></span> <span class='ocrx_word' id='word_1_45' title='bbox 1025 880 1221 944; x_wconf 87' lang='lat' dir='ltr'><strong>naturalibus</strong></span> <span class='ocrx_word' id='word_1_46' title='bbox 1240 900 1343 964; x_wconf 90' lang='lat' dir='ltr'><strong>neque</strong></span> <span class='ocrx_word' id='word_1_47' title='bbox 1362 882 1395 944; x_wconf 94' lang='lat' dir='ltr'><strong>in</strong></span> <span class='ocrx_word' id='word_1_48' title='bbox 1409 882 1566 965; x_wconf 79' lang='lat' dir='ltr'><strong>gratuitis.</strong></span> <span class='ocrx_word' id='word_1_49' title='bbox 1582 882 1723 946; x_wconf 84' lang='lat' dir='ltr'><strong>Providit</strong></span> 
     </span>
    </p>

    <p class='ocr_par' dir='ltr' id='par_1_5' title="bbox 212 978 1723 1065">
     <span class='ocr_line' id='line_1_5' title="bbox 212 978 1723 1065; baseline 0.001 -23"><span class='ocrx_word' id='word_1_50' title='bbox 212 981 355 1063; x_wconf 87' lang='lat' dir='ltr'><strong>lnsupcr,</strong></span> <span class='ocrx_word' id='word_1_51' title='bbox 371 1000 428 1065; x_wconf 85' lang='lat' dir='ltr'><strong>per</strong></span> <span class='ocrx_word' id='word_1_52' title='bbox 443 982 616 1045; x_wconf 79' lang='lat' dir='ltr'><strong>bonitatam</strong></span> <span class='ocrx_word' id='word_1_53' title='bbox 631 983 834 1059; x_wconf 85' lang='lat' dir='ltr'><strong>naturalium,</strong></span> <span class='ocrx_word' id='word_1_54' title='bbox 850 1000 920 1064; x_wconf 92' lang='lat' dir='ltr'><strong>gra·</strong></span> <span class='ocrx_word' id='word_1_55' title='bbox 975 997 1091 1060; x_wconf 91' lang='lat' dir='ltr'><strong>nempe</strong></span> <span class='ocrx_word' id='word_1_56' title='bbox 1116 980 1163 1059; x_wconf 92' lang='lat' dir='ltr'><strong>(ni</strong></span> <span class='ocrx_word' id='word_1_57' title='bbox 1193 978 1300 1061; x_wconf 81' lang='lat' dir='ltr'><strong>fallor)</strong></span> <span class='ocrx_word' id='word_1_58' title='bbox 1322 980 1412 1043; x_wconf 88' lang='lat' dir='ltr'><strong>Pater</strong></span> <span class='ocrx_word' id='word_1_59' title='bbox 1440 988 1575 1043; x_wconf 85' lang='lat' dir='ltr'><strong>aeternus</strong></span> <span class='ocrx_word' id='word_1_60' title='bbox 1603 999 1723 1063; x_wconf 76' lang='lat' dir='ltr'><strong>prepa-</strong></span> 
     </span>
    </p>

    <p class='ocr_par' dir='ltr' id='par_1_6' title="bbox 170 1076 1723 1163">
     <span class='ocr_line' id='line_1_6' title="bbox 170 1076 1723 1163; baseline 0.001 -22"><span class='ocrx_word' id='word_1_61' title='bbox 170 1079 223 1142; x_wconf 77' lang='lat' dir='ltr'><strong>tiae</strong></span> <span class='ocrx_word' id='word_1_62' title='bbox 246 1080 403 1143; x_wconf 91' lang='lat' dir='ltr'><strong>donomm</strong></span> <span class='ocrx_word' id='word_1_63' title='bbox 427 1081 583 1163; x_wconf 81' lang='lat' dir='ltr'><strong>capacior,</strong></span> <span class='ocrx_word' id='word_1_64' title='bbox 605 1082 643 1143; x_wconf 92' lang='lat' dir='ltr'><strong>ad</strong></span> <span class='ocrx_word' id='word_1_65' title='bbox 673 1090 816 1144; x_wconf 92' lang='lat' dir='ltr'><strong>mutuam</strong></span> <span class='ocrx_word' id='word_1_66' title='bbox 846 1098 921 1142; x_wconf 91' lang='lat' dir='ltr'><strong>con·</strong></span> <span class='ocrx_word' id='word_1_67' title='bbox 975 1077 1120 1158; x_wconf 76' lang='lat' dir='ltr'><strong>rasitque</strong></span> <span class='ocrx_word' id='word_1_68' title='bbox 1133 1076 1302 1159; x_wconf 87' lang='lat' dir='ltr'><strong>Unigenito</strong></span> <span class='ocrx_word' id='word_1_69' title='bbox 1316 1096 1375 1141; x_wconf 91' lang='lat' dir='ltr'><strong>suo</strong></span> <span class='ocrx_word' id='word_1_70' title='bbox 1394 1078 1636 1142; x_wconf 90' lang='lat' dir='ltr'><strong>convenientem</strong></span> <span class='ocrx_word' id='word_1_71' title='bbox 1651 1097 1723 1162; x_wconf 73' lang='lat' dir='ltr'><strong>pro</strong></span> 
     </span>
    </p>

    <p class='ocr_par' dir='ltr' id='par_1_7' title="bbox 168 1174 1724 1258">
     <span class='ocr_line' id='line_1_7' title="bbox 168 1174 1724 1258; baseline 0 -19"><span class='ocrx_word' id='word_1_72' title='bbox 168 1178 386 1242; x_wconf 84' lang='lat' dir='ltr'><strong>versationem</strong></span> <span class='ocrx_word' id='word_1_73' title='bbox 414 1178 553 1258; x_wconf 88' lang='lat' dir='ltr'><strong>suavior,</strong></span> <span class='ocrx_word' id='word_1_74' title='bbox 582 1188 614 1241; x_wconf 90' lang='lat' dir='ltr'><strong>et</strong></span> <span class='ocrx_word' id='word_1_75' title='bbox 646 1180 722 1242; x_wconf 87' lang='lat' dir='ltr'><strong>item</strong></span> <span class='ocrx_word' id='word_1_76' title='bbox 753 1177 921 1242; x_wconf 91' lang='lat' dir='ltr'><strong>amabilior</strong></span> <span class='ocrx_word' id='word_1_77' title='bbox 975 1174 1249 1256; x_wconf 88' lang='lat' dir='ltr'><strong>portionetamquo</strong></span> <span class='ocrx_word' id='word_1_78' title='bbox 1259 1176 1500 1258; x_wconf 88' lang='lat' dir='ltr'><strong>genitricem,ot</strong></span> <span class='ocrx_word' id='word_1_79' title='bbox 1514 1184 1549 1239; x_wconf 90' lang='lat' dir='ltr'><strong>nt</strong></span> <span class='ocrx_word' id='word_1_80' title='bbox 1559 1176 1724 1258; x_wconf 78' lang='lat' dir='ltr'><strong>speciosis</strong></span> 
     </span>
    </p>

    <p class='ocr_par' dir='ltr' id='par_1_8' title="bbox 168 1272 1722 1357">
     <span class='ocr_line' id='line_1_8' title="bbox 168 1272 1722 1357; baseline 0.001 -20"><span class='ocrx_word' id='word_1_81' title='bbox 168 1276 404 1357; x_wconf 80' lang='lat' dir='ltr'><strong>vu’rtuosiorque</strong></span> <span class='ocrx_word' id='word_1_82' title='bbox 419 1276 491 1357; x_wconf 87' lang='lat' dir='ltr'><strong>quis</strong></span> <span class='ocrx_word' id='word_1_83' title='bbox 510 1275 662 1339; x_wconf 85' lang='lat' dir='ltr'><strong>eflicitur.</strong></span> <span class='ocrx_word' id='word_1_84' title='bbox 680 1276 723 1339; x_wconf 85' lang='lat' dir='ltr'><strong>Ea</strong></span> <span class='ocrx_word' id='word_1_85' title='bbox 741 1294 817 1357; x_wconf 89' lang='lat' dir='ltr'><strong>ergo</strong></span> <span class='ocrx_word' id='word_1_86' title='bbox 832 1276 920 1338; x_wconf 86' lang='lat' dir='ltr'><strong>Puel-</strong></span> <span class='ocrx_word' id='word_1_87' title='bbox 975 1272 1093 1335; x_wconf 92' lang='lat' dir='ltr'><strong>simum</strong></span> <span class='ocrx_word' id='word_1_88' title='bbox 1108 1272 1194 1334; x_wconf 91' lang='lat' dir='ltr'><strong>illius</strong></span> <span class='ocrx_word' id='word_1_89' title='bbox 1208 1272 1493 1356; x_wconf 88' lang='lat' dir='ltr'><strong>dulcissimumque</strong></span> <span class='ocrx_word' id='word_1_90' title='bbox 1509 1274 1644 1355; x_wconf 90' lang='lat' dir='ltr'><strong>vultum,</strong></span> <span class='ocrx_word' id='word_1_91' title='bbox 1657 1293 1722 1338; x_wconf 93' lang='lat' dir='ltr'><strong>non</strong></span> 
     </span>
    </p>

    <p class='ocr_par' dir='ltr' id='par_1_9' title="bbox 169 1370 1722 1455">
     <span class='ocr_line' id='line_1_9' title="bbox 169 1370 1722 1455; baseline 0.001 -20"><span class='ocrx_word' id='word_1_92' title='bbox 169 1373 215 1451; x_wconf 81' lang='lat' dir='ltr'><strong>le,</strong></span> <span class='ocrx_word' id='word_1_93' title='bbox 231 1391 303 1455; x_wconf 76' lang='lat' dir='ltr'><strong>qum</strong></span> <span class='ocrx_word' id='word_1_94' title='bbox 316 1375 433 1436; x_wconf 89' lang='lat' dir='ltr'><strong>nedum</strong></span> <span class='ocrx_word' id='word_1_95' title='bbox 448 1374 558 1455; x_wconf 79' lang='lat' dir='ltr'><strong>gretia,</strong></span> <span class='ocrx_word' id='word_1_96' title='bbox 575 1375 630 1437; x_wconf 90' lang='lat' dir='ltr'><strong>sed</strong></span> <span class='ocrx_word' id='word_1_97' title='bbox 651 1374 823 1455; x_wconf 86' lang='lat' dir='ltr'><strong>gratiarum</strong></span> <span class='ocrx_word' id='word_1_98' title='bbox 842 1391 920 1454; x_wconf 89' lang='lat' dir='ltr'><strong>quo-</strong></span> <span class='ocrx_word' id='word_1_99' title='bbox 975 1370 1084 1451; x_wconf 90' lang='lat' dir='ltr'><strong>utique</strong></span> <span class='ocrx_word' id='word_1_100' title='bbox 1106 1370 1167 1432; x_wconf 91' lang='lat' dir='ltr'><strong>nisi</strong></span> <span class='ocrx_word' id='word_1_101' title='bbox 1187 1370 1403 1452; x_wconf 89' lang='lat' dir='ltr'><strong>pulcherrima</strong></span> <span class='ocrx_word' id='word_1_102' title='bbox 1423 1382 1517 1453; x_wconf 86' lang='lat' dir='ltr'><strong>atque</strong></span> <span class='ocrx_word' id='word_1_103' title='bbox 1533 1372 1722 1437; x_wconf 87' lang='lat' dir='ltr'><strong>suavissima</strong></span> 
     </span>
    </p>

    <p class='ocr_par' dir='ltr' id='par_1_10' title="bbox 168 1468 1720 1555">
     <span class='ocr_line' id='line_1_10' title="bbox 168 1468 1720 1555; baseline 0.001 -22"><span class='ocrx_word' id='word_1_104' title='bbox 168 1491 235 1551; x_wconf 87' lang='lat' dir='ltr'><strong>que</strong></span> <span class='ocrx_word' id='word_1_105' title='bbox 251 1471 461 1553; x_wconf 89' lang='lat' dir='ltr'><strong>plenitudine,</strong></span> <span class='ocrx_word' id='word_1_106' title='bbox 478 1471 611 1555; x_wconf 89' lang='lat' dir='ltr'><strong>ipsoque</strong></span> <span class='ocrx_word' id='word_1_107' title='bbox 630 1472 802 1554; x_wconf 82' lang='lat' dir='ltr'><strong>gratiarum</strong></span> <span class='ocrx_word' id='word_1_108' title='bbox 821 1472 919 1534; x_wconf 74' lang='lat' dir='ltr'><strong>Fonte</strong></span> <span class='ocrx_word' id='word_1_109' title='bbox 974 1468 1171 1531; x_wconf 80' lang='lat' dir='ltr'><strong>oscularetur</strong></span> <span class='ocrx_word' id='word_1_110' title='bbox 1189 1468 1296 1551; x_wconf 90' lang='lat' dir='ltr'><strong>puella</strong></span> <span class='ocrx_word' id='word_1_111' title='bbox 1315 1478 1478 1551; x_wconf 86' lang='lat' dir='ltr'><strong>materque</strong></span> <span class='ocrx_word' id='word_1_112' title='bbox 1499 1470 1720 1536; x_wconf 90' lang='lat' dir='ltr'><strong>mundissima.</strong></span> 
     </span>
    </p>

    <p class='ocr_par' dir='ltr' id='par_1_11' title="bbox 42 1565 1866 1750">
     <span class='ocr_line' id='line_1_11' title="bbox 42 1565 1723 1652; baseline 0.002 -23"><span class='ocrx_word' id='word_1_113' title='bbox 42 1593 87 1629; x_wconf 65' lang='lat' dir='ltr'><strong>m.</strong></span> <span class='ocrx_word' id='word_1_114' title='bbox 106 1601 152 1638; x_wconf 70' lang='lat' dir='ltr'><strong>vm,</strong></span> <span class='ocrx_word' id='word_1_115' title='bbox 169 1569 336 1651; x_wconf 91' lang='lat' dir='ltr'><strong>implenda</strong></span> <span class='ocrx_word' id='word_1_116' title='bbox 362 1579 430 1633; x_wconf 90' lang='lat' dir='ltr'><strong>erat</strong></span> <span class='ocrx_word' id='word_1_117' title='bbox 457 1578 552 1652; x_wconf 89' lang='lat' dir='ltr'><strong>atque</strong></span> <span class='ocrx_word' id='word_1_118' title='bbox 580 1571 729 1651; x_wconf 90' lang='lat' dir='ltr'><strong>dotanda,</strong></span> <span class='ocrx_word' id='word_1_119' title='bbox 754 1589 828 1633; x_wconf 91' lang='lat' dir='ltr'><strong>cum</strong></span> <span class='ocrx_word' id='word_1_120' title='bbox 856 1589 920 1652; x_wconf 87' lang='lat' dir='ltr'><strong>qua</strong></span> <span class='ocrx_word' id='word_1_121' title='bbox 1014 1565 1303 1648; x_wconf 71' lang='lat' dir='ltr'><strong>congruentissime</strong></span> <span class='ocrx_word' id='word_1_122' title='bbox 1318 1566 1424 1648; x_wconf 83' lang='lat' dir='ltr'><strong>iteque</strong></span> <span class='ocrx_word' id='word_1_123' title='bbox 1438 1568 1477 1631; x_wconf 89' lang='lat' dir='ltr'><strong>de</strong></span> <span class='ocrx_word' id='word_1_124' title='bbox 1492 1570 1723 1652; x_wconf 78' lang='lat' dir='ltr'><strong>te,opraeclera</strong></span> 
     </span>
     <span class='ocr_line' id='line_1_12' title="bbox 42 1654 1866 1750; baseline 0.003 -22"><span class='ocrx_word' id='word_1_125' title='bbox 42 1654 56 1693; x_wconf 67' lang='lat'><strong>¹⁴</strong></span> <span class='ocrx_word' id='word_1_126' title='bbox 169 1669 294 1746; x_wconf 83' lang='lat' dir='ltr'><strong>rivere,</strong></span> <span class='ocrx_word' id='word_1_127' title='bbox 311 1667 375 1730; x_wconf 92' lang='lat' dir='ltr'><strong>imo</strong></span> <span class='ocrx_word' id='word_1_128' title='bbox 390 1667 423 1729; x_wconf 92' lang='lat' dir='ltr'><strong>in</strong></span> <span class='ocrx_word' id='word_1_129' title='bbox 437 1686 501 1748; x_wconf 86' lang='lat' dir='ltr'><strong>qua</strong></span> <span class='ocrx_word' id='word_1_130' title='bbox 515 1686 596 1749; x_wconf 89' lang='lat' dir='ltr'><strong>esse,</strong></span> <span class='ocrx_word' id='word_1_131' title='bbox 608 1669 664 1731; x_wconf 85' lang='lat' dir='ltr'><strong>Dei</strong></span> <span class='ocrx_word' id='word_1_132' title='bbox 680 1668 770 1731; x_wconf 89' lang='lat' dir='ltr'><strong>luere</strong></span> <span class='ocrx_word' id='word_1_133' title='bbox 784 1668 917 1747; x_wconf 80' lang='lat' dir='ltr'><strong>delicie,</strong></span> <span class='ocrx_word' id='word_1_134' title='bbox 974 1663 1150 1745; x_wconf 86' lang='lat' dir='ltr'><strong>decoraque</strong></span> <span class='ocrx_word' id='word_1_135' title='bbox 1171 1664 1277 1744; x_wconf 83' lang='lat' dir='ltr'><strong>Mater,</strong></span> <span class='ocrx_word' id='word_1_136' title='bbox 1301 1684 1436 1747; x_wconf 91' lang='lat' dir='ltr'><strong>sponsus</strong></span> <span class='ocrx_word' id='word_1_137' title='bbox 1457 1666 1601 1750; x_wconf 84' lang='lat' dir='ltr'><strong>protatur</strong></span> <span class='ocrx_word' id='word_1_138' title='bbox 1621 1692 1628 1730; x_wconf 91' lang='lat'><strong>:</strong></span> <span class='ocrx_word' id='word_1_139' title='bbox 1646 1669 1722 1732; x_wconf 87' lang='lat' dir='ltr'><strong>Tota</strong></span> <span class='ocrx_word' id='word_1_140' title='bbox 1737 1688 1866 1741; x_wconf 58' lang='lat' dir='ltr'><strong>rancun.</strong></span> 
     </span>
    </p>

    <p class='ocr_par' dir='ltr' id='par_1_12' title="bbox 167 1761 1722 1847">
     <span class='ocr_line' id='line_1_13' title="bbox 167 1761 1722 1847; baseline 0.001 -19"><span class='ocrx_word' id='word_1_141' title='bbox 167 1775 202 1828; x_wconf 90' lang='lat' dir='ltr'><strong>et</strong></span> <span class='ocrx_word' id='word_1_142' title='bbox 217 1784 292 1828; x_wconf 91' lang='lat' dir='ltr'><strong>cum</strong></span> <span class='ocrx_word' id='word_1_143' title='bbox 305 1784 369 1846; x_wconf 84' lang='lat' dir='ltr'><strong>qua</strong></span> <span class='ocrx_word' id='word_1_144' title='bbox 383 1774 447 1827; x_wconf 85' lang='lat' dir='ltr'><strong>tam</strong></span> <span class='ocrx_word' id='word_1_145' title='bbox 467 1766 671 1847; x_wconf 83' lang='lat' dir='ltr'><strong>singulariter</strong></span> <span class='ocrx_word' id='word_1_146' title='bbox 690 1766 723 1828; x_wconf 94' lang='lat' dir='ltr'><strong>in</strong></span> <span class='ocrx_word' id='word_1_147' title='bbox 738 1766 830 1829; x_wconf 89' lang='lat' dir='ltr'><strong>terris</strong></span> <span class='ocrx_word' id='word_1_148' title='bbox 845 1785 919 1830; x_wconf 90' lang='lat' dir='ltr'><strong>con·</strong></span> <span class='ocrx_word' id='word_1_149' title='bbox 973 1761 1107 1843; x_wconf 86' lang='lat' dir='ltr'><strong>pulchra</strong></span> <span class='ocrx_word' id='word_1_150' title='bbox 1133 1782 1180 1843; x_wconf 93' lang='lat' dir='ltr'><strong>es,</strong></span> <span class='ocrx_word' id='word_1_151' title='bbox 1204 1762 1308 1827; x_wconf 90' lang='lat' dir='ltr'><strong>amica</strong></span> <span class='ocrx_word' id='word_1_152' title='bbox 1335 1784 1416 1845; x_wconf 93' lang='lat' dir='ltr'><strong>mea,</strong></span> <span class='ocrx_word' id='word_1_153' title='bbox 1447 1774 1478 1827; x_wconf 91' lang='lat' dir='ltr'><strong>et</strong></span> <span class='ocrx_word' id='word_1_154' title='bbox 1505 1767 1630 1829; x_wconf 91' lang='lat' dir='ltr'><strong>macula</strong></span> <span class='ocrx_word' id='word_1_155' title='bbox 1658 1786 1722 1831; x_wconf 94' lang='lat' dir='ltr'><strong>non</strong></span> 
     </span>
    </p>

    <p class='ocr_par' dir='ltr' id='par_1_13' title="bbox 166 1858 1722 1946">
     <span class='ocr_line' id='line_1_14' title="bbox 166 1858 1722 1946; baseline 0.003 -21"><span class='ocrx_word' id='word_1_156' title='bbox 166 1865 291 1926; x_wconf 80' lang='lat' dir='ltr'><strong>versari</strong></span> <span class='ocrx_word' id='word_1_157' title='bbox 316 1863 516 1945; x_wconf 66' lang='lat' dir='ltr'><strong>elegitque</strong></span> <span class='ocrx_word' id='word_1_158' title='bbox 539 1864 640 1945; x_wconf 90' lang='lat' dir='ltr'><strong>ipsius</strong></span> <span class='ocrx_word' id='word_1_159' title='bbox 663 1865 792 1927; x_wconf 90' lang='lat' dir='ltr'><strong>demum</strong></span> <span class='ocrx_word' id='word_1_160' title='bbox 815 1858 1023 1927; x_wconf 84' lang='lat' dir='ltr'><strong>amicaltest</strong></span> <span class='ocrx_word' id='word_1_161' title='bbox 1046 1859 1080 1921; x_wconf 92' lang='lat' dir='ltr'><strong>in</strong></span> <span class='ocrx_word' id='word_1_162' title='bbox 1108 1868 1149 1924; x_wconf 92' lang='lat' dir='ltr'><strong>te.</strong></span> <span class='ocrx_word' id='word_1_163' title='bbox 1175 1861 1300 1925; x_wconf 86' lang='lat' dir='ltr'><strong>Etenim</strong></span> <span class='ocrx_word' id='word_1_164' title='bbox 1328 1882 1347 1925; x_wconf 92' lang='lat' dir='ltr'><strong>a</strong></span> <span class='ocrx_word' id='word_1_165' title='bbox 1374 1862 1483 1945; x_wconf 82' lang='lat' dir='ltr'><strong>plante</strong></span> <span class='ocrx_word' id='word_1_166' title='bbox 1506 1864 1596 1945; x_wconf 88' lang='lat' dir='ltr'><strong>pedis</strong></span> <span class='ocrx_word' id='word_1_167' title='bbox 1622 1884 1722 1946; x_wconf 91' lang='lat' dir='ltr'><strong>usque</strong></span> 
     </span>
    </p>

    <p class='ocr_par' dir='ltr' id='par_1_14' title="bbox 167 1959 1720 2044">
     <span class='ocr_line' id='line_1_15' title="bbox 167 1959 1720 2044; baseline 0.003 -21"><span class='ocrx_word' id='word_1_168' title='bbox 167 1981 297 2023; x_wconf 92' lang='lat' dir='ltr'><strong>summa</strong></span> <span class='ocrx_word' id='word_1_169' title='bbox 311 1962 544 2044; x_wconf 85' lang='lat' dir='ltr'><strong>singularisque</strong></span> <span class='ocrx_word' id='word_1_170' title='bbox 564 1962 667 2026; x_wconf 86' lang='lat' dir='ltr'><strong>luerat</strong></span> <span class='ocrx_word' id='word_1_171' title='bbox 686 1981 814 2044; x_wconf 90' lang='lat' dir='ltr'><strong>sponsa,</strong></span> <span class='ocrx_word' id='word_1_172' title='bbox 830 1964 917 2025; x_wconf 93' lang='lat' dir='ltr'><strong>omni</strong></span> <span class='ocrx_word' id='word_1_173' title='bbox 973 1959 1013 2021; x_wconf 91' lang='lat' dir='ltr'><strong>ad</strong></span> <span class='ocrx_word' id='word_1_174' title='bbox 1045 1960 1199 2023; x_wconf 87' lang='lat' dir='ltr'><strong>verticem</strong></span> <span class='ocrx_word' id='word_1_175' title='bbox 1232 1960 1357 2043; x_wconf 90' lang='lat' dir='ltr'><strong>capitis,</strong></span> <span class='ocrx_word' id='word_1_176' title='bbox 1386 1962 1433 2023; x_wconf 95' lang='lat' dir='ltr'><strong>nil</strong></span> <span class='ocrx_word' id='word_1_177' title='bbox 1462 1962 1589 2044; x_wconf 89' lang='lat' dir='ltr'><strong>penitus</strong></span> <span class='ocrx_word' id='word_1_178' title='bbox 1622 1963 1655 2026; x_wconf 94' lang='lat' dir='ltr'><strong>in</strong></span> <span class='ocrx_word' id='word_1_179' title='bbox 1690 1973 1720 2027; x_wconf 90' lang='lat' dir='ltr'><strong>te</strong></span> 
     </span>
    </p>

    <p class='ocr_par' dir='ltr' id='par_1_15' title="bbox 167 2057 1723 2143">
     <span class='ocr_line' id='line_1_16' title="bbox 167 2057 1723 2143; baseline 0.003 -21"><span class='ocrx_word' id='word_1_180' title='bbox 167 2068 239 2122; x_wconf 88' lang='lat' dir='ltr'><strong>erat</strong></span> <span class='ocrx_word' id='word_1_181' title='bbox 253 2060 390 2122; x_wconf 87' lang='lat' dir='ltr'><strong>naturali</strong></span> <span class='ocrx_word' id='word_1_182' title='bbox 412 2059 552 2122; x_wconf 86' lang='lat' dir='ltr'><strong>bonitete</strong></span> <span class='ocrx_word' id='word_1_183' title='bbox 570 2060 749 2123; x_wconf 86' lang='lat' dir='ltr'><strong>eminenter</strong></span> <span class='ocrx_word' id='word_1_184' title='bbox 762 2061 916 2140; x_wconf 84' lang='lat' dir='ltr'><strong>emenda,</strong></span> <span class='ocrx_word' id='word_1_185' title='bbox 973 2057 1102 2138; x_wconf 82' lang='lat' dir='ltr'><strong>exstitit,</strong></span> <span class='ocrx_word' id='word_1_186' title='bbox 1118 2078 1177 2121; x_wconf 91' lang='lat' dir='ltr'><strong>nec</strong></span> <span class='ocrx_word' id='word_1_187' title='bbox 1198 2059 1231 2121; x_wconf 93' lang='lat' dir='ltr'><strong>in</strong></span> <span class='ocrx_word' id='word_1_188' title='bbox 1249 2069 1356 2123; x_wconf 87' lang='lat' dir='ltr'><strong>mente</strong></span> <span class='ocrx_word' id='word_1_189' title='bbox 1375 2080 1478 2143; x_wconf 91' lang='lat' dir='ltr'><strong>neque</strong></span> <span class='ocrx_word' id='word_1_190' title='bbox 1498 2061 1531 2123; x_wconf 94' lang='lat' dir='ltr'><strong>in</strong></span> <span class='ocrx_word' id='word_1_191' title='bbox 1551 2081 1656 2141; x_wconf 90' lang='lat' dir='ltr'><strong>carne,</strong></span> <span class='ocrx_word' id='word_1_192' title='bbox 1675 2064 1723 2126; x_wconf 92' lang='lat' dir='ltr'><strong>in-</strong></span> 
     </span>
    </p>

    <p class='ocr_par' dir='ltr' id='par_1_16' title="bbox 165 2156 1720 2243">
     <span class='ocr_line' id='line_1_17' title="bbox 165 2156 1720 2243; baseline 0.001 -22"><span class='ocrx_word' id='word_1_193' title='bbox 165 2158 321 2239; x_wconf 86' lang='lat' dir='ltr'><strong>omnique</strong></span> <span class='ocrx_word' id='word_1_194' title='bbox 336 2158 461 2240; x_wconf 90' lang='lat' dir='ltr'><strong>penitus</strong></span> <span class='ocrx_word' id='word_1_195' title='bbox 482 2157 652 2222; x_wconf 88' lang='lat' dir='ltr'><strong>dulcedine</strong></span> <span class='ocrx_word' id='word_1_196' title='bbox 666 2178 704 2221; x_wconf 89' lang='lat' dir='ltr'><strong>ac</strong></span> <span class='ocrx_word' id='word_1_197' title='bbox 724 2158 918 2222; x_wconf 88' lang='lat' dir='ltr'><strong>amabilitate</strong></span> <span class='ocrx_word' id='word_1_198' title='bbox 972 2156 1135 2236; x_wconf 88' lang='lat' dir='ltr'><strong>decorum,</strong></span> <span class='ocrx_word' id='word_1_199' title='bbox 1153 2158 1304 2221; x_wconf 87' lang='lat' dir='ltr'><strong>indecens</strong></span> <span class='ocrx_word' id='word_1_200' title='bbox 1324 2166 1378 2221; x_wconf 89' lang='lat' dir='ltr'><strong>aut</strong></span> <span class='ocrx_word' id='word_1_201' title='bbox 1396 2159 1591 2223; x_wconf 88' lang='lat' dir='ltr'><strong>inamoenum</strong></span> <span class='ocrx_word' id='word_1_202' title='bbox 1605 2185 1612 2222; x_wconf 93' lang='lat'>:</span> <span class='ocrx_word' id='word_1_203' title='bbox 1627 2162 1720 2243; x_wconf 91' lang='lat' dir='ltr'><strong>quin-</strong></span> 
     </span>
    </p>

    <p class='ocr_par' dir='ltr' id='par_1_17' title="bbox 165 2253 1718 2341">
     <span class='ocr_line' id='line_1_18' title="bbox 165 2253 1718 2341; baseline 0.003 -24"><span class='ocrx_word' id='word_1_204' title='bbox 165 2255 323 2337; x_wconf 86' lang='lat' dir='ltr'><strong>replenda</strong></span> <span class='ocrx_word' id='word_1_205' title='bbox 340 2277 347 2316; x_wconf 92' lang='lat'><strong>:</strong></span> <span class='ocrx_word' id='word_1_206' title='bbox 364 2254 483 2337; x_wconf 89' lang='lat' dir='ltr'><strong>alioqui</strong></span> <span class='ocrx_word' id='word_1_207' title='bbox 503 2275 568 2320; x_wconf 93' lang='lat' dir='ltr'><strong>non</strong></span> <span class='ocrx_word' id='word_1_208' title='bbox 589 2256 750 2319; x_wconf 88' lang='lat' dir='ltr'><strong>videbitur</strong></span> <span class='ocrx_word' id='word_1_209' title='bbox 769 2257 851 2319; x_wconf 87' lang='lat' dir='ltr'><strong>Deus</strong></span> <span class='ocrx_word' id='word_1_210' title='bbox 870 2256 919 2317; x_wconf 84' lang='lat' dir='ltr'><strong>Fi·</strong></span> <span class='ocrx_word' id='word_1_211' title='bbox 972 2253 1048 2333; x_wconf 88' lang='lat' dir='ltr'><strong>imo,</strong></span> <span class='ocrx_word' id='word_1_212' title='bbox 1064 2255 1220 2337; x_wconf 92' lang='lat' dir='ltr'><strong>quidquid</strong></span> <span class='ocrx_word' id='word_1_213' title='bbox 1241 2256 1275 2318; x_wconf 92' lang='lat' dir='ltr'><strong>iu</strong></span> <span class='ocrx_word' id='word_1_214' title='bbox 1295 2263 1326 2318; x_wconf 90' lang='lat' dir='ltr'><strong>te</strong></span> <span class='ocrx_word' id='word_1_215' title='bbox 1349 2264 1408 2337; x_wconf 87' lang='lat' dir='ltr'><strong>est,</strong></span> <span class='ocrx_word' id='word_1_216' title='bbox 1425 2257 1543 2321; x_wconf 70' lang='lat' dir='ltr'><strong>divinat</strong></span> <span class='ocrx_word' id='word_1_217' title='bbox 1563 2259 1718 2341; x_wconf 89' lang='lat' dir='ltr'><strong>sagacita-</strong></span> 
     </span>
    </p>

    <p class='ocr_par' dir='ltr' id='par_1_18' title="bbox 165 2351 1719 2437">
     <span class='ocr_line' id='line_1_19' title="bbox 165 2351 1719 2437; baseline 0.004 -22"><span class='ocrx_word' id='word_1_218' title='bbox 165 2354 232 2416; x_wconf 93' lang='lat' dir='ltr'><strong>lins</strong></span> <span class='ocrx_word' id='word_1_219' title='bbox 247 2354 376 2417; x_wconf 85' lang='lat' dir='ltr'><strong>ltatrem</strong></span> <span class='ocrx_word' id='word_1_220' title='bbox 392 2374 482 2417; x_wconf 89' lang='lat' dir='ltr'><strong>suam</strong></span> <span class='ocrx_word' id='word_1_221' title='bbox 496 2354 720 2418; x_wconf 89' lang='lat' dir='ltr'><strong>electissimam</strong></span> <span class='ocrx_word' id='word_1_222' title='bbox 740 2355 918 2418; x_wconf 88' lang='lat' dir='ltr'><strong>condecen-</strong></span> <span class='ocrx_word' id='word_1_223' title='bbox 972 2351 1014 2414; x_wconf 90' lang='lat' dir='ltr'><strong>tis</strong></span> <span class='ocrx_word' id='word_1_224' title='bbox 1029 2352 1184 2416; x_wconf 89' lang='lat' dir='ltr'><strong>industria</strong></span> <span class='ocrx_word' id='word_1_225' title='bbox 1202 2361 1389 2436; x_wconf 70' lang='lat' dir='ltr'><strong>[aternoque</strong></span> <span class='ocrx_word' id='word_1_226' title='bbox 1404 2354 1572 2436; x_wconf 72' lang='lat' dir='ltr'><strong>Sapientis</strong></span> <span class='ocrx_word' id='word_1_227' title='bbox 1587 2356 1719 2437; x_wconf 90' lang='lat' dir='ltr'><strong>circino,</strong></span> 
     </span>
    </p>

    <p class='ocr_par' dir='ltr' id='par_1_19' title="bbox 165 2451 1718 2537">
     <span class='ocr_line' id='line_1_20' title="bbox 165 2451 1718 2537; baseline 0.004 -23"><span class='ocrx_word' id='word_1_228' title='bbox 165 2460 219 2514; x_wconf 89' lang='lat' dir='ltr'><strong>ter</strong></span> <span class='ocrx_word' id='word_1_229' title='bbox 239 2461 421 2515; x_wconf 84' lang='lat' dir='ltr'><strong>veneratus.</strong></span> <span class='ocrx_word' id='word_1_230' title='bbox 973 2451 1208 2532; x_wconf 87' lang='lat' dir='ltr'><strong>speciosissime</strong></span> <span class='ocrx_word' id='word_1_231' title='bbox 1226 2472 1263 2515; x_wconf 92' lang='lat' dir='ltr'><strong>ac</strong></span> <span class='ocrx_word' id='word_1_232' title='bbox 1278 2453 1455 2535; x_wconf 89' lang='lat' dir='ltr'><strong>gracillime</strong></span> <span class='ocrx_word' id='word_1_233' title='bbox 1469 2463 1517 2518; x_wconf 89' lang='lat' dir='ltr'><strong>ost</strong></span> <span class='ocrx_word' id='word_1_234' title='bbox 1535 2454 1718 2537; x_wconf 80' lang='lat' dir='ltr'><strong>formatum,</strong></span> 
     </span>
    </p>

    <p class='ocr_par' dir='ltr' id='par_1_20' title="bbox 972 2550 1722 2633">
     <span class='ocr_line' id='line_1_21' title="bbox 972 2550 1722 2633; baseline 0.009 -21"><span class='ocrx_word' id='word_1_235' title='bbox 972 2557 1136 2631; x_wconf 87' lang='lat' dir='ltr'><strong>totumque</strong></span> <span class='ocrx_word' id='word_1_236' title='bbox 1157 2550 1251 2614; x_wconf 91' lang='lat' dir='ltr'><strong>dulce</strong></span> <span class='ocrx_word' id='word_1_237' title='bbox 1279 2570 1317 2614; x_wconf 88' lang='lat' dir='ltr'><strong>ae</strong></span> <span class='ocrx_word' id='word_1_238' title='bbox 1340 2552 1488 2633; x_wconf 90' lang='lat' dir='ltr'><strong>amabile,</strong></span> <span class='ocrx_word' id='word_1_239' title='bbox 1514 2554 1663 2618; x_wconf 84' lang='lat' dir='ltr'><strong>eximium</strong></span> <span class='ocrx_word' id='word_1_240' title='bbox 1689 2564 1722 2619; x_wconf 89' lang='lat' dir='ltr'><strong>et</strong></span> 
     </span>
    </p>
   </div>
   <div class='ocr_carea' id='block_1_3' title="bbox 327 2647 1171 2782">
    <p class='ocr_par' dir='ltr' id='par_1_21' title="bbox 327 2647 1171 2782">
     <span class='ocr_line' id='line_1_22' title="bbox 327 2647 1171 2782; baseline 0.002 -73"><span class='ocrx_word' id='word_1_241' title='bbox 327 2716 574 2782; x_wconf 62' lang='lat' dir='ltr'><strong>ARTIGULUS</strong></span> <span class='ocrx_word' id='word_1_242' title='bbox 598 2716 758 2781; x_wconf 39' lang='lat' dir='ltr'><strong>XXXIX·</strong></span> <span class='ocrx_word' id='word_1_243' title='bbox 971 2647 1171 2711; x_wconf 78' lang='lat' dir='ltr'><strong>delectabile.</strong></span> 
     </span>
    </p>
   </div>
   <div class='ocr_carea' id='block_1_4' title="bbox 201 2863 882 2940">
    <p class='ocr_par' dir='ltr' id='par_1_22' title="bbox 201 2863 882 2940">
     <span class='ocr_line' id='line_1_23' title="bbox 201 2863 882 2940; baseline -0.004 -14"><span class='ocrx_word' id='word_1_244' title='bbox 201 2866 251 2927; x_wconf 88' lang='lat' dir='ltr'><strong>De</strong></span> <span class='ocrx_word' id='word_1_245' title='bbox 264 2865 432 2940; x_wconf 84' lang='lat' dir='ltr'><strong>corporali</strong></span> <span class='ocrx_word' id='word_1_246' title='bbox 444 2863 712 2939; x_wconf 80' lang='lat' dir='ltr'><strong>incomparabilis</strong></span> <span class='ocrx_word' id='word_1_247' title='bbox 736 2863 882 2939; x_wconf 66' lang='lat' dir='ltr'><strong>Virginis</strong></span> 
     </span>
    </p>
   </div>
   <div class='ocr_carea' id='block_1_5' title="bbox 411 2920 1515 3030">
    <p class='ocr_par' dir='ltr' id='par_1_23' title="bbox 411 2920 1515 3030">
     <span class='ocr_line' id='line_1_24' title="bbox 411 2920 1515 3030; baseline -0.023 -17"><span class='ocrx_word' id='word_1_248' title='bbox 411 2954 675 3030; x_wconf 75' lang='lat' dir='ltr'><strong>pulchritudine.</strong></span> <span class='ocrx_word' id='word_1_249' title='bbox 1172 2920 1417 2986; x_wconf 71' lang='lat' dir='ltr'>ARTICULUS</span> <span class='ocrx_word' id='word_1_250' title='bbox 1441 2922 1515 2987; x_wconf 80' lang='lat' dir='ltr'><strong>XL.</strong></span> 
     </span>
    </p>
   </div>
   <div class='ocr_carea' id='block_1_6' title="bbox 212 3044 1721 3322">
    <p class='ocr_par' dir='ltr' id='par_1_24' title="bbox 212 3044 1721 3322">
     <span class='ocr_line' id='line_1_25' title="bbox 935 3044 1721 3148; baseline 0.004 -20"><span class='ocrx_word' id='word_1_251' title='bbox 935 3044 1026 3128; x_wconf 77' lang='lat' dir='ltr'><strong>cAn</strong></span> <span class='ocrx_word' id='word_1_252' title='bbox 1049 3068 1316 3143; x_wconf 81' lang='lat' dir='ltr'><strong>supernaturalis</strong></span> <span class='ocrx_word' id='word_1_253' title='bbox 1339 3069 1462 3148; x_wconf 80' lang='lat' dir='ltr'><strong>aliquis</strong></span> <span class='ocrx_word' id='word_1_254' title='bbox 1490 3072 1643 3145; x_wconf 79' lang='lat' dir='ltr'><strong>splendor</strong></span> <span class='ocrx_word' id='word_1_255' title='bbox 1672 3072 1721 3132; x_wconf 83' lang='lat' dir='ltr'><strong>in·</strong></span> 
     </span>
     <span class='ocr_line' id='line_1_26' title="bbox 212 3138 1721 3236; baseline 0.003 -32"><span class='ocrx_word' id='word_1_256' title='bbox 212 3141 270 3204; x_wconf 78' lang='lat' dir='ltr'><strong>tlt</strong></span> <span class='ocrx_word' id='word_1_257' title='bbox 293 3156 352 3224; x_wconf 91' lang='lat' dir='ltr'><strong>pro</strong></span> <span class='ocrx_word' id='word_1_258' title='bbox 376 3139 497 3203; x_wconf 91' lang='lat' dir='ltr'><strong>viribus</strong></span> <span class='ocrx_word' id='word_1_259' title='bbox 520 3138 693 3202; x_wconf 90' lang='lat' dir='ltr'><strong>deductum</strong></span> <span class='ocrx_word' id='word_1_260' title='bbox 717 3145 776 3219; x_wconf 88' lang='lat' dir='ltr'><strong>est,</strong></span> <span class='ocrx_word' id='word_1_261' title='bbox 799 3139 917 3201; x_wconf 90' lang='lat' dir='ltr'><strong>nedum</strong></span> <span class='ocrx_word' id='word_1_262' title='bbox 1011 3157 1190 3234; x_wconf 76' lang='lat' dir='ltr'><strong>solitusque</strong></span> <span class='ocrx_word' id='word_1_263' title='bbox 1209 3158 1301 3227; x_wconf 83' lang='lat' dir='ltr'><strong>odor,</strong></span> <span class='ocrx_word' id='word_1_264' title='bbox 1316 3159 1353 3218; x_wconf 62' lang='lat' dir='ltr'><strong>in</strong></span> <span class='ocrx_word' id='word_1_265' title='bbox 1372 3177 1466 3218; x_wconf 77' lang='lat' dir='ltr'><strong>saera</strong></span> <span class='ocrx_word' id='word_1_266' title='bbox 1491 3160 1637 3236; x_wconf 53' lang='lat' dir='ltr'><strong>Vimine,</strong></span> <span class='ocrx_word' id='word_1_267' title='bbox 1649 3164 1721 3222; x_wconf 69' lang='lat' dir='ltr'><strong>Ma.</strong></span> 
     </span>
     <span class='ocr_line' id='line_1_27' title="bbox 227 3236 1424 3322; baseline 0.006 -22"><span class='ocrx_word' id='word_1_268' title='bbox 227 3238 337 3321; x_wconf 75' lang='lat' dir='ltr'><strong>gratiae</strong></span> <span class='ocrx_word' id='word_1_269' title='bbox 371 3236 614 3320; x_wconf 86' lang='lat' dir='ltr'><strong>plenitudinem,</strong></span> <span class='ocrx_word' id='word_1_270' title='bbox 650 3236 706 3299; x_wconf 87' lang='lat' dir='ltr'><strong>sed</strong></span> <span class='ocrx_word' id='word_1_271' title='bbox 740 3236 918 3299; x_wconf 86' lang='lat' dir='ltr'><strong>naturalem</strong></span> <span class='ocrx_word' id='word_1_272' title='bbox 1014 3246 1077 3305; x_wconf 79' lang='lat' dir='ltr'><strong>tris</strong></span> <span class='ocrx_word' id='word_1_273' title='bbox 1098 3264 1198 3305; x_wconf 86' lang='lat' dir='ltr'><strong>carne</strong></span> <span class='ocrx_word' id='word_1_274' title='bbox 1218 3248 1424 3322; x_wconf 78' lang='lat' dir='ltr'><strong>refulserint.</strong></span> 
     </span>
    </p>
   </div>
   <div class='ocr_carea' id='block_1_7' title="bbox 39 3333 1866 5381">
    <p class='ocr_par' dir='ltr' id='par_1_25' title="bbox 39 3333 1866 5381">
     <span class='ocr_line' id='line_1_28' title="bbox 164 3333 918 3420; baseline -0.004 -20"><span class='ocrx_word' id='word_1_275' title='bbox 164 3356 295 3420; x_wconf 90' lang='lat' dir='ltr'><strong>quoque</strong></span> <span class='ocrx_word' id='word_1_276' title='bbox 309 3353 438 3399; x_wconf 91' lang='lat' dir='ltr'><strong>omnem</strong></span> <span class='ocrx_word' id='word_1_277' title='bbox 458 3333 689 3419; x_wconf 86' lang='lat' dir='ltr'><strong>perlectionem</strong></span> <span class='ocrx_word' id='word_1_278' title='bbox 703 3352 773 3396; x_wconf 83' lang='lat' dir='ltr'><strong>eum</strong></span> <span class='ocrx_word' id='word_1_279' title='bbox 788 3352 918 3417; x_wconf 89' lang='lat' dir='ltr'><strong>pmrsus</strong></span> 
     </span>
     <span class='ocr_line' id='line_1_29' title="bbox 163 3430 1866 3516; baseline 0 -19"><span class='ocrx_word' id='word_1_280' title='bbox 163 3434 313 3498; x_wconf 90' lang='lat' dir='ltr'><strong>decuisse</strong></span> <span class='ocrx_word' id='word_1_281' title='bbox 336 3451 408 3514; x_wconf 81' lang='lat' dir='ltr'><strong>quae</strong></span> <span class='ocrx_word' id='word_1_282' title='bbox 430 3433 589 3495; x_wconf 74' lang='lat' dir='ltr'><strong>universae</strong></span> <span class='ocrx_word' id='word_1_283' title='bbox 614 3430 820 3513; x_wconf 82' lang='lat' dir='ltr'><strong>perfectionis</strong></span> <span class='ocrx_word' id='word_1_284' title='bbox 838 3432 919 3496; x_wconf 86' lang='lat' dir='ltr'><strong>Fon·</strong></span> <span class='ocrx_word' id='word_1_285' title='bbox 1065 3434 1269 3495; x_wconf 77' lang='lat' dir='ltr'><em>CULETUR</em></span> <span class='ocrx_word' id='word_1_286' title='bbox 1279 3453 1329 3493; x_wconf 83' lang='lat' dir='ltr'><strong>mc</strong></span> <span class='ocrx_word' id='word_1_287' title='bbox 1343 3438 1449 3494; x_wconf 88' lang='lat' dir='ltr'><strong>osculo</strong></span> <span class='ocrx_word' id='word_1_288' title='bbox 1463 3437 1532 3495; x_wconf 82' lang='lat' dir='ltr'><strong>oris</strong></span> <span class='ocrx_word' id='word_1_289' title='bbox 1545 3438 1601 3496; x_wconf 78' lang='lat' dir='ltr'><strong>sut</strong></span> <span class='ocrx_word' id='word_1_290' title='bbox 1614 3457 1626 3497; x_wconf 91' lang='lat'><strong>.·</strong></span> <span class='ocrx_word' id='word_1_291' title='bbox 1640 3440 1720 3516; x_wconf 83' lang='lat' dir='ltr'><strong>quia</strong></span> <span class='ocrx_word' id='word_1_292' title='bbox 1735 3463 1866 3516; x_wconf 59' lang='lat'><strong>0„1,.,1‚2,</strong></span> 
     </span>
     <span class='ocr_line' id='line_1_30' title="bbox 165 3529 1738 3613; baseline -0.001 -18"><span class='ocrx_word' id='word_1_293' title='bbox 165 3542 245 3612; x_wconf 91' lang='lat' dir='ltr'><strong>tem,</strong></span> <span class='ocrx_word' id='word_1_294' title='bbox 262 3541 383 3595; x_wconf 82' lang='lat' dir='ltr'><strong>naturse</strong></span> <span class='ocrx_word' id='word_1_295' title='bbox 403 3539 436 3594; x_wconf 91' lang='lat' dir='ltr'><strong>et</strong></span> <span class='ocrx_word' id='word_1_296' title='bbox 453 3530 529 3593; x_wconf 90' lang='lat' dir='ltr'><strong>item</strong></span> <span class='ocrx_word' id='word_1_297' title='bbox 550 3529 660 3612; x_wconf 71' lang='lat' dir='ltr'><strong>gratiae</strong></span> <span class='ocrx_word' id='word_1_298' title='bbox 681 3537 842 3592; x_wconf 89' lang='lat' dir='ltr'><strong>auctorem</strong></span> <span class='ocrx_word' id='word_1_299' title='bbox 864 3549 919 3613; x_wconf 83' lang='lat' dir='ltr'><strong>pe-</strong></span> <span class='ocrx_word' id='word_1_300' title='bbox 1051 3531 1189 3589; x_wconf 77' lang='lat' dir='ltr'><strong>mett&#39;ora</strong></span> <span class='ocrx_word' id='word_1_301' title='bbox 1214 3539 1290 3589; x_wconf 87' lang='lat' dir='ltr'><strong>sunt</strong></span> <span class='ocrx_word' id='word_1_302' title='bbox 1319 3532 1420 3591; x_wconf 84' lang='lat' dir='ltr'><strong>ubera</strong></span> <span class='ocrx_word' id='word_1_303' title='bbox 1449 3540 1507 3591; x_wconf 85' lang='lat' dir='ltr'><strong>tuo</strong></span> <span class='ocrx_word' id='word_1_304' title='bbox 1536 3534 1625 3604; x_wconf 83' lang='lat' dir='ltr'><strong>vino,</strong></span> <span class='ocrx_word' id='word_1_305' title='bbox 1648 3536 1738 3611; x_wconf 65' lang='lat' dir='ltr'><strong>fre.</strong></span> 
     </span>
     <span class='ocr_line' id='line_1_31' title="bbox 165 3627 1724 3713; baseline 0.001 -21"><span class='ocrx_word' id='word_1_306' title='bbox 165 3630 261 3711; x_wconf 91' lang='lat' dir='ltr'><strong>perit.</strong></span> <span class='ocrx_word' id='word_1_307' title='bbox 276 3630 365 3693; x_wconf 87' lang='lat' dir='ltr'><strong>Unde</strong></span> <span class='ocrx_word' id='word_1_308' title='bbox 387 3628 553 3691; x_wconf 89' lang='lat' dir='ltr'><strong>evidenter</strong></span> <span class='ocrx_word' id='word_1_309' title='bbox 573 3627 734 3707; x_wconf 89' lang='lat' dir='ltr'><strong>elucescit,</strong></span> <span class='ocrx_word' id='word_1_310' title='bbox 757 3645 918 3713; x_wconf 76' lang='lat' dir='ltr'><strong>corporee</strong></span> <span class='ocrx_word' id='word_1_311' title='bbox 970 3628 1108 3705; x_wconf 76' lang='lat' dir='ltr'><strong>praetia</strong></span> <span class='ocrx_word' id='word_1_312' title='bbox 1123 3629 1300 3703; x_wconf 70' lang='lat' dir='ltr'><strong>unquentis</strong></span> <span class='ocrx_word' id='word_1_313' title='bbox 1314 3630 1454 3703; x_wconf 82' lang='lat' dir='ltr'><strong>optimis.</strong></span> <span class='ocrx_word' id='word_1_314' title='bbox 1471 3628 1623 3711; x_wconf 89' lang='lat' dir='ltr'><strong>Ubertim,</strong></span> <span class='ocrx_word' id='word_1_315' title='bbox 1640 3631 1666 3693; x_wconf 92' lang='lat' dir='ltr'><strong>si</strong></span> <span class='ocrx_word' id='word_1_316' title='bbox 1683 3633 1724 3694; x_wconf 93' lang='lat' dir='ltr'><strong>ri·</strong></span> 
     </span>
     <span class='ocr_line' id='line_1_32' title="bbox 165 3722 1723 3811; baseline 0.001 -22"><span class='ocrx_word' id='word_1_317' title='bbox 165 3728 279 3809; x_wconf 89' lang='lat' dir='ltr'><strong>utique</strong></span> <span class='ocrx_word' id='word_1_318' title='bbox 293 3726 515 3790; x_wconf 83' lang='lat' dir='ltr'><strong>excellentiam</strong></span> <span class='ocrx_word' id='word_1_319' title='bbox 535 3726 784 3809; x_wconf 87' lang='lat' dir='ltr'><strong>pulchritudinis</strong></span> <span class='ocrx_word' id='word_1_320' title='bbox 803 3726 832 3788; x_wconf 95' lang='lat' dir='ltr'><strong>ei</strong></span> <span class='ocrx_word' id='word_1_321' title='bbox 848 3725 919 3788; x_wconf 92' lang='lat' dir='ltr'><strong>nul·</strong></span> <span class='ocrx_word' id='word_1_322' title='bbox 973 3733 1004 3787; x_wconf 89' lang='lat' dir='ltr'><strong>te</strong></span> <span class='ocrx_word' id='word_1_323' title='bbox 1032 3722 1177 3801; x_wconf 93' lang='lat' dir='ltr'><strong>memini,</strong></span> <span class='ocrx_word' id='word_1_324' title='bbox 1208 3722 1241 3785; x_wconf 93' lang='lat' dir='ltr'><strong>in</strong></span> <span class='ocrx_word' id='word_1_325' title='bbox 1268 3723 1502 3805; x_wconf 85' lang='lat' dir='ltr'><strong>jucundissimo</strong></span> <span class='ocrx_word' id='word_1_326' title='bbox 1530 3726 1586 3789; x_wconf 92' lang='lat' dir='ltr'><strong>illo</strong></span> <span class='ocrx_word' id='word_1_327' title='bbox 1615 3730 1723 3811; x_wconf 88' lang='lat' dir='ltr'><strong>sponsi</strong></span> 
     </span>
     <span class='ocr_line' id='line_1_33' title="bbox 166 3822 1724 3908; baseline 0.003 -22"><span class='ocrx_word' id='word_1_328' title='bbox 166 3825 293 3888; x_wconf 90' lang='lat' dir='ltr'><strong>latenus</strong></span> <span class='ocrx_word' id='word_1_329' title='bbox 314 3824 467 3887; x_wconf 84' lang='lat' dir='ltr'><strong>defuisse.</strong></span> <span class='ocrx_word' id='word_1_330' title='bbox 483 3823 637 3904; x_wconf 85' lang='lat' dir='ltr'><strong>Denique,</strong></span> <span class='ocrx_word' id='word_1_331' title='bbox 653 3824 713 3886; x_wconf 91' lang='lat' dir='ltr'><strong>etsi</strong></span> <span class='ocrx_word' id='word_1_332' title='bbox 733 3843 791 3905; x_wconf 89' lang='lat' dir='ltr'><strong>per</strong></span> <span class='ocrx_word' id='word_1_333' title='bbox 809 3842 843 3885; x_wconf 89' lang='lat' dir='ltr'><strong>so</strong></span> <span class='ocrx_word' id='word_1_334' title='bbox 864 3841 920 3886; x_wconf 91' lang='lat' dir='ltr'><strong>na·</strong></span> <span class='ocrx_word' id='word_1_335' title='bbox 973 3840 1160 3904; x_wconf 69' lang='lat' dir='ltr'><strong>sponsaeque</strong></span> <span class='ocrx_word' id='word_1_336' title='bbox 1184 3822 1319 3901; x_wconf 89' lang='lat' dir='ltr'><strong>cantico,</strong></span> <span class='ocrx_word' id='word_1_337' title='bbox 1341 3841 1522 3886; x_wconf 89' lang='lat' dir='ltr'><strong>sermonem</strong></span> <span class='ocrx_word' id='word_1_338' title='bbox 1541 3826 1580 3888; x_wconf 88' lang='lat' dir='ltr'><strong>de</strong></span> <span class='ocrx_word' id='word_1_339' title='bbox 1600 3844 1724 3908; x_wconf 75' lang='lat' dir='ltr'><strong>sponsu</strong></span> 
     </span>
     <span class='ocr_line' id='line_1_34' title="bbox 166 3919 1726 4004; baseline 0.001 -18"><span class='ocrx_word' id='word_1_340' title='bbox 166 3923 283 3986; x_wconf 84' lang='lat' dir='ltr'><strong>turalie</strong></span> <span class='ocrx_word' id='word_1_341' title='bbox 297 3922 413 3985; x_wconf 90' lang='lat' dir='ltr'><strong>mereri</strong></span> <span class='ocrx_word' id='word_1_342' title='bbox 427 3930 599 4003; x_wconf 85' lang='lat' dir='ltr'><strong>nequeant,</strong></span> <span class='ocrx_word' id='word_1_343' title='bbox 614 3922 717 4003; x_wconf 91' lang='lat' dir='ltr'><strong>gratia</strong></span> <span class='ocrx_word' id='word_1_344' title='bbox 735 3929 840 3985; x_wconf 89' lang='lat' dir='ltr'><strong>tamen</strong></span> <span class='ocrx_word' id='word_1_345' title='bbox 855 3922 920 3984; x_wconf 88' lang='lat' dir='ltr'><strong>lor·</strong></span> <span class='ocrx_word' id='word_1_346' title='bbox 973 3919 1143 3983; x_wconf 88' lang='lat' dir='ltr'><strong>dulcedine</strong></span> <span class='ocrx_word' id='word_1_347' title='bbox 1167 3938 1302 4001; x_wconf 91' lang='lat' dir='ltr'><strong>sponsus</strong></span> <span class='ocrx_word' id='word_1_348' title='bbox 1327 3920 1461 3983; x_wconf 92' lang='lat' dir='ltr'><strong>orditur.</strong></span> <span class='ocrx_word' id='word_1_349' title='bbox 1482 3922 1625 4004; x_wconf 87' lang='lat' dir='ltr'><strong>Denique</strong></span> <span class='ocrx_word' id='word_1_350' title='bbox 1650 3934 1726 3988; x_wconf 90' lang='lat' dir='ltr'><strong>sunt</strong></span> 
     </span>
     <span class='ocr_line' id='line_1_35' title="bbox 165 4016 1726 4101; baseline 0.002 -18"><span class='ocrx_word' id='word_1_351' title='bbox 165 4029 265 4100; x_wconf 92' lang='lat' dir='ltr'><strong>mata,</strong></span> <span class='ocrx_word' id='word_1_352' title='bbox 287 4021 401 4083; x_wconf 83' lang='lat' dir='ltr'><strong>merite</strong></span> <span class='ocrx_word' id='word_1_353' title='bbox 420 4020 498 4101; x_wconf 86' lang='lat' dir='ltr'><strong>justi</strong></span> <span class='ocrx_word' id='word_1_354' title='bbox 519 4019 724 4083; x_wconf 91' lang='lat' dir='ltr'><strong>accumulent</strong></span> <span class='ocrx_word' id='word_1_355' title='bbox 744 4044 751 4081; x_wconf 92' lang='lat'><strong>:</strong></span> <span class='ocrx_word' id='word_1_356' title='bbox 768 4020 919 4101; x_wconf 90' lang='lat' dir='ltr'><strong>quoniam</strong></span> <span class='ocrx_word' id='word_1_357' title='bbox 973 4019 1028 4101; x_wconf 91' lang='lat' dir='ltr'><strong>qui</strong></span> <span class='ocrx_word' id='word_1_358' title='bbox 1054 4016 1309 4080; x_wconf 75' lang='lat' dir='ltr'><strong>clementissimus</strong></span> <span class='ocrx_word' id='word_1_359' title='bbox 1334 4018 1472 4099; x_wconf 83' lang='lat' dir='ltr'><strong>Virginis</strong></span> <span class='ocrx_word' id='word_1_360' title='bbox 1498 4018 1624 4083; x_wconf 87' lang='lat' dir='ltr'><strong>lervore</strong></span> <span class='ocrx_word' id='word_1_361' title='bbox 1653 4042 1726 4086; x_wconf 92' lang='lat' dir='ltr'><strong>suc·</strong></span> 
     </span>
     <span class='ocr_line' id='line_1_36' title="bbox 165 4114 1725 4203; baseline 0 -20"><span class='ocrx_word' id='word_1_362' title='bbox 165 4138 231 4203; x_wconf 90' lang='lat' dir='ltr'><strong>quo</strong></span> <span class='ocrx_word' id='word_1_363' title='bbox 260 4119 452 4181; x_wconf 90' lang='lat' dir='ltr'><strong>naturalium</strong></span> <span class='ocrx_word' id='word_1_364' title='bbox 480 4118 714 4201; x_wconf 80' lang='lat' dir='ltr'><strong>perfectionum</strong></span> <span class='ocrx_word' id='word_1_365' title='bbox 743 4119 827 4181; x_wconf 92' lang='lat' dir='ltr'><strong>dona</strong></span> <span class='ocrx_word' id='word_1_366' title='bbox 854 4136 920 4181; x_wconf 89' lang='lat' dir='ltr'><strong>sor-</strong></span> <span class='ocrx_word' id='word_1_367' title='bbox 974 4115 1074 4193; x_wconf 90' lang='lat' dir='ltr'><strong>censi,</strong></span> <span class='ocrx_word' id='word_1_368' title='bbox 1106 4115 1223 4177; x_wconf 91' lang='lat' dir='ltr'><strong>nedum</strong></span> <span class='ocrx_word' id='word_1_369' title='bbox 1251 4114 1312 4196; x_wconf 89' lang='lat' dir='ltr'><strong>ipsi</strong></span> <span class='ocrx_word' id='word_1_370' title='bbox 1341 4116 1519 4179; x_wconf 88' lang='lat' dir='ltr'><strong>naturalem</strong></span> <span class='ocrx_word' id='word_1_371' title='bbox 1549 4119 1725 4200; x_wconf 89' lang='lat' dir='ltr'><strong>pulchritu-</strong></span> 
     </span>
     <span class='ocr_line' id='line_1_37' title="bbox 166 4212 1724 4297; baseline 0.001 -17"><span class='ocrx_word' id='word_1_372' title='bbox 166 4219 244 4281; x_wconf 91' lang='lat' dir='ltr'><strong>titus</strong></span> <span class='ocrx_word' id='word_1_373' title='bbox 277 4217 398 4281; x_wconf 92' lang='lat' dir='ltr'><strong>mundo</strong></span> <span class='ocrx_word' id='word_1_374' title='bbox 431 4217 558 4280; x_wconf 90' lang='lat' dir='ltr'><strong>videtur</strong></span> <span class='ocrx_word' id='word_1_375' title='bbox 590 4217 718 4297; x_wconf 87' lang='lat' dir='ltr'><strong>gratior,</strong></span> <span class='ocrx_word' id='word_1_376' title='bbox 748 4234 786 4278; x_wconf 90' lang='lat' dir='ltr'><strong>eo</strong></span> <span class='ocrx_word' id='word_1_377' title='bbox 819 4216 919 4297; x_wconf 92' lang='lat' dir='ltr'><strong>ipsius</strong></span> <span class='ocrx_word' id='word_1_378' title='bbox 935 4216 959 4279; x_wconf 84' lang='lat' dir='ltr'><strong>b</strong></span> <span class='ocrx_word' id='word_1_379' title='bbox 973 4214 1081 4277; x_wconf 92' lang='lat' dir='ltr'><strong>dinem</strong></span> <span class='ocrx_word' id='word_1_380' title='bbox 1112 4212 1407 4294; x_wconf 83' lang='lat' dir='ltr'><strong>complexionisque</strong></span> <span class='ocrx_word' id='word_1_381' title='bbox 1436 4214 1609 4279; x_wconf 81' lang='lat' dir='ltr'><strong>bonitatem</strong></span> <span class='ocrx_word' id='word_1_382' title='bbox 1638 4220 1724 4281; x_wconf 83' lang='lat' dir='ltr'><strong>attri-</strong></span> 
     </span>
     <span class='ocr_line' id='line_1_38' title="bbox 165 4310 1722 4398; baseline 0.001 -20"><span class='ocrx_word' id='word_1_383' title='bbox 165 4315 335 4398; x_wconf 88' lang='lat' dir='ltr'><strong>abnegatio</strong></span> <span class='ocrx_word' id='word_1_384' title='bbox 355 4316 419 4379; x_wconf 86' lang='lat' dir='ltr'><strong>Deo</strong></span> <span class='ocrx_word' id='word_1_385' title='bbox 438 4313 583 4377; x_wconf 87' lang='lat' dir='ltr'><strong>consistit</strong></span> <span class='ocrx_word' id='word_1_386' title='bbox 600 4312 771 4394; x_wconf 88' lang='lat' dir='ltr'><strong>acceptior.</strong></span> <span class='ocrx_word' id='word_1_387' title='bbox 788 4314 826 4376; x_wconf 91' lang='lat' dir='ltr'><strong>Ut</strong></span> <span class='ocrx_word' id='word_1_388' title='bbox 843 4332 920 4396; x_wconf 91' lang='lat' dir='ltr'><strong>ergo</strong></span> <span class='ocrx_word' id='word_1_389' title='bbox 974 4313 1087 4389; x_wconf 92' lang='lat' dir='ltr'><strong>buunt,</strong></span> <span class='ocrx_word' id='word_1_390' title='bbox 1123 4311 1178 4373; x_wconf 89' lang='lat' dir='ltr'><strong>sed</strong></span> <span class='ocrx_word' id='word_1_391' title='bbox 1211 4310 1356 4373; x_wconf 90' lang='lat' dir='ltr'><strong>divinum</strong></span> <span class='ocrx_word' id='word_1_392' title='bbox 1390 4330 1517 4393; x_wconf 90' lang='lat' dir='ltr'><strong>quoque</strong></span> <span class='ocrx_word' id='word_1_393' title='bbox 1552 4317 1722 4395; x_wconf 85' lang='lat' dir='ltr'><strong>quemdem</strong></span> 
     </span>
     <span class='ocr_line' id='line_1_39' title="bbox 165 4408 1723 4497; baseline 0.001 -20"><span class='ocrx_word' id='word_1_394' title='bbox 165 4414 271 4477; x_wconf 76' lang='lat' dir='ltr'><strong>llariae</strong></span> <span class='ocrx_word' id='word_1_395' title='bbox 291 4413 405 4476; x_wconf 89' lang='lat' dir='ltr'><strong>merita</strong></span> <span class='ocrx_word' id='word_1_396' title='bbox 424 4412 564 4495; x_wconf 91' lang='lat' dir='ltr'><strong>undique</strong></span> <span class='ocrx_word' id='word_1_397' title='bbox 583 4419 785 4494; x_wconf 88' lang='lat' dir='ltr'><strong>augerentur,</strong></span> <span class='ocrx_word' id='word_1_398' title='bbox 802 4430 919 4493; x_wconf 90' lang='lat' dir='ltr'><strong>nequa·</strong></span> <span class='ocrx_word' id='word_1_399' title='bbox 973 4408 1176 4491; x_wconf 90' lang='lat' dir='ltr'><strong>splendorem</strong></span> <span class='ocrx_word' id='word_1_400' title='bbox 1191 4408 1223 4469; x_wconf 93' lang='lat' dir='ltr'><strong>in</strong></span> <span class='ocrx_word' id='word_1_401' title='bbox 1238 4408 1306 4491; x_wconf 92' lang='lat' dir='ltr'><strong>ipsa</strong></span> <span class='ocrx_word' id='word_1_402' title='bbox 1321 4409 1495 4491; x_wconf 87' lang='lat' dir='ltr'><strong>refulsisse,</strong></span> <span class='ocrx_word' id='word_1_403' title='bbox 1504 4420 1598 4494; x_wconf 90' lang='lat' dir='ltr'><strong>atque</strong></span> <span class='ocrx_word' id='word_1_404' title='bbox 1614 4434 1723 4497; x_wconf 87' lang='lat' dir='ltr'><strong>snper-</strong></span> 
     </span>
     <span class='ocr_line' id='line_1_40' title="bbox 166 4505 1720 4596; baseline 0 -20"><span class='ocrx_word' id='word_1_405' title='bbox 166 4532 263 4596; x_wconf 87' lang='lat' dir='ltr'><strong>quam</strong></span> <span class='ocrx_word' id='word_1_406' title='bbox 289 4511 351 4592; x_wconf 92' lang='lat' dir='ltr'><strong>ipsi</strong></span> <span class='ocrx_word' id='word_1_407' title='bbox 376 4510 479 4573; x_wconf 86' lang='lat' dir='ltr'><strong>deluit</strong></span> <span class='ocrx_word' id='word_1_408' title='bbox 502 4530 560 4592; x_wconf 90' lang='lat' dir='ltr'><strong>per</strong></span> <span class='ocrx_word' id='word_1_409' title='bbox 582 4510 668 4591; x_wconf 89' lang='lat' dir='ltr'><strong>quod</strong></span> <span class='ocrx_word' id='word_1_410' title='bbox 693 4510 810 4573; x_wconf 76' lang='lat' dir='ltr'><strong>seculo</strong></span> <span class='ocrx_word' id='word_1_411' title='bbox 833 4529 920 4573; x_wconf 91' lang='lat' dir='ltr'><strong>com·</strong></span> <span class='ocrx_word' id='word_1_412' title='bbox 974 4505 1150 4569; x_wconf 86' lang='lat' dir='ltr'><strong>naturalem</strong></span> <span class='ocrx_word' id='word_1_413' title='bbox 1170 4506 1306 4587; x_wconf 86' lang='lat' dir='ltr'><strong>aliquam</strong></span> <span class='ocrx_word' id='word_1_414' title='bbox 1326 4508 1433 4571; x_wconf 89' lang='lat' dir='ltr'><strong>odoris</strong></span> <span class='ocrx_word' id='word_1_415' title='bbox 1457 4507 1663 4591; x_wconf 78' lang='lat' dir='ltr'><strong>fragrantium</strong></span> <span class='ocrx_word' id='word_1_416' title='bbox 1687 4514 1720 4576; x_wconf 95' lang='lat' dir='ltr'><strong>in</strong></span> 
     </span>
     <span class='ocr_line' id='line_1_41' title="bbox 167 4603 1720 4694; baseline 0.001 -20"><span class='ocrx_word' id='word_1_417' title='bbox 167 4613 296 4694; x_wconf 87' lang='lat' dir='ltr'><strong>placere</strong></span> <span class='ocrx_word' id='word_1_418' title='bbox 321 4608 457 4672; x_wconf 91' lang='lat' dir='ltr'><strong>valebat.</strong></span> <span class='ocrx_word' id='word_1_419' title='bbox 479 4608 636 4690; x_wconf 78' lang='lat' dir='ltr'><strong>Amplius,</strong></span> <span class='ocrx_word' id='word_1_420' title='bbox 657 4608 719 4669; x_wconf 93' lang='lat' dir='ltr'><strong>nisi</strong></span> <span class='ocrx_word' id='word_1_421' title='bbox 745 4608 919 4690; x_wconf 81' lang='lat' dir='ltr'><strong>corporalis</strong></span> <span class='ocrx_word' id='word_1_422' title='bbox 974 4606 1075 4687; x_wconf 90' lang='lat' dir='ltr'><strong>ipsius</strong></span> <span class='ocrx_word' id='word_1_423' title='bbox 1098 4611 1207 4668; x_wconf 85' lang='lat' dir='ltr'><strong>sancta</strong></span> <span class='ocrx_word' id='word_1_424' title='bbox 1231 4603 1331 4668; x_wconf 85' lang='lat' dir='ltr'><strong>fuisse</strong></span> <span class='ocrx_word' id='word_1_425' title='bbox 1355 4626 1450 4669; x_wconf 87' lang='lat' dir='ltr'><strong>carne</strong></span> <span class='ocrx_word' id='word_1_426' title='bbox 1475 4608 1665 4691; x_wconf 88' lang='lat' dir='ltr'><strong>edisserunt,</strong></span> <span class='ocrx_word' id='word_1_427' title='bbox 1682 4630 1720 4675; x_wconf 91' lang='lat' dir='ltr'><strong>eo</strong></span> 
     </span>
     <span class='ocr_line' id='line_1_42' title="bbox 168 4702 1719 4791; baseline 0.001 -19"><span class='ocrx_word' id='word_1_428' title='bbox 168 4727 296 4791; x_wconf 88' lang='lat' dir='ltr'><strong>quoque</strong></span> <span class='ocrx_word' id='word_1_429' title='bbox 319 4708 417 4770; x_wconf 90' lang='lat' dir='ltr'><strong>decor</strong></span> <span class='ocrx_word' id='word_1_430' title='bbox 439 4706 608 4769; x_wconf 90' lang='lat' dir='ltr'><strong>habentem</strong></span> <span class='ocrx_word' id='word_1_431' title='bbox 633 4705 846 4787; x_wconf 86' lang='lat' dir='ltr'><strong>dignificaret,</strong></span> <span class='ocrx_word' id='word_1_432' title='bbox 862 4724 919 4768; x_wconf 90' lang='lat' dir='ltr'><strong>cur</strong></span> <span class='ocrx_word' id='word_1_433' title='bbox 972 4705 1056 4785; x_wconf 93' lang='lat' dir='ltr'><strong>quod</strong></span> <span class='ocrx_word' id='word_1_434' title='bbox 1082 4703 1248 4766; x_wconf 70' lang='lat' dir='ltr'><strong>fonnnum</strong></span> <span class='ocrx_word' id='word_1_435' title='bbox 1275 4702 1353 4765; x_wconf 93' lang='lat' dir='ltr'><strong>illud</strong></span> <span class='ocrx_word' id='word_1_436' title='bbox 1376 4704 1586 4787; x_wconf 82' lang='lat' dir='ltr'><strong>aeternaleque</strong></span> <span class='ocrx_word' id='word_1_437' title='bbox 1610 4709 1719 4773; x_wconf 89' lang='lat' dir='ltr'><strong>lumen</strong></span> 
     </span>
     <span class='ocr_line' id='line_1_43' title="bbox 39 4800 1721 4887; baseline 0.003 -21"><span class='ocrx_word' id='word_1_438' title='bbox 39 4824 153 4877; x_wconf 50' lang='lat' dir='ltr'><strong>sauna.</strong></span> <span class='ocrx_word' id='word_1_439' title='bbox 168 4807 223 4869; x_wconf 84' lang='lat' dir='ltr'><strong>llei</strong></span> <span class='ocrx_word' id='word_1_440' title='bbox 253 4805 440 4886; x_wconf 89' lang='lat' dir='ltr'><strong>Unigenitus</strong></span> <span class='ocrx_word' id='word_1_441' title='bbox 468 4803 634 4885; x_wconf 89' lang='lat' dir='ltr'><strong>speciosus</strong></span> <span class='ocrx_word' id='word_1_442' title='bbox 662 4803 759 4866; x_wconf 88' lang='lat' dir='ltr'><strong>etiam</strong></span> <span class='ocrx_word' id='word_1_443' title='bbox 787 4822 918 4885; x_wconf 92' lang='lat' dir='ltr'><strong>corpore</strong></span> <span class='ocrx_word' id='word_1_444' title='bbox 972 4802 1042 4883; x_wconf 90' lang='lat' dir='ltr'><strong>ipsa</strong></span> <span class='ocrx_word' id='word_1_445' title='bbox 1056 4800 1202 4883; x_wconf 89' lang='lat' dir='ltr'><strong>concepit</strong></span> <span class='ocrx_word' id='word_1_446' title='bbox 1216 4808 1309 4883; x_wconf 85' lang='lat' dir='ltr'><strong>atque</strong></span> <span class='ocrx_word' id='word_1_447' title='bbox 1325 4803 1459 4884; x_wconf 89' lang='lat' dir='ltr'><strong>peperit,</strong></span> <span class='ocrx_word' id='word_1_448' title='bbox 1475 4803 1635 4887; x_wconf 87' lang='lat' dir='ltr'><strong>totiusque</strong></span> <span class='ocrx_word' id='word_1_449' title='bbox 1650 4827 1721 4872; x_wconf 87' lang='lat' dir='ltr'><strong>sua·</strong></span> 
     </span>
     <span class='ocr_line' id='line_1_44' title="bbox 169 4898 1719 4988; baseline 0.001 -21"><span class='ocrx_word' id='word_1_450' title='bbox 169 4924 234 4988; x_wconf 81' lang='lat' dir='ltr'><strong>prae</strong></span> <span class='ocrx_word' id='word_1_451' title='bbox 249 4902 330 4965; x_wconf 84' lang='lat' dir='ltr'><strong>tiliis</strong></span> <span class='ocrx_word' id='word_1_452' title='bbox 346 4902 513 4966; x_wconf 93' lang='lat' dir='ltr'><strong>bominum</strong></span> <span class='ocrx_word' id='word_1_453' title='bbox 527 4919 597 4964; x_wconf 91' lang='lat' dir='ltr'><strong>esse</strong></span> <span class='ocrx_word' id='word_1_454' title='bbox 612 4901 837 4984; x_wconf 77' lang='lat' dir='ltr'><strong>preelegisset,</strong></span> <span class='ocrx_word' id='word_1_455' title='bbox 854 4920 918 4965; x_wconf 94' lang='lat' dir='ltr'><strong>non</strong></span> <span class='ocrx_word' id='word_1_456' title='bbox 972 4900 1077 4962; x_wconf 85' lang='lat' dir='ltr'><strong>vitatis</strong></span> <span class='ocrx_word' id='word_1_457' title='bbox 1093 4898 1252 4961; x_wconf 89' lang='lat' dir='ltr'><strong>causalem</strong></span> <span class='ocrx_word' id='word_1_458' title='bbox 1271 4898 1425 4980; x_wconf 89' lang='lat' dir='ltr'><strong>originem</strong></span> <span class='ocrx_word' id='word_1_459' title='bbox 1441 4908 1487 4964; x_wconf 89' lang='lat' dir='ltr'><strong>tot</strong></span> <span class='ocrx_word' id='word_1_460' title='bbox 1501 4904 1665 4968; x_wconf 90' lang='lat' dir='ltr'><strong>mensibus</strong></span> <span class='ocrx_word' id='word_1_461' title='bbox 1686 4906 1719 4969; x_wconf 93' lang='lat' dir='ltr'><strong>in</strong></span> 
     </span>
     <span class='ocr_line' id='line_1_45' title="bbox 168 4996 1720 5082; baseline 0.001 -16"><span class='ocrx_word' id='word_1_462' title='bbox 168 5003 274 5066; x_wconf 84' lang='lat' dir='ltr'><strong>video.</strong></span> <span class='ocrx_word' id='word_1_463' title='bbox 291 5001 428 5082; x_wconf 88' lang='lat' dir='ltr'><strong>ldeoque</strong></span> <span class='ocrx_word' id='word_1_464' title='bbox 442 5000 472 5062; x_wconf 87' lang='lat' dir='ltr'><strong>ei</strong></span> <span class='ocrx_word' id='word_1_465' title='bbox 493 4998 588 5061; x_wconf 87' lang='lat' dir='ltr'><strong>llater</strong></span> <span class='ocrx_word' id='word_1_466' title='bbox 607 4999 678 5079; x_wconf 87' lang='lat' dir='ltr'><strong>ejus</strong></span> <span class='ocrx_word' id='word_1_467' title='bbox 693 4999 836 5079; x_wconf 88' lang='lat' dir='ltr'><strong>virginea</strong></span> <span class='ocrx_word' id='word_1_468' title='bbox 855 4999 920 5061; x_wconf 92' lang='lat' dir='ltr'><strong>sin·</strong></span> <span class='ocrx_word' id='word_1_469' title='bbox 973 5007 1062 5060; x_wconf 90' lang='lat' dir='ltr'><strong>utero</strong></span> <span class='ocrx_word' id='word_1_470' title='bbox 1083 4996 1255 5079; x_wconf 84' lang='lat' dir='ltr'><strong>gestaverit</strong></span> <span class='ocrx_word' id='word_1_471' title='bbox 1278 4996 1417 5078; x_wconf 87' lang='lat' dir='ltr'><strong>itemque</strong></span> <span class='ocrx_word' id='word_1_472' title='bbox 1442 4999 1599 5064; x_wconf 91' lang='lat' dir='ltr'><strong>nutrierit.</strong></span> <span class='ocrx_word' id='word_1_473' title='bbox 1615 5002 1720 5066; x_wconf 81' lang='lat' dir='ltr'><strong>tudu-</strong></span> 
     </span>
     <span class='ocr_line' id='line_1_46' title="bbox 167 5095 1821 5184; baseline 0.001 -20"><span class='ocrx_word' id='word_1_474' title='bbox 167 5100 353 5184; x_wconf 87' lang='lat' dir='ltr'><strong>gularisque</strong></span> <span class='ocrx_word' id='word_1_475' title='bbox 381 5116 508 5180; x_wconf 86' lang='lat' dir='ltr'><strong>sponsa,</strong></span> <span class='ocrx_word' id='word_1_476' title='bbox 540 5097 573 5159; x_wconf 89' lang='lat' dir='ltr'><strong>in</strong></span> <span class='ocrx_word' id='word_1_477' title='bbox 601 5098 660 5159; x_wconf 87' lang='lat' dir='ltr'><strong>hac</strong></span> <span class='ocrx_word' id='word_1_478' title='bbox 688 5106 778 5179; x_wconf 85' lang='lat' dir='ltr'><strong>parte</strong></span> <span class='ocrx_word' id='word_1_479' title='bbox 811 5098 920 5179; x_wconf 92' lang='lat' dir='ltr'><strong>dispar</strong></span> <span class='ocrx_word' id='word_1_480' title='bbox 973 5105 1189 5177; x_wconf 89' lang='lat' dir='ltr'><strong>cuutquoque</strong></span> <span class='ocrx_word' id='word_1_481' title='bbox 1204 5096 1243 5157; x_wconf 90' lang='lat' dir='ltr'><strong>de</strong></span> <span class='ocrx_word' id='word_1_482' title='bbox 1256 5095 1359 5177; x_wconf 88' lang='lat' dir='ltr'><strong>ltloysc</strong></span> <span class='ocrx_word' id='word_1_483' title='bbox 1377 5096 1569 5178; x_wconf 86' lang='lat' dir='ltr'><strong>exemplum.</strong></span> <span class='ocrx_word' id='word_1_484' title='bbox 1587 5100 1719 5165; x_wconf 88' lang='lat' dir='ltr'><strong>Verum·</strong></span> <span class='ocrx_word' id='word_1_485' title='bbox 1744 5126 1821 5173; x_wconf 71' lang='lat' dir='ltr'><strong>naor.</strong></span> 
     </span>
     <span class='ocr_line' id='line_1_47' title="bbox 168 5192 1850 5279; baseline -0.001 -15"><span class='ocrx_word' id='word_1_486' title='bbox 168 5202 238 5265; x_wconf 88' lang='lat' dir='ltr'><strong>lore</strong></span> <span class='ocrx_word' id='word_1_487' title='bbox 266 5216 332 5261; x_wconf 95' lang='lat' dir='ltr'><strong>non</strong></span> <span class='ocrx_word' id='word_1_488' title='bbox 359 5195 504 5258; x_wconf 87' lang='lat' dir='ltr'><strong>debuit:</strong></span> <span class='ocrx_word' id='word_1_489' title='bbox 531 5195 575 5257; x_wconf 91' lang='lat' dir='ltr'><strong>ita</strong></span> <span class='ocrx_word' id='word_1_490' title='bbox 603 5204 648 5275; x_wconf 90' lang='lat' dir='ltr'><strong>ut,</strong></span> <span class='ocrx_word' id='word_1_491' title='bbox 679 5194 763 5257; x_wconf 89' lang='lat' dir='ltr'><strong>sicut</strong></span> <span class='ocrx_word' id='word_1_492' title='bbox 789 5196 844 5259; x_wconf 91' lang='lat' dir='ltr'><strong>ille</strong></span> <span class='ocrx_word' id='word_1_493' title='bbox 872 5206 919 5259; x_wconf 87' lang='lat' dir='ltr'><strong>est</strong></span> <span class='ocrx_word' id='word_1_494' title='bbox 974 5204 1091 5272; x_wconf 85' lang='lat' dir='ltr'><strong>temen,</strong></span> <span class='ocrx_word' id='word_1_495' title='bbox 1108 5192 1261 5273; x_wconf 88' lang='lat' dir='ltr'><strong>quidquid</strong></span> <span class='ocrx_word' id='word_1_496' title='bbox 1284 5192 1326 5254; x_wconf 92' lang='lat' dir='ltr'><strong>sit</strong></span> <span class='ocrx_word' id='word_1_497' title='bbox 1343 5194 1382 5256; x_wconf 90' lang='lat' dir='ltr'><strong>de</strong></span> <span class='ocrx_word' id='word_1_498' title='bbox 1402 5194 1474 5274; x_wconf 90' lang='lat' dir='ltr'><strong>isto,</strong></span> <span class='ocrx_word' id='word_1_499' title='bbox 1492 5216 1547 5259; x_wconf 92' lang='lat' dir='ltr'><strong>seu</strong></span> <span class='ocrx_word' id='word_1_500' title='bbox 1569 5200 1718 5279; x_wconf 88' lang='lat' dir='ltr'><strong>qualiter·</strong></span> <span class='ocrx_word' id='word_1_501' title='bbox 1731 5192 1850 5243; x_wconf 50' lang='grc' dir='ltr'><strong>ΜΨ·</strong></span> 
     </span>
     <span class='ocr_line' id='line_1_48' title="bbox 39 5292 1717 5381; baseline 0.004 -23"><span class='ocrx_word' id='word_1_502' title='bbox 39 5314 154 5367; x_wconf 63' lang='lat' dir='ltr'><strong>uusno.</strong></span> <span class='ocrx_word' id='word_1_503' title='bbox 170 5297 324 5364; x_wconf 81' lang='lat' dir='ltr'><strong>candidus</strong></span> <span class='ocrx_word' id='word_1_504' title='bbox 351 5302 385 5357; x_wconf 88' lang='lat' dir='ltr'><strong>et</strong></span> <span class='ocrx_word' id='word_1_505' title='bbox 408 5293 615 5373; x_wconf 86' lang='lat' dir='ltr'><strong>rubicundus,</strong></span> <span class='ocrx_word' id='word_1_506' title='bbox 641 5294 762 5356; x_wconf 90' lang='lat' dir='ltr'><strong>electus</strong></span> <span class='ocrx_word' id='word_1_507' title='bbox 785 5313 824 5357; x_wconf 84' lang='lat' dir='ltr'><strong>ex</strong></span> <span class='ocrx_word' id='word_1_508' title='bbox 846 5294 919 5357; x_wconf 92' lang='lat' dir='ltr'><strong>mil·</strong></span> <span class='ocrx_word' id='word_1_509' title='bbox 973 5311 1109 5375; x_wconf 87' lang='lat' dir='ltr'><strong>cumque</strong></span> <span class='ocrx_word' id='word_1_510' title='bbox 1138 5292 1203 5357; x_wconf 76' lang='lat' dir='ltr'><strong>bec</strong></span> <span class='ocrx_word' id='word_1_511' title='bbox 1233 5292 1294 5376; x_wconf 92' lang='lat' dir='ltr'><strong>ipsi</strong></span> <span class='ocrx_word' id='word_1_512' title='bbox 1323 5292 1458 5376; x_wconf 88' lang='lat' dir='ltr'><strong>intelligi</strong></span> <span class='ocrx_word' id='word_1_513' title='bbox 1485 5296 1626 5381; x_wconf 89' lang='lat' dir='ltr'><strong>cupiant,</strong></span> <span class='ocrx_word' id='word_1_514' title='bbox 1657 5300 1717 5369; x_wconf 86' lang='lat' dir='ltr'><strong>boc</strong></span> 
     </span>
    </p>
   </div>
   <div class='ocr_carea' id='block_1_8' title="bbox 0 0 2160 6259">
    <p class='ocr_par' dir='ltr' id='par_1_26' title="bbox 0 0 2160 6259">
     <span class='ocr_line' id='line_1_49' title="bbox 0 0 2160 6259; baseline 0 1"><span class='ocrx_word' id='word_1_515' title='bbox 0 0 2160 6259; x_wconf 95' lang='lat' dir='ltr'><strong> </strong></span> 
     </span>
    </p>
   </div>
  </div>
 </body>
</html>
