4309 6259
475 502 515 551 us
534 501 624 550 noms
645 500 780 549 srurrns
799 496 920 559 sauma,
942 496 1116 545 mactmus
1139 498 1178 545 ιν.
1200 517 1241 529 -
1262 500 1385 547 annrrro
1407 499 1429 546 u
1666 480 1735 547 lib?

181 665 304 753 imbuit,
314 674 445 754 scilicet,
455 683 565 739 contra
580 672 743 737 stultitiam
758 668 926 753 sapientia,
940 668 967 731 t
981 668 1128 734 allectus.
1146 668 1177 733 Si
1198 690 1236 733 ex
1258 678 1345 753 parte
1367 671 1559 752 intellectus,
1579 680 1633 734 aut
1654 690 1729 755 ergo

181 782 292 838 contra
315 773 540 838 hebetudinem
568 771 742 851 intellectu,
767 778 827 833 etc.
855 768 929 829 Am·
981 769 1157 831 secundnm
1172 770 1256 849 qnod
1277 769 1456 835 intellectus
1477 789 1510 833 se
1531 770 1627 834 babet
1646 770 1731 833 circa

181 872 307 936 brosius
320 891 448 954 quoqne
462 872 546 935 dona
560 878 652 934 vocat
666 869 810 932 virtutes.
826 904 867 913 —
881 866 928 928 Ad
981 866 1128 929 ultimum
1157 868 1266 945 linem,
1296 877 1351 931 aut
1378 870 1554 933 secundum
1582 870 1666 951 quod
1696 888 1730 932 se

181 971 288 1035 omnia
315 970 376 1033 ista
411 969 580 1052 respondet
607 968 754 1031 eilbertus
784 989 791 1027 :
822 964 927 1027 Virtus
981 966 1077 1029 babet
1106 966 1191 1030 circa
1220 967 1333 1031 media.
1360 968 1391 1031 Si
1422 968 1571 1050 primum,
1597 969 1658 1032 hoc
1682 976 1731 1031 cst

180 1070 349 1151 dupliciter
371 1068 495 1145 dicitur,
517 1074 625 1149 utpote
646 1066 731 1148 large
754 1073 786 1127 et
807 1064 924 1127 stricte.
981 1064 1176 1145 dupliciter:
1193 1065 1243 1129 vel
1267 1074 1360 1147 prout
1382 1086 1415 1129 εε
1437 1066 1532 1129 habet
1547 1068 1585 1130 ad
1608 1074 1729 1129 motum

181 1164 294 1227 Stricte
316 1172 434 1242 εειεει,
454 1164 554 1225 virtus
577 1170 626 1225 est
650 1162 751 1243 prima
772 1159 927 1242 perfectio
983 1163 1015 1225 in
1031 1163 1141 1239 linem,
1158 1164 1209 1226 vel
1228 1173 1323 1246 prout
1342 1166 1576 1246 quodammodo
1596 1164 1731 1246 quiescit

180 1261 296 1325 virium
315 1262 429 1324 animae
450 1263 489 1325 ad
508 1271 598 1325 ectus
620 1260 691 1322 vitae
708 1260 742 1321 in
761 1257 860 1321 linem
880 1257 928 1320 ul·
981 1262 1015 1323 in
1039 1260 1116 1323 fine.
1145 1261 1177 1324 Si
1207 1262 1309 1343 primo
1335 1263 1441 1341 mode,
1468 1263 1513 1325 sic
1538 1270 1587 1325 est
1610 1264 1729 1326 donum

179 1361 292 1422 dmum
320 1360 483 1439 ordinatae,
508 1359 559 1422 vel
587 1358 620 1420 in
649 1358 680 1420 id
705 1358 790 1439 quod
815 1364 863 1419 εει
886 1356 926 1417 ad
983 1362 1177 1427 intellectus,
1199 1360 1284 1440 qnod
1309 1368 1357 1423 est
1380 1360 1585 1423 invisibilium
1610 1368 1731 1424 creatu-

178 1458 280 1521 linem
303 1482 310 1519 :
332 1458 414 1520 sicut
439 1458 538 1521 virtus
561 1456 737 1538 theologica
760 1462 809 1518 est
833 1456 865 1517 in
889 1454 928 1516 sr-
983 1476 1089 1519 rarum
1117 1475 1174 1538 per
1201 1476 1280 1539 quas
1308 1459 1487 1522 intellectus
1517 1458 1660 1522 ascendit
1689 1459 1729 1521 ad

178 1576 275 1633 nem3
291 1557 393 1619 virtus
412 1564 517 1619 sutem
537 1555 665 1637 politica
684 1554 780 1617 estin
796 1553 826 1615 id
841 1553 927 1634 quod
983 1555 1093 1632 Deurm
1111 1564 1145 1617 nt
1158 1555 1244 1618 inira
1255 1556 1390 1621 dicetur.
1407 1557 1438 1620 si
1461 1559 1602 1620 secundo
1622 1558 1729 1635 modu,

178 1655 335 1717 babemus
359 1654 391 1715 in
419 1674 489 1730 usu,
514 1654 599 1734 quod
623 1662 672 1715 est
696 1653 735 1715 ad
759 1652 869 1714 linem.
890 1650 928 1712 Et
982 1660 1058 1717 tnnc
1074 1661 1122 1716 est
1142 1655 1261 1717 donum
1276 1658 1457 1731 sapientire,
1472 1673 1554 1736 quae,
1571 1662 1650 1718 teste
1670 1656 1731 1717 Au-

178 1754 240 1816 boc
255 1753 351 1823 modo
370 1753 502 1830 donum,
518 1770 618 1832 quum
640 1750 682 1813 sit
703 1751 843 1814 secunda
857 1768 928 1831 per-
982 1752 1120 1834 gustino‚
1138 1770 1195 1833 per
1215 1760 1341 1833 gustum
1363 1752 1479 1815 divinis
1500 1754 1642 1817 inhaeret.
1659 1754 1732 1817 Por-

178 1850 277 1914 lectio
291 1851 331 1913 ed
349 1850 492 1913 altiorem
511 1859 619 1912 aetum
637 1850 846 1931 quarumdam
866 1848 965 1910 vir-ll
984 1868 1029 1926 ro,
1059 1852 1085 1913 si
1120 1850 1213 1913 altius
1248 1850 1324 1913 illud
1360 1870 1397 1913 er
1433 1860 1521 1933 parte
1550 1852 1731 1915 intellectus

179 1958 296 2028 tutum,
319 1967 384 2012 non
408 1956 458 2011 est
480 1948 592 2025 virtus,
616 1948 671 2010 sed
694 1947 849 2009 discretus
873 1946 929 2007 ba·
983 1948 1156 2030 accipiatur
1184 1948 1269 2011 circs
1297 1967 1334 2011 ea
1362 1967 1433 2029 quae
1457 1950 1587 2013 suntin
1617 1949 1728 2029 linem,

177 2047 265 2110 bitus
294 2066 313 2109 ε
345 2047 470 2109 virtute.
501 2046 600 2127 large
634 2054 740 2107 nutem
775 2044 929 2126 accipitur
982 2055 1037 2109 aut
1059 2046 1154 2109 altius
1178 2046 1256 2109 illud
1280 2046 1414 2109 sumitur
1436 2066 1474 2110 ex
1498 2056 1586 2129 parte
1606 2049 1679 2131 ejus
1698 2048 1730 2111 in

177 2146 281 2209 virtus
312 2163 369 2226 pro
398 2144 505 2207 babitu
535 2143 724 2225 perficiente
752 2143 792 2204 ad
820 2150 927 2205 actum
982 2145 1067 2226 quod
1088 2144 1194 2225 dirigit
1216 2145 1345 2222 donum,
1362 2153 1416 2207 aut
1437 2164 1475 2208 ex
1495 2155 1583 2227 parte
1603 2146 1731 2209 rationis

178 2243 356 2306 secundum
372 2243 524 2305 rationem
540 2242 615 2304 boni
631 2265 639 2303 :
656 2250 688 2303 et
702 2241 747 2304 sic
762 2242 846 2304 dona
861 2258 928 2322 pos
983 2242 1156 2325 dirigentis.
1180 2242 1210 2303 Si
1236 2244 1338 2323 primo
1362 2244 1467 2319 modo,
1490 2252 1564 2306 tunc
1590 2252 1638 2306 est
1658 2264 1733 2305 con-

177 2350 254 2403 sunt
267 2341 329 2403 dici
346 2340 611 2421 virtutes3sieque
624 2338 797 2422 loquuntur
807 2339 925 2401 Sancti.
982 2345 1110 2411 silium,
1125 2342 1208 2422 qnod
1231 2340 1339 2422 dirigit
1359 2342 1391 2403 in
1411 2341 1523 2405 altiora
1541 2360 1637 2423 quem
1658 2360 1733 2424 prn-

982 2439 1099 2516 deutia‚
1117 2438 1238 2501 scilicet
1259 2439 1291 2501 in
1313 2457 1410 2521 opera
1429 2441 1728 2523 supererogationis.

427 2558 610 2624 ADDITIO
634 2558 679 2622 11,
984 2537 1015 2600 Si
1038 2537 1178 2600 secundo
1199 2538 1303 2613 modo,
1326 2545 1401 2600 tunc
1422 2546 1471 2600 est
1492 2539 1610 2601 donum
1630 2540 1730 2599 selen-

984 2638 1039 2695 ric
1068 2656 1080 2695 .·
1109 2653 1179 2716 quae
1208 2634 1317 2717 dirigit
1345 2653 1402 2716 per
1436 2636 1571 2698 rationes
1604 2635 1731 2698 divinas

238 2732 313 2795 000
332 2732 532 2815 pra‘allegnto
554 2732 643 2814 ponit
662 2731 809 2793 Albertns
831 2730 930 2813 tripli·
984 2732 1016 2793 in
1038 2733 1251 2795 communiter
1271 2732 1497 2814 operabilibns‚
1520 2741 1640 2815 utpote,
1658 2734 1732 2815 qnia

254 2850 326 2893 cem
340 2830 528 2893 divisionem
542 2850 599 2893 seu
614 2829 848 2892 distinctionem
863 2827 929 2890 sul·
978 2827 1065 2893 Deus
1086 2830 1238 2912 precipit,
1260 2831 1308 2893 vel
1330 2831 1393 2893 Deo
1415 2830 1460 2893 sic
1483 2830 1597 2912 placet,
1618 2840 1671 2893 aut
1692 2832 1730 2893 ad

178 2929 420 3010 licientinmqne
443 2930 611 2991 donorum.
634 2928 736 2990 Prima
759 2935 808 2990 est
830 2946 928 3009 penes
983 2929 1117 2991 salutem
1138 2930 1308 3011 expediens
1330 2937 1389 3008 est,
1405 2929 1456 2992 vel
1476 2929 1553 3011 quia
1571 2930 1731 3011 Scriptura

177 3028 318 3109 objecta.
342 3025 420 3089 Nam
442 3028 562 3089 donum
584 3026 634 3089 vel
656 3026 780 3089 ordinat
804 3046 861 3107 per
883 3029 965 3091 re-C
984 3026 1028 3088 sic
1057 3027 1170 3103 tradit3
1200 3047 1299 3109 quum
1328 3028 1495 3108 prudentia
1522 3028 1637 3109 dirigat
1675 3047 1732 3110 per

177 3144 306 3188 cessum
328 3124 463 3203 amalo,
484 3124 581 3187 etsie
603 3132 652 3187 est
673 3126 784 3194 timor,
806 3124 860 3205 qui
882 3131 930 3185 εει
983 3125 1121 3188 rationes
1142 3124 1252 3187 civiles
1272 3133 1366 3207 atque
1386 3126 1551 3189 humanas.
1573 3126 1604 3187 Si
1626 3134 1731 3189 antem

177 3222 928 3305 lugnctresilitiospeccato,secundumunum
982 3242 1020 3285 er
1050 3232 1138 3305 parte
1167 3222 1304 3286 allectus
1334 3232 1382 3285 est
1410 3224 1487 3287 illud
1516 3224 1609 3287 altius
1635 3223 1732 3305 perli-

177 3323 310 3385 modnm
330 3321 493 3403 loquendi.
512 3320 567 3383 Vel
587 3320 711 3383 ordinat
726 3321 765 3382 ad
785 3321 925 3383 bonnm:
982 3320 1082 3400 ciens,
1098 3330 1173 3383 tunc
1189 3320 1238 3384 vel
1261 3328 1309 3383 est
1328 3340 1366 3383 ex
1386 3330 1474 3403 parte
1490 3322 1577 3401 linis,
1594 3322 1644 3383 vel
1660 3322 1731 3402 ejus

175 3429 207 3483 et
230 3420 306 3497 boc,
327 3419 378 3481 vel
401 3420 433 3481 in
457 3419 576 3482 bonum
598 3420 681 3500 quod
700 3426 749 3481 est
768 3417 854 3495 linis,
875 3426 930 3479 sut
982 3420 1067 3499 qnod
1082 3428 1131 3481 est
1149 3418 1189 3480 ad
1209 3418 1318 3481 linem.
1336 3420 1368 3481 Si
1389 3439 1427 3482 ex
1446 3428 1534 3502 parte
1549 3419 1636 3499 linis,
1655 3428 1730 3483 tnnc

174 3517 208 3579 in
234 3518 356 3581 bonnm
383 3518 469 3599 quod
494 3525 543 3579 est
566 3518 606 3579 ad
631 3516 741 3579 linem.
769 3517 801 3579 Si
826 3516 928 3598 primo
982 3536 1046 3579 non
1072 3525 1269 3598 potestesse
1293 3536 1330 3578 ex
1355 3525 1442 3597 parte
1471 3516 1632 3597 bonitatis,
1658 3519 1732 3598 qnia

176 3616 286 3693 modo,
302 3624 358 3677 aut
371 3616 495 3678 ordinat
510 3614 542 3676 in
556 3615 676 3678 bonum
691 3623 853 3696 sumptum
869 3614 928 3676 sub
981 3614 1015 3675 in
1035 3614 1122 3675 illam
1147 3614 1192 3676 nil
1215 3614 1307 3676 altius
1327 3614 1451 3677 ordinat
1474 3634 1569 3696 quam
1595 3614 1730 3693 caritas3

175 3714 302 3776 ratione
317 3713 396 3791 veri,
411 3714 503 3777 etsie
518 3722 567 3775 est
585 3714 705 3775 donum
721 3715 929 3781 intellectus;
983 3731 1042 3775 nec
1061 3732 1101 3774 ex
1119 3720 1207 3793 parte
1228 3712 1378 3792 veritatis,
1399 3712 1475 3793 quia
1494 3712 1537 3775 ibi
1558 3712 1733 3795 perficiunt

175 3823 231 3875 ant
261 3813 323 3875 snb
352 3812 473 3876 ratione
497 3812 582 3891 boni,
608 3821 641 3875 et
664 3813 708 3875 sic
733 3820 781 3874 est
809 3812 928 3874 donum
982 3810 1066 3872 dona
1090 3810 1299 3873 intellectus:
1322 3829 1397 3891 ergo
1421 3810 1480 3873 erit
1504 3830 1542 3873 ex
1565 3820 1654 3893 parte
1679 3830 1733 3893 po

174 3913 361 3987 sapientie,
383 3928 454 3991 quae
473 3911 588 3973 dicitnr
607 3930 627 3971 a
648 3929 770 3993 sapore.
796 3909 828 3971 Si
852 3928 928 3972 vero
983 3908 1104 3972 testatis
1120 3928 1176 3971 seu
1191 3907 1366 3991 majestatis
1387 3916 1418 3971 et
1438 3907 1655 3988 excellentiae3
1673 3908 1733 3971 sie-

175 4018 225 4070 εει
253 4008 295 4071 ad
324 4027 364 4071 en
390 4027 460 4089 quas
488 4016 562 4070 sunt
588 4010 627 4071 ad
653 4006 763 4087 linem,
788 4015 843 4069 aut
867 4007 927 4070 boc
982 4026 1045 4089 qne
1070 4008 1130 4071 erit
1152 4008 1272 4071 donum
1298 4010 1427 4068 timoris
1451 4007 1530 4069 casti
1554 4007 1673 4071 filialis.
1699 4007 1732 4069 Si

175 4116 225 4169 εει
248 4126 308 4188 per
328 4107 458 4170 modum
480 4107 690 4188 exsequentis,
707 4114 761 4168 aut
784 4124 840 4187 per
862 4123 929 4168 mo·
982 4124 1059 4169 verc
1087 4105 1180 4168 altius
1209 4105 1286 4167 illud
1317 4112 1365 4167 est
1392 4107 1567 4168 secundum
1597 4125 1634 4168 ea
1661 4124 1732 4188 quae

174 4206 255 4268 dnm
285 4204 449 4287 dirigentis
479 4228 486 4265 ε
512 4213 544 4267 ει
572 4212 742 4285 utrumque
772 4204 928 4285 contingit
944 4202 1057 4266 Dsunt
1077 4204 1117 4266 ad
1140 4202 1249 4279 linem,
1266 4211 1322 4266 aut
1341 4204 1402 4267 boc
1424 4212 1472 4266 εει
1492 4205 1596 4285 quoad
1616 4224 1662 4283 se,
1678 4214 1733 4269 aut

175 4304 360 4386 dupliciter.
378 4302 479 4366 Primo
493 4303 527 4364 in
548 4303 599 4365 bis
613 4304 652 4365 ad
673 4321 743 4383 que
757 4322 868 4365 omnes
884 4312 929 4365 te-
984 4302 1016 4363 in
1034 4308 1180 4382 respectu
1201 4303 1305 4382 quoad
1328 4301 1516 4383 proximum.
1534 4303 1564 4364 Si
1581 4304 1730 4384 primum,

175 4410 298 4465 nentur
314 4424 322 4462 ε
338 4400 447 4481 sicque
467 4402 585 4463 donum
605 4400 745 4482 dirigens
766 4409 813 4462 est
826 4403 928 4461 scien·
984 4400 1044 4461 boc
1068 4418 1133 4462 non
1159 4408 1264 4479 potest
1288 4419 1358 4462 esse
1383 4408 1528 4481 respectu
1554 4401 1732 4464 dilectionis

175 4503 236 4569 tia,
266 4507 298 4560 et
320 4499 439 4561 donum
463 4517 639 4579 exsequens
663 4508 712 4561 est
730 4501 847 4575 pietas.
874 4498 929 4560 Se·
983 4498 1099 4561 innatae
1124 4516 1179 4559 seu
1204 4498 1368 4575 naturalis,
1393 4516 1491 4578 quum
1516 4498 1569 4559 illa
1599 4518 1663 4561 uon
1693 4501 1733 4561 sit

174 4598 286 4659 eundo
300 4597 331 4659 in
347 4596 396 4659 bis
410 4597 450 4659 ad
464 4616 536 4677 qum
557 4616 621 4659 non
636 4616 747 4660 omnes
766 4604 924 4674 tenentur,
983 4604 1077 4659 tantae
1100 4595 1298 4658 dillicultatis
1323 4596 1398 4676 quin
1424 4597 1462 4658 ad
1492 4614 1563 4658 eam
1592 4597 1733 4661 sulliciat

174 4705 209 4759 ut
240 4703 320 4759 sunt
345 4714 443 4777 opera
470 4704 579 4757 nostra
604 4694 890 4778 supererogationis
917 4717 924 4757 :
983 4695 1112 4757 virtus:
1136 4695 1732 4784 estergerespectunpassionisillatae

172 4803 205 4858 et
220 4795 272 4858 sic
286 4794 406 4857 donum
419 4793 559 4875 dirigens
577 4803 626 4856 est
639 4796 824 4863 consitium,
840 4813 928 4855 erse
983 4794 1159 4855 secundum
1175 4801 1291 4855 statum
1306 4792 1506 4856 ordinantem
1521 4795 1559 4856 ad
1576 4795 1734 4857 sustinen-

173 4908 283 4971 qnens
303 4898 409 4953 antmn
431 4897 480 4951 est
499 4891 675 4966 fortitudo.
982 4891 1058 4953 dum
1079 4891 1284 4972 martyrium
1306 4898 1337 4953 et
1355 4898 1404 4953 εει
1422 4891 1541 4954 donum
1559 4896 1733 4969 fortitudi-

216 4988 314 5051 Porro
325 4987 465 5049 secunda
479 4986 641 5049 distinctio
655 4986 723 5049 baec
738 4995 795 5049 est.
803 4987 926 5049 Donum
982 4990 1044 5049 nis.
1063 4988 1094 5050 Si
1116 4997 1220 5051 autem
1244 4997 1292 5051 est
1313 4997 1459 5069 respectu
1481 4988 1556 5052 boni
1577 4991 1661 5070 qnod
1685 5000 1734 5054 est

174 5104 317 5167 namque
340 5092 390 5146 est
412 5083 505 5147 altior
529 5081 681 5165 perlectio
704 5102 800 5164 quam
824 5084 926 5146 virtus
980 5104 1152 5149 commune
1166 5094 1260 5167 atque
1276 5088 1314 5148 ad
1331 5085 1441 5165 aliurn,
1457 5095 1532 5149 tunc
1549 5106 1612 5149 non
1628 5096 1733 5170 potest

175 5182 401 5247 communiter.
428 5182 484 5245 Vel
514 5200 589 5264 ergo
617 5181 710 5244 altius
738 5180 817 5245 illud
844 5183 927 5245 acci·
980 5202 1050 5246 esse
1079 5204 1136 5266 per
1166 5185 1295 5247 modum
1323 5184 1432 5261 debiti,
1461 5184 1536 5266 quia
1565 5186 1625 5249 hoc
1656 5188 1731 5250 setis

176 5283 265 5363 pitnr
292 5302 330 5345 ex
358 5289 447 5364 parte
475 5281 664 5361 intellectus,
690 5289 745 5344 ant
773 5300 812 5344 ex
836 5290 924 5363 parte
979 5282 1155 5345 ordinabile
1180 5291 1227 5345 est
1248 5281 1443 5364 perfectione
1464 5300 1534 5365 quas
1555 5290 1604 5346 est
1628 5284 1730 5348 virtus
