4309 6259
478 473 539 541 l92
761 502 802 549 nn
822 503 978 551 runconia
998 502 1035 550 nr
1055 503 1219 552 nrnnrrars
1239 505 1355 569 uanis,
1377 506 1465 553 crare
1485 508 1505 553 r.
1528 525 1569 537 -
1588 508 1658 553 aar.
1680 506 1745 554 xxn

479 686 542 749 que
572 670 799 735 beatitudinem
827 674 971 737 reducor.
1003 674 1111 738 Omnis
1140 675 1222 738 enim
1239 674 1265 737 Α
1279 677 1363 757 apud
1377 696 1451 740 eum
1466 676 1653 741 fidelissima
1667 677 1818 741 advocata
1832 696 1866 739 es
1876 684 1919 739 :tc
1931 676 1999 739 enin

480 767 565 829 salus
589 788 647 851 per
670 770 796 833 llariam
820 771 952 850 initiata,
978 791 1036 855 per
1058 773 1224 855 llariaeque
1279 774 1411 837 interce
1432 784 1463 837 et
1483 794 1541 839 nos
1562 777 1661 839 ludex
1680 775 1787 839 saeculi
1809 774 1997 837 mediatricem

479 863 594 928 Filium
615 877 834 931 consummata
854 878 912 932 est.
1279 872 1397 935 statuit.

519 963 660 1045 Denique
672 986 729 1049 per
741 967 866 1031 Mariam
878 970 1015 1032 humana
1028 978 1224 1052 natura,quae
1318 971 1429 1034 Adhuc
1444 980 1561 1050 autem,
1579 990 1652 1035 caro
1666 970 1790 1049 Christi,
1803 990 1872 1052 quaa
1886 990 1951 1033 cere
1962 980 1997 1033 est
2006 992 2079 1043 rm,

477 1062 564 1124 omni
584 1064 659 1125 olim
678 1064 801 1145 vilitati,
817 1068 1106 1149 contemptibilitati
1130 1078 1223 1152 atque
1278 1068 1367 1131 cihus
1382 1087 1444 1151 quo
1459 1070 1564 1133 anima
1577 1078 1685 1133 nostra
1704 1076 1895 1131 sustentatur
1913 1077 1939 1133 et
1957 1057 2027 1131 ali-⁵⁶·

477 1159 610 1223 miserias
634 1162 803 1243 subjacuit,
820 1164 1100 1247 incomparabilem
1125 1168 1224 1231 hono-
1277 1174 1339 1247 tur,
1361 1176 1393 1230 et
1416 1176 1534 1231 aterna
1558 1168 1650 1232 nohis
1673 1168 1738 1230 vita
1762 1174 1930 1248 praestatur,
1950 1186 1996 1247 quc

477 1276 544 1319 rem
559 1267 591 1321 et
605 1261 896 1341 praestantissimam
916 1272 1000 1327 certe
1021 1265 1224 1328 deiformem·
1279 1272 1449 1328 renovatur
1475 1266 1586 1347 gratia,
1612 1266 1738 1329 levetur
1767 1266 1902 1343 devotio,
1924 1265 1997 1346 culpa

476 1374 539 1436 que
564 1355 750 1438 dignitatem
776 1360 884 1422 sortita
913 1369 961 1423 εει
987 1385 994 1423 :
1021 1361 1139 1444 quippe
1168 1382 1224 1444 per
1278 1362 1457 1441 dimittitur,
1479 1363 1698 1428 misericordia
1722 1364 1905 1445 impetratur
1923 1387 1929 1423 :
1947 1364 1995 1425 hac

476 1473 572 1535 quarn
600 1474 696 1536 super
723 1475 851 1520 ornnem
879 1460 1054 1541 angelicam
1087 1460 1224 1524 altitudi-
1279 1460 1380 1538 nohis,
1401 1461 1507 1541 ldaria,
1532 1470 1685 1544 quantum
1710 1460 1845 1541 confert,
1868 1468 1995 1542 qusntun

477 1570 563 1630 nem,
580 1559 612 1616 et
625 1562 660 1615 ut
678 1554 718 1616 ad
736 1572 831 1618 omne
849 1556 963 1634 dicam,
981 1577 1077 1641 super
1095 1577 1223 1623 ornnem
1278 1558 1457 1640 impendit!
1483 1579 1578 1641 quam
1605 1560 1702 1640 utilis,
1725 1578 1821 1641 quarn
1846 1560 1996 1622 necessaris

476 1668 604 1731 quoque
619 1660 807 1733 ereaturam,
824 1674 924 1736 usque
939 1656 977 1718 ad
994 1655 1223 1737 hypostaticam
1279 1663 1327 1719 est
1340 1664 1346 1717 t
1364 1658 1588 1722 chmtamen
1602 1658 1670 1741 ipsa
1685 1678 1703 1721 a
1717 1666 1749 1721 te
1763 1658 1803 1721 ad
1817 1676 1876 1720 nos
1893 1658 1996 1720 descen-

477 1747 570 1810 Verhi
600 1749 749 1813 unionem
778 1751 912 1816 exaltata
936 1761 985 1815 est
1008 1754 1146 1836 itemque
1175 1774 1224 1817 as·
1278 1754 1346 1817 dit:
1363 1754 1483 1837 quippe
1497 1775 1617 1837 quaeex
1632 1756 1800 1819 benedicto
1821 1754 1996 1836 virgineoque

476 1855 611 1928 sumpta.
628 1846 696 1911 Non
712 1856 761 1911 est
775 1849 903 1912 demum
922 1851 954 1912 in
977 1870 1041 1931 quo
1061 1852 1223 1915 hominem
1241 1847 1264 1909 B
1279 1858 1333 1913 tuo
1349 1859 1438 1915 utero
1453 1860 1554 1915 exstat
1567 1852 1813 1935 assumpta.Hac
1829 1851 1895 1933 ipsa
1907 1870 1996 1932 nempe

475 1944 784 2027 angelusdespiciat,
801 1948 990 2031 aututique,
1007 1950 1091 2012 utin
1107 1970 1223 2032 praece-
1279 1967 1374 2012 carne
1398 1968 1494 2031 quarn
1522 1970 1561 2013 cx
1589 1951 1803 2013 sacratissimo
1833 1958 1885 2011 tuo
1910 1958 1996 2011 ventre

475 2042 624 2105 dentibus
649 2043 784 2122 sacculis,
802 2064 835 2107 se
855 2045 895 2108 ah
915 2045 985 2127 ipso
1004 2048 1128 2111 adorari
1154 2069 1225 2131 per·
1279 2046 1420 2110 Christus
1436 2048 1586 2130 suscepit,
1603 2048 1750 2129 spiritum
1766 2055 1907 2111 nostrum
1922 2046 1995 2122 cibat,

474 2140 588 2220 mittat,
604 2141 680 2203 dum
695 2142 728 2203 in
744 2160 782 2205 eo
797 2142 852 2223 qui
867 2143 953 2207 omni
976 2153 1128 2209 creaturae
1149 2167 1223 2210 vere
1279 2152 1370 2207 sanat
1390 2154 1484 2227 atque
1505 2146 1674 2210 conlortat.

476 2238 626 2319 solusque
646 2240 825 2303 adorandus
850 2249 908 2321 εει,
924 2260 989 2305 non
1014 2263 1079 2306 suae
1104 2253 1223 2309 naturae

476 2336 627 2417 speeiem,
653 2338 708 2401 scd
737 2347 852 2401 nostrae
880 2338 1062 2405 substantiae
1087 2341 1222 2406 formam

478 2433 579 2496 cernit
607 2444 848 2517 veneraturque.
874 2436 898 2500 0
926 2438 1059 2502 llomina
1086 2442 1220 2520 excelsa,
1459 2405 1704 2473 ARTIGULUS
1727 2409 1839 2474 ΧΧῙῙ·

477 2549 573 2612 quam
588 2530 643 2594 tibi
658 2533 823 2596 hominum
841 2554 943 2616 genus
962 2536 1135 2619 obligatum
1154 2547 1220 2603 esti
1279 2553 1371 2621 Quod
1389 2572 1480 2611 sacer
1502 2553 1626 2613 clivlnoe
1653 2556 1801 2631 Virginis
1826 2566 1939 2626 center,
1952 2558 1998 2617 tta·

476 2637 632 2710 quantum
646 2638 678 2693 te
692 2631 825 2714 diligere
839 2633 1058 2717 honorarequc
1076 2643 1202 2699 tenetur
1214 2646 1220 2700 l
1325 2642 1462 2701 thronus
1472 2642 1774 2703 convenientissime
1783 2649 1962 2721 appelletur.

516 2728 679 2806 Praeterea,
696 2729 757 2793 hoe
772 2729 812 2792 ah
827 2731 955 2795 exordio
973 2733 1095 2796 homini
1117 2734 1223 2817 singu-

477 2825 543 2888 lare
566 2832 597 2888 et
621 2844 678 2906 pro
702 2827 869 2890 excellenti
898 2828 998 2910 gloria
1026 2831 1222 2913 impertitum
1316 2830 1353 2892 N
1369 2831 1432 2887 sole
1452 2831 1563 2904 posuit
1589 2831 1839 2893 tabernaculum
1861 2841 2075 2901 saumatam

331 2934 386 2978 eea.
402 2950 416 2987 ι,
429 2940 463 2988 ac.
477 2932 535 3002 est,
553 2924 702 3007 quoniam
717 2927 756 2989 ad
772 2926 826 2989 llei
842 2927 889 2989 sui
903 2928 1073 3009 imaginem
1089 2950 1126 2993 ac
1142 2932 1224 2994 simi·
1330 2928 1398 3003 ipse
1426 2935 1584 3005 tanquam
1616 2946 1753 3003 sponsus
1775 2933 1947 3006 procedens
1968 2932 1997 2989 de

331 3000 366 3041 tt.

477 3020 644 3084 litudinem
664 3022 818 3086 tornacus
839 3034 895 3088 est.
913 3026 945 3087 Si
966 3026 1051 3089 enirn
1071 3038 1222 3093 creaturae
1242 3026 1420 3090 Cibalamo
1435 3043 1502 3085 δυο.
1521 3024 1606 3102 Tres,
1624 3025 1670 3086 uti
1690 3046 1776 3089 nunc
1797 3027 1892 3090 menti
1912 3046 1998 3090 occur

477 3119 633 3200 perfectio
643 3130 691 3183 est
702 3121 838 3185 Creatori
855 3132 1027 3205 utcumque
1041 3127 1223 3208 assimilari,
1279 3121 1330 3199 rit,
1348 3122 1462 3203 legisse
1477 3140 1528 3184 me
1548 3122 1581 3183 in
1604 3122 1776 3205 Scripturis
1797 3126 1932 3190 veritatis
1948 3144 1997 3186 ne

477 3237 593 3299 magna
620 3237 750 3300 prorsus
778 3221 953 3284 sublimitas
982 3223 1041 3285 erit
1068 3226 1107 3287 ad
1137 3226 1223 3289 illius
1279 3219 1368 3300 mini,
1385 3220 1470 3300 quod
1494 3220 1549 3283 llei
1576 3221 1681 3285 throni
1706 3224 1888 3287 consistant.
1904 3222 1996 3285 Throni

476 3334 603 3396 quoque
630 3315 800 3398 imaginem
825 3319 1129 3403 similitudinemque
1152 3343 1223 3405 pro
1278 3337 1393 3399 nempe
1413 3336 1477 3381 non
1502 3318 1590 3381 aliud
1614 3337 1709 3399 quam
1734 3322 1826 3385 sedes
1851 3322 1995 3384 insinuant.

477 3414 562 3476 duci.
580 3414 803 3477 Verumtamen
823 3416 1009 3481 assimilatio
1028 3419 1095 3483 hsce
1121 3422 1224 3484 imita·
1279 3416 1357 3478 Sunt
1371 3414 1467 3497 igitur
1481 3415 1514 3477 in
1531 3416 1641 3497 primis
1657 3417 1763 3481 throni
1783 3420 1929 3501 sedesque
1945 3418 1995 3494 Dei,

477 3512 542 3573 tiva
561 3512 722 3575 dumtaxat
740 3521 798 3592 εει,
814 3532 880 3576 non
903 3516 1067 3598 naturalis,
1084 3518 1147 3582 imo
1176 3520 1224 3581 in·
1279 3514 1616 3596 supermundanaeillae
1631 3524 1753 3579 mentes
1768 3518 1883 3598 quaein
1898 3533 1997 3579 summa

477 3609 561 3672 liniti
594 3609 761 3673 occubitus
792 3635 799 3673 :
830 3613 978 3692 quoniam
1014 3635 1033 3676 a
1067 3615 1222 3681 creatoris
1279 3612 1401 3675 coelesti
1418 3612 1597 3675 hierarchia
1616 3612 1716 3675 imum
1740 3615 1883 3679 ordinem
1905 3614 1997 3677 sortita

476 3707 653 3789 maiestate,
678 3717 829 3771 creaturae
852 3730 978 3792 semper
1001 3712 1035 3773 in
1061 3713 1222 3779 inlinitum
1278 3718 1362 3772 sunl.
1379 3710 1561 3792 Rursusque
1577 3711 1730 3794 scriptum
1746 3721 1795 3775 est
1811 3738 1818 3776 ι
1836 3714 1943 3778 Coelum
1956 3711 2081 3790 minsas

476 3806 572 3869 distat
586 3806 757 3887 deficitque
771 3807 923 3871 conditio.
940 3809 1026 3883 Quod
1042 3820 1147 3875 autem
1167 3814 1223 3878 ho
1278 3808 1310 3870 hi
1341 3808 1431 3871 sedes
1456 3816 1514 3871 est.
1540 3808 1627 3883 0¹¹0d
1652 3811 1691 3873 (1⁰
1715 3812 1871 3875 materiali
1897 3790 2082 3893 quoque²“''¹⁰'

477 3904 556 3966 mini
585 3924 659 3967 cnm
682 3906 746 3967 lleo
770 3905 956 3987 ampliorem
982 3907 1222 3973 similitudinem
1278 3925 1490 3989 empyreoque
1510 3907 1591 3971 coelo
1612 3908 1683 3989 capi
1702 3908 1748 3971 nil
1767 3929 1895 3992 prorsus
1916 3906 1999 3991 prohi-

476 4010 613 4084 proestat,
625 4022 698 4065 eum
713 4003 931 4066 vehementius
947 4004 1074 4085 perlicit
1088 4007 1222 4089 plusque
1278 4006 1341 4069 het.
1358 4004 1412 4067 Est
1425 4024 1563 4086 namque
1577 4006 1609 4067 id
1625 4006 1689 4069 lleo
1704 4006 1849 4088 thronus,
1862 4007 1932 4071 etin
1946 4006 1998 4087 ipso

393 4105 397 4114 '
477 4099 602 4161 exaltat.
621 4101 680 4162 Sed
700 4108 746 4178 tu,
762 4118 781 4163 o
799 4101 894 4163 ldater
916 4102 1057 4182 pulchrae
1081 4104 1224 4169 dilectio·
1278 4101 1483 4185 singulariter
1503 4122 1574 4166 esse
1593 4104 1796 4186 residercque
1819 4105 1915 4169 fertur
1929 4128 1935 4165 :
1949 4120 1998 4164 non

359 4197 365 4208 '
478 4197 539 4274 nis,
556 4198 656 4260 Deum
670 4206 824 4276 nostrum,
842 4197 935 4261 nohis
955 4202 1131 4264 seeundum
1154 4222 1223 4284 spe·
1239 4208 1263 4269 D
1279 4202 1389 4282 ntique
1408 4209 1538 4284 propter
1560 4201 1746 4265 substantia
1770 4201 2000 4285 comprehensio

477 4296 560 4357 ciem
580 4303 763 4376 naturaeque
783 4296 946 4358 veritatem
965 4298 1112 4379 similem,
1130 4319 1224 4382 pepe·
1278 4319 1352 4362 nem
1382 4299 1753 4381 circumscriptionemve
1783 4302 1932 4381 essentia,
1957 4296 1998 4361 sed

477 4393 568 4472 risti;
594 4413 652 4475 per
678 4402 708 4457 te
737 4394 818 4457 lleus
847 4403 966 4473 noster,
990 4396 1090 4459 irater
1117 4408 1225 4461 noster
1278 4399 1320 4462 oh
1334 4397 1526 4480 operationis
1542 4398 2000 4481 eminentiam,divinaequenu·

477 4492 613 4555 ellectus
628 4500 691 4569 est3
701 4512 758 4574 per
771 4501 801 4555 ta
816 4493 915 4555 ludex
929 4494 1223 4573 mundi‚h0minum
1279 4495 1453 4558 nilicentiae
1467 4495 1788 4560 communicationem
1811 4496 1997 4560 diffusiorem.

477 4611 511 4653 sc
537 4591 770 4653 conversationi
796 4589 1001 4672 societatique
1025 4594 1225 4657 commiscuit
1279 4593 1441 4671 Praeterea,
1460 4593 1566 4656 anima
1580 4594 1658 4674 justi
1674 4595 1766 4657 sedes
1782 4604 1830 4657 est
1851 4593 2082 4678 sapientissecss

476 4698 570 4770 atque
590 4689 728 4770 aptavit3
745 4708 802 4770 per
822 4698 851 4751 te
871 4689 995 4752 cunctis
1014 4692 1125 4753 mundi
1146 4694 1225 4756 cnti-
1279 4691 1349 4773 ejus
1377 4692 1552 4773 praesertim
1580 4711 1650 4774 quae
1678 4692 1820 4756 Christus
1848 4702 1894 4757 est
1919 4716 1926 4754 ε
1948 4693 2000 4772 ipse

477 4787 536 4850 hus
561 4787 625 4849 lleo
649 4787 816 4850 similiores
842 4787 917 4849 lacti
947 4808 1067 4867 sumus,
1095 4798 1127 4852 et
1155 4790 1223 4872 ipse
1279 4790 1425 4870 equidem
1440 4789 1538 4852 Patris
1552 4790 1708 4872 sapientia
1723 4800 1772 4854 est
1786 4792 1949 4873 virtusque.
2011 4798 2083 4855 nect

476 4885 699 4947 universorum
713 4885 865 4948 Dominus
879 4904 962 4948 unns
981 4906 1019 4948 ex
1037 4887 1130 4950 nohis
1152 4888 1223 4952 lieri
1319 4889 1379 4951 Sed
1403 4889 1469 4970 jam
1493 4907 1580 4951 nunc
1607 4888 1646 4950 ad
1672 4896 1713 4966 te,
1737 4907 1758 4951 o
1783 4910 1858 4954 vere
1881 4886 2002 4953 sublimis

477 4982 627 5063 dignatus
651 4990 709 5044 est.
736 4983 778 5045 Τε
807 5001 882 5063 ergo
901 4982 1048 5063 nimium,
1073 5002 1092 5047 o
1116 4985 1221 5063 Maria,
1278 4986 1487 5068 amabilisque
1502 4985 1805 5066 llaria,liducialiter
1820 4984 2002 5069 loquarquod

478 5079 656 5161 obligamur
678 5078 819 5160 diligere,
840 5098 910 5162 quae
933 5079 1028 5142 etiam
1053 5082 1223 5145 Dominum
1278 5085 1318 5146 de
1347 5091 1400 5146 tua
1429 5084 1582 5165 dignitate
1611 5092 1642 5147 ει
1669 5084 1771 5165 gloria
1802 5086 1888 5149 fideli
1917 5092 2002 5148 mente

477 5186 510 5241 et
530 5177 725 5241 Salvatorem
744 5186 886 5239 nostrum
906 5178 939 5239 in
959 5186 1060 5258 utero,
1076 5198 1096 5242 o
1110 5180 1224 5243 beatis·
1280 5185 1423 5266 concepi.
1440 5184 1491 5246 Nil
1507 5184 1594 5247 enim
1608 5184 1723 5246 horum
1744 5184 1791 5247 sic
1813 5185 2001 5268 singulariter,

477 5277 569 5354 sima,
599 5276 718 5357 lovisti,
743 5283 852 5338 natum
881 5276 1026 5355 lactasti,
1056 5285 1088 5341 et
1116 5288 1223 5343 nostra
1281 5282 1327 5345 sic
1342 5281 1537 5360 mirabiliter,
1555 5281 1601 5345 sic
1616 5281 1746 5344 demum
1760 5281 1944 5346 excellenter
1955 5277 2003 5343 dici
