4309 6259
474 490 535 555 tlt
763 508 804 554 or
823 506 980 555 runcomo
1000 507 1038 553 rr
1058 506 1222 554 urorurrm
1243 506 1358 563 marn,
1380 505 1469 553 arnna
1490 506 1523 553 u.
1546 525 1587 536 —
1607 505 1676 552 aar.
1699 506 1731 551 rr

516 679 677 759 Praeterea,
694 677 728 741 in
751 676 839 740 omni
863 696 991 759 genere,
1009 676 1147 760 primum
1173 683 1221 739 est
1235 676 1259 738 Α
1275 696 1332 758 per
1345 696 1428 755 eam,
1444 677 1477 738 in
1492 696 1530 739 ea
1544 684 1575 738 et
1591 695 1629 739 ex
1642 695 1680 739 ea
1695 673 1779 753 fieri,
1796 673 1828 736 id
1849 672 1952 755 utique
1965 674 2003 753 (ni

474 776 675 861 potissimum
690 785 722 838 et
736 796 793 859 per
808 796 863 854 se3
880 776 963 857 quod
982 795 1059 838 vero
1081 775 1127 836 illi
1151 793 1221 856 pro
1275 774 1381 854 fallor)
1405 776 1513 837 datum
1537 783 1586 838 est
1609 774 1668 855 ipsi
1696 791 1899 855 cognoscere,
1923 782 1952 835 et
1978 782 2004 835 ut

475 875 636 957 pinquiuS,
653 874 713 937 hoc
734 882 765 936 et
786 874 930 936 similius
947 873 1088 937 Christus
1101 881 1218 952 autem,
1274 872 1382 935 decuit
1395 872 1571 953 intelligere
1593 896 1599 932 :
1621 878 1778 952 quatenus
1798 870 1892 933 sciret
1909 889 1973 951 quae
1990 890 2067 941 arrm
2078 904 2093 941 η

474 972 714 1035 illuminationis
727 973 837 1035 mundi
851 972 1040 1034 universalis
1052 990 1147 1034 causa
1160 978 1218 1032 est.
1274 971 1338 1033 Deo
1361 972 1434 1033 data
1458 970 1487 1033 ei
1513 970 1734 1047 consisterent,
1751 968 2003 1049 scientialiterque

327 1082 459 1133 town-rd-
474 1070 547 1133 Erat
570 1072 655 1133 enim
681 1071 735 1132 lux
762 1090 848 1151 vera,
874 1089 944 1151 quae
969 1070 1128 1132 illuminat
1154 1087 1221 1132 orn-
1274 1065 1441 1148 proferret,
1463 1065 1540 1141 Quia
1564 1066 1641 1129 fecit
1660 1065 1739 1127 mibi
1758 1084 1873 1146 magna
1891 1066 1941 1146 qui
1959 1084 2089 1147 pennu,

473 1188 547 1231 nem
569 1169 732 1231 bominem
755 1169 937 1231 venientem
961 1169 994 1230 in
1019 1169 1105 1230 hunc
1130 1186 1221 1229 mun·
1274 1172 1344 1227 tens
1359 1172 1418 1244 est,
1435 1172 1467 1227 et
1481 1172 1625 1227 sanctum
1641 1182 1758 1227 nomen
1774 1164 1845 1245 ejus
1858 1185 1866 1239 3
1881 1164 2002 1244 itemque

472 1268 560 1329 dum.
590 1268 726 1348 ldeoque
754 1266 1025 1348 sapientissimum
1054 1266 1220 1347 ipsamque
1274 1270 1310 1325 ut
1322 1262 1441 1343 gratior
1455 1263 1519 1325 Deo
1533 1281 1571 1324 ac
1585 1261 1762 1325 amorosior
1776 1262 1944 1323 exsisteret.

471 1365 659 1446 sapientiam
685 1384 758 1427 eum
782 1384 864 1443 esse,
887 1364 1031 1427 fidelium
1057 1364 1218 1425 neminem
1313 1360 1456 1442 Amplius
1475 1368 1592 1441 autern,
1610 1378 1667 1441 per
1688 1360 1903 1441 operationem
1922 1378 2002 1440 agno

471 1463 556 1525 latet.
574 1464 669 1525 Porro
689 1462 928 1525 illuminationis
948 1462 1058 1524 muudi
1084 1480 1219 1524 concau-
1274 1458 1374 1521 scitur
1388 1458 1783 1540 unumquodqueilonstat
1798 1476 1872 1539 ergo
1887 1477 1922 1521 eo
1934 1457 2003 1519 Clui-

470 1578 538 1622 sam
563 1560 699 1640 primam
724 1578 945 1640 summamque
970 1559 1218 1640 cooperatricem
1274 1556 1314 1616 sti
1349 1563 1506 1633 naturam,
1540 1573 1733 1635 omnemque
1769 1554 2000 1629 consistentiam,

469 1657 693 1737 foreldariam,
709 1659 810 1721 doctis
832 1658 993 1721 elucescit.
1011 1657 1219 1733 Quemadmo-
1272 1653 1420 1715 virtutem
1446 1652 1584 1733 itemque
1608 1652 1804 1733 qualitatem,
1831 1653 1928 1715 llaria
1951 1653 2001 1714 sin

469 1757 546 1819 dum
562 1756 668 1837 itaque
682 1756 759 1820 Filio
773 1756 838 1819 Deo
853 1756 995 1838 proxima
1011 1764 1059 1818 est
1072 1763 1104 1818 et
1123 1755 1219 1816 maxi·
1273 1752 1375 1814 carius
1405 1750 1616 1831 splenduisse,
1646 1770 1709 1831 quo
1739 1751 1916 1814 divinorum
1945 1752 2001 1831 ejus

468 1874 520 1919 me
545 1874 730 1937 cooperans,
754 1855 812 1933 sic,
834 1856 861 1917 si
887 1856 945 1917 rite
970 1855 1137 1933 concludo,
1155 1853 1216 1935 ipsi
1235 1856 1258 1917 B
1274 1848 1479 1929 mirabilium,
1496 1847 1766 1930 deiformiumque
1787 1848 2000 1931 operationum,

469 1972 596 2035 quoque
611 1954 775 2016 simillima
790 1962 867 2031 erat,
884 1962 916 2015 et
931 1954 963 2015 iu
978 1952 1132 2033 sapientia
1147 1960 1218 2033 post
1273 1947 1369 2009 totius
1394 1964 1521 2028 quoque
1546 1946 1798 2010 conversationis
1824 1967 1898 2027 sue,
1920 1946 2002 2027 magis

469 2071 542 2114 eum
557 2052 669 2133 prima.
688 2053 727 2113 At
741 2070 828 2130 vero,
841 2052 936 2115 homo
951 2050 1217 2132 contemplativus
1273 2044 1401 2108 conscie
1416 2052 1510 2125 atque
1525 2045 1681 2109 assiduior
1694 2054 1726 2108 et
1742 2046 1819 2108 item
1838 2044 2003 2107 familiarior

469 2157 564 2229 atque
594 2149 767 2229 theoricus,
798 2148 1034 2211 amantissimus
1063 2155 1112 2210 est
1140 2148 1214 2210 Deo.
1272 2142 1390 2205 exstitit
1409 2141 1559 2223 adjutrix,
1576 2143 1749 2225 inspectrix
1772 2151 1804 2205 et
1830 2142 2003 2224 contempla-

468 2245 694 2308 Amantissima
718 2263 793 2326 ergo
811 2264 848 2308 ac
869 2244 1125 2326 preelectissima
1149 2244 1215 2323 Dei,
1273 2242 1344 2302 trix.
1360 2241 1447 2315 Quod
1468 2240 1493 2301 si
1514 2240 1594 2302 scire
1617 2240 1733 2322 satagis
1754 2241 2002 2323 quemadmodum

469 2343 626 2405 altissima
647 2342 769 2406 theoria
788 2361 855 2405 non
875 2342 987 2405 caruit.
1272 2339 1311 2401 de
1326 2338 1532 2421 praeinductis
1547 2338 1661 2401 Christi
1678 2339 1858 2421 insignibus
1877 2340 1961 2401 llario
1977 2357 2003 2399 se

508 2439 620 2503 Adbuc
645 2448 762 2517 autern,
789 2439 1058 2521 quemadmodum
1082 2458 1216 2520 magnus
1272 2436 1429 2514 habuerit,
1448 2436 1573 2517 ipsique
1593 2436 1688 2500 unico
1712 2436 1792 2499 Filio
1818 2455 1876 2500 suo
1899 2436 2002 2499 inillis

470 2546 501 2600 et
532 2538 660 2601 divinus
687 2538 855 2619 Dionysius
883 2537 938 2615 ait,
968 2537 1217 2618 superessentia-
1272 2532 1462 2597 familiarior
1476 2542 1570 2616 atque
1587 2534 1912 2613 secretior,assiduior
1923 2544 2002 2615 atquc

469 2636 509 2697 lis
523 2635 675 2697 Divinitas
692 2635 832 2698 sensibili
855 2635 930 2698 huic
952 2635 1011 2698 soli
1033 2635 1109 2697 hinc
1132 2654 1217 2698 com·
1272 2631 1485 2712 conjunctior,
1503 2632 1664 2695 universis
1688 2634 1854 2712 exstiterit,
1880 2642 2001 2697 scrutare

468 2741 607 2815 paratur,
638 2733 788 2814 quoniam
817 2733 917 2795 instar
945 2732 1056 2796 solaris
1084 2733 1216 2796 luminis
1271 2730 1452 2811 Evangelia,
1469 2731 1623 2793 rationem
1645 2730 1778 2809 discute,
1796 2732 1909 2814 indaga
1928 2742 2002 2793 natu·

469 2831 619 2894 omnibus
644 2851 678 2893 se
703 2831 928 2912 communicat,
954 2830 1140 2911 cunctisque
1166 2850 1217 2893 su·
1271 2848 1350 2891 ram.
1367 2828 1446 2903 Quid
1462 2829 1503 2891 ab
1523 2829 1652 2892 exordio
1674 2837 1738 2892 tam
1760 2829 1915 2893 familiare
1935 2828 1999 2911 proli

468 2928 676 3011 pereffluens,
702 2929 924 2992 universorum
948 2929 1139 3010 capacitates
1163 2928 1218 2991 ad·
1271 2934 1305 2988 ut
1324 2930 1462 3008 parenst
1477 2926 1552 3001 Quis
1570 2946 1608 2989 ea
1631 2927 1807 3009 pleniorem
1832 2928 1892 2990 lilii
1916 2927 2000 2989 nolio

469 3026 601 3108 implet3
627 3036 660 3089 et
682 3028 811 3089 demum
836 3045 899 3108 quo
927 3027 1002 3108 quid
1031 3026 1252 3094 influxionisG
1271 3044 1343 3087 nem
1369 3028 1524 3087 venaturi
1547 3025 1652 3102 Porro,
1680 3026 1706 3087 si
1732 3025 1922 3108 evangelice
1943 3024 1999 3105 quis

469 3144 534 3187 sure
557 3124 705 3206 capacius
731 3123 838 3205 fuerit,
855 3144 893 3189 eo
918 3125 1078 3207 copiosius
1102 3125 1217 3188 divinae
1270 3130 1390 3185 textum
1412 3122 1552 3185 veritatis
1572 3122 1725 3201 revolvat,
1742 3124 1917 3205 comperiet
1937 3140 2000 3203 quo
2101 3162 2102 3215 4

468 3220 515 3283 illi
530 3221 749 3285 illustrationis
771 3223 876 3285 radios
897 3221 1046 3286 infundit.
1063 3222 1141 3296 Quid
1162 3242 1217 3286 au·
1271 3222 1365 3285 modo
1386 3222 1453 3285 sola
1474 3221 1656 3284 beatissima
1676 3241 1714 3285 ac
1735 3223 1902 3306 praeelecta
1921 3221 2000 3284 nimis

469 3327 533 3381 tem
558 3338 703 3401 supernae
732 3320 953 3383 instructionis
981 3320 1027 3382 sic
1056 3339 1155 3402 capax
1184 3329 1218 3383 ut
1270 3320 1364 3382 llaria
1378 3320 1418 3381 ab
1433 3318 1523 3382 initio
1537 3320 1687 3401 angelum
1707 3320 1795 3383 audit
1815 3322 1998 3395 salutantem,
2019 3348 2095 3392 Mt.

469 3435 560 3479 mens
570 3418 688 3480 Manet
700 3418 822 3500 Quippe
836 3436 906 3499 quae
922 3437 1053 3481 summae
1068 3420 1217 3500 tranquil·
1270 3418 1469 3480 nuntiantem
1504 3418 1560 3479 Dei
1588 3418 1770 3497 consilium,
1800 3412 2095 3482 consolatione-tc*

470 3514 568 3578 litatis
591 3524 686 3598 atque
705 3516 844 3595 virtutis,
860 3516 1004 3579 docibilis
1026 3536 1063 3579 ac
1086 3518 1215 3599 munda,
1270 3517 1443 3598 Virginem,
1470 3525 1615 3579 sanctum
1643 3516 1854 3581 instruentem
1881 3494 2025 3581 effectus'L

469 3613 608 3696 itemque
631 3614 672 3677 ab
696 3613 784 3677 omni
806 3614 901 3695 culpa
925 3621 958 3676 et
979 3615 1216 3697 perturbatione
1271 3614 1417 3691 modum;
1438 3615 1587 3695 denique,
1609 3616 1770 3696 quomodo
1785 3616 1854 3698 ipsa
1870 3634 2001 3697 superte

469 3720 537 3775 erat
563 3712 678 3775 aliena.
701 3712 837 3793 Ideoque
859 3712 1218 3793 supermunificentissi-
1271 3712 1411 3775 nientcm
1427 3712 1459 3774 in
1475 3732 1510 3776 se
1529 3712 1679 3795 Spiritum
1701 3714 1851 3777 Sanctum
1874 3712 1998 3793 suscipit,
2100 3734 2101 3753 r

468 3829 521 3872 ma
534 3809 690 3874 Divinitas
705 3809 775 3890 ejus
791 3810 901 3890 utique
917 3810 1015 3872 menti
1031 3811 1217 3893 plenissima
1270 3810 1456 3891 Patremque
1475 3809 1717 3874 obumbrantem
1738 3812 1844 3891 sentit,
1870 3820 1901 3874 et
1917 3811 2001 3892 ipsius

469 3909 632 3990 sapientiae
646 3908 780 3987 fluenta,
790 3908 982 3989 theoriaeque
998 3909 1094 3988 nivea,
1105 3912 1219 3973 exube—
1270 3909 1398 3971 demum
1413 3908 1616 3990 Unigenitum
1632 3909 1750 3972 intacta
1765 3909 1916 3992 concipit,
1927 3909 2001 3989 rirgo

470 4006 650 4068 nantissime
672 4006 930 4069 communicavit.
1271 4006 1304 4067 in
1320 4014 1409 4069 utero
1423 4005 1488 4083 alit,
1506 4005 1576 4068 sine
1595 4006 1779 4087 gravamine
1800 4005 1929 4088 bajulat,
1944 4006 2002 4068 abs

1271 4122 1333 4185 que
1357 4104 1482 4166 tristitia
1506 4104 1626 4186 gignit3
1650 4104 1792 4187 insuper,
1818 4104 1947 4188 qualiter
1963 4102 2001 4163 in·

683 4225 928 4289 ARTICULUS
953 4226 1011 4288 Vq,
1231 4201 1391 4265 Dfantem
1417 4202 1521 4280 lactat,
1545 4202 1642 4280 fovet,
1669 4210 1856 4282 contrectat,
1877 4210 2001 4285 pastores
2099 4204 2100 4227 l

1272 4300 1437 4363 venientes
1452 4300 1720 4383 agnoscit,llagos
1734 4300 1931 4365 immolantes
1944 4300 2002 4362 ado

1272 4407 1441 4479 rantesque
1462 4398 1654 4479 speculatur,
1671 4399 1796 4462 stellam
1820 4399 2002 4482 angelorum·

508 4550 709 4601 naturarum
725 4542 761 4600 in
777 4542 905 4602 Christo
919 4543 1126 4611 dualitatem,
1142 4563 1218 4602 cura-
1272 4516 1333 4579 que
1348 4496 1504 4606 niihiiam'
1516 4496 1587 4557 Filii
1603 4496 1651 4558 sni
1665 4498 1862 4607 praeeoiium
1878 4497 2002 4559 indm·

508 4631 569 4689 ctis
597 4630 779 4689 viatoribus
806 4631 932 4689 clarius
951 4631 1218 4711 profundiusque
1271 4604 1330 4672 κε’
1361 4612 1461 4703 ¹RS¹¹¹⁸
1495 4612 1622 4704 q¹ff⁰ll¹¹0
1656 4593 1808 4676 Obsequio
1841 4595 1999 4677 deputatas,

514 4719 679 4778 intellegi,
704 4719 800 4796 Vim„
821 4720 923 4778 beata·
1272 4694 1435 4771 advertrt3
1466 4692 1611 4775 prorode,
1642 4693 1910 4774 quemadmodum
1941 4709 2001 4755 curn
2098 4720 2099 4777 q

1272 4792 1341 4873 ipso
1365 4790 1398 4851 in
1423 4791 1590 4873 AEgyptum
1613 4789 1800 4872 ingreditur,
1825 4791 1909 4855 idola
1930 4808 2003 4853 com-

327 4903 360 4947 o.
373 4917 414 4955 un.
435 4907 457 4949 a.
540 4889 875 4950 ENERATIONEM
891 4889 962 4965 ejus
983 4890 1058 4966 quia
1080 4908 1216 4949 enarra·
1271 4896 1450 4970 moventur,
1465 4889 1532 4951 illic
1552 4909 1624 4952 cum
1649 4890 1719 4972 ipso
1744 4890 1931 4967 demoratur,
1946 4896 2003 4950 tan-

335 5002 374 5046 ru.
387 5002 403 5055 r,
414 5007 456 5049 ur.
555 4987 629 5044 bit?
643 4984 677 5045 ln
693 4984 895 5062 antehabitis,
913 4985 940 5046 si
955 4992 1040 5047 recte
1055 4988 1214 5066 recordor,
1270 4988 1405 5069 demque
1421 5006 1494 5051 eum
1509 4986 1644 5069 reducit,
1660 4996 1692 5050 et
1706 5006 1807 5068 usque
1822 4988 2000 5051 tricesimum

321 5076 372 5109 '¹¹'
470 5085 510 5147 de
531 5082 757 5145 incarnationis
772 5082 865 5145 Verbi
890 5083 1217 5165 incomprehensibili·
1271 5085 1341 5164 ejus
1366 5104 1483 5148 aunum
1504 5084 1548 5147 uti
1569 5084 1602 5146 in
1622 5084 1778 5147 universis
1803 5086 1864 5168 ipsi
1884 5083 2000 5147 familia-

468 5187 533 5244 tate
560 5198 617 5263 pro
646 5178 766 5242 viribus
790 5179 914 5242 locutus
944 5200 1026 5243 sum.
1053 5180 1216 5244 Vemmta·
1269 5182 1325 5262 ris,
1340 5182 1386 5243 sic
1402 5190 1433 5244 et
1447 5183 1614 5265 singularis
1635 5182 1762 5246 exstitit.
1780 5183 1929 5264 lienique,
1945 5198 2000 5243 om·
2097 5248 2098 5261 ἶ

468 5297 555 5361 men,
576 5279 660 5359 quod
685 5276 786 5341 llariae
809 5278 917 5341 datum
942 5288 991 5342 est
1014 5298 1096 5360 esse,
1120 5288 1213 5361 atque
1270 5280 1323 5343 nia
1337 5298 1408 5362 quae
1428 5279 1517 5358 vidit,
1534 5280 1656 5345 audivit
1674 5288 1706 5343 et
1725 5281 1827 5361 scivit,
1842 5276 2000 5363 diligentis·

470 4366 563 4433 Quod
577 4364 820 4423 incarnacionis
838 4365 970 4424 modum
988 4372 1086 4442 atque
1104 4374 1218 4442 myste-

510 4454 612 4521 rium,
620 4454 780 4513 unitatem
796 4472 921 4531 quoque
933 4471 1080 4527 personae
1094 4462 1125 4513 ct
1140 4456 1217 4514 item
