4309 6259
325 492 365 539 na
385 492 588 541 sacuaxxruo
608 494 737 542 aarrars
759 494 796 541 ar
815 496 914 543 mssa
934 495 1161 543 canaamrrorra
1183 494 1341 543 ursaceus.
1364 514 1404 525 -
1425 496 1496 541 aar.
1518 496 1559 542 xv
1655 478 1714 541 403

177 660 369 723 sufficienter
388 664 427 725 ad
450 664 521 745 ejus
545 665 780 747 susceptionem
805 666 912 747 dispo
927 667 951 728 A
966 666 1142 729 celebrabis
1157 666 1307 749 propitio,
1320 673 1374 729 aut
1389 664 1555 728 celebrasti
1573 688 1580 727 ε
1597 665 1651 728 ubi
1667 672 1715 727 est

176 777 256 836 nere,
271 778 373 840 neque
388 779 446 841 pro
460 771 608 844 suscepta
621 763 845 826 communione
864 783 912 825 sa·
965 763 1153 845 preparatio
1182 771 1214 826 et
1240 764 1413 845 gratiarum
1443 764 1526 825 actio
1555 764 1631 825 tual
1660 762 1714 825 ubi

176 856 213 917 tis
226 875 316 939 posse
335 859 512 940 regratiari,
528 862 622 923 etiam
641 860 668 923 si
689 860 776 923 mille
796 861 911 923 vixeris
967 861 1129 944 proiectus
1153 870 1184 923 et
1208 860 1331 923 fructus
1353 861 1430 923 tanti
1455 860 1619 943 mysteriil
1644 858 1714 922 Noli

175 954 272 1032 annis,
287 962 319 1016 et
339 956 391 1017 die
410 975 446 1019 ac
471 964 564 1019 nocte
588 958 658 1019 sine
681 958 911 1039 interruptione
966 958 1124 1040 hospitem
1139 964 1262 1019 tantum
1278 957 1463 1036 ellendere;
1480 957 1546 1020 noli
1561 964 1625 1019 tam
1640 956 1715 1018 inli-

175 1070 209 1113 ac
223 1052 396 1116 cessatione
410 1055 485 1117 totis
498 1054 621 1118 viribus
642 1063 673 1118 te
694 1074 850 1138 preparas
872 1057 910 1119 ad
965 1056 1040 1117 uitae
1063 1054 1209 1131 bonitati,
1231 1054 1365 1133 caritati,
1386 1053 1575 1135 dignationi,
1593 1052 1716 1115 miseri-

174 1150 401 1227 celebrandum,
416 1160 449 1214 ct
461 1152 579 1233 gratias
593 1172 669 1234 agas
683 1172 740 1235 pro
759 1154 913 1235 suscepti·
965 1151 1082 1216 cordiae
1096 1160 1127 1216 et
1141 1150 1364 1214 beneficentia
1384 1151 1454 1232 ejus
1475 1152 1617 1232 ingratus
1640 1169 1715 1215 con-

172 1266 229 1311 one
242 1266 277 1311 ac
291 1247 462 1313 collatione
481 1250 622 1315 muneris
641 1250 731 1314 tanti.
749 1251 828 1326 Quid
854 1252 911 1315 ita·
965 1250 1087 1313 sistere.
1104 1250 1139 1327 Ο,
1161 1249 1188 1311 si
1213 1268 1231 1311 a
1257 1267 1330 1330 rege
1354 1257 1479 1312 terreno
1502 1257 1558 1311 aut
1579 1249 1713 1331 presule

172 1363 229 1426 que
246 1353 350 1424 restat,
367 1346 430 1409 nisi
452 1355 486 1409 ut
506 1366 601 1411 omne
620 1350 704 1430 quod
723 1348 782 1411 tibi
801 1349 834 1411 in
859 1350 910 1412 his
964 1366 1081 1430 magno
1109 1366 1195 1410 esses
1227 1346 1390 1427 invitatus,
1420 1365 1515 1427 quam
1549 1346 1714 1410 humiliter

171 1442 316 1523 possibile
330 1452 379 1506 est
398 1442 508 1524 facias,
523 1454 556 1508 et
574 1454 681 1509 tamen
699 1446 780 1510 nihil
801 1448 910 1510 condi·
963 1453 996 1509 et
1019 1446 1168 1510 decenter
1192 1445 1231 1507 ad
1256 1464 1399 1507 mensam
1427 1444 1497 1526 ejus
1522 1444 1708 1508 accederesl

170 1559 261 1621 gnum
288 1539 405 1604 lecisse
431 1550 463 1605 te
491 1562 700 1625 recognosces
725 1564 782 1626 per
805 1564 911 1629 respc-
962 1563 1058 1627 quam
1074 1543 1175 1607 invite
1189 1562 1263 1606 eum
1282 1544 1316 1605 in
1336 1544 1405 1625 ipsa
1427 1543 1650 1607 convivatione
1663 1542 1712 1607 ol·

170 1646 251 1700 ctum
264 1639 303 1700 ad
319 1639 603 1723 incomparabilem
617 1642 837 1705 excellentiam
857 1645 911 1706 Sa-
963 1642 1110 1705 laudares
1125 1650 1131 1705 t
1148 1650 1282 1723 quantas
1306 1642 1482 1724 dignationi
1505 1641 1575 1723 ejus
1600 1660 1710 1724 ageres

170 1737 644 1820 crementilltaque,quumnou
659 1740 910 1804 sitconvenicns
964 1741 1101 1824 gratias!
1127 1740 1190 1803 imo
1215 1741 1308 1804 etde
1333 1748 1438 1803 cetero
1462 1740 1534 1821 plus
1559 1740 1651 1803 solito
1680 1740 1710 1803 ei

169 1834 405 1914 contrariomm,
421 1837 626 1900 dissimilium
645 1838 910 1902 discordantium·
923 1845 946 1909 Β
966 1838 1091 1921 placere
1106 1856 1245 1915 curares,
1261 1838 1407 1920 quamvis
1423 1838 1511 1919 parvi
1526 1847 1610 1901 esset
1624 1838 1710 1901 valo-

169 1950 227 2013 que
241 1933 504 2016 conjunctio,sed
520 1955 630 1999 eorum
645 1937 760 2017 quibus
774 1944 822 1999 est
835 1957 911 2000 con·
966 1938 1009 1999 ris
1031 1937 1115 2018 quod
1141 1936 1198 1997 tibi
1223 1937 1262 1999 ad
1287 1937 1480 1999 vescendum
1506 1945 1707 2019 proponeret.

169 2049 235 2092 cors
248 2031 407 2111 voluntas,
423 2032 590 2114 dispositio
605 2041 687 2115 apta,
701 2034 911 2099 coulormatio
965 2035 1026 2097 Cur
1036 2052 1112 2115 ergo
1127 2033 1201 2113 llegi
1222 2033 1407 2096 seculorum
1431 2034 1612 2111 immortali,
1629 2034 1711 2097 iuvi·
1725 2054 1857 2105 taratra.

169 2128 257 2208 boue,
273 2137 303 2192 et
325 2130 478 2193 Dominus
497 2150 534 2194 ac
554 2132 706 2213 Salvator,
722 2133 777 2214 qui
797 2133 830 2195 in
849 2134 910 2197 hoc
966 2132 1064 2210 sibili,
1082 2150 1157 2195 vcro
1172 2132 1247 2209 Deo,
1263 2131 1318 2193 llei
1334 2130 1413 2194 Filio
1429 2130 1603 2208 incamate‚
1620 2140 1650 2193 tc
1671 2132 1710 2194 ad

168 2236 362 2292 sacramento
389 2230 555 2293 verissime
580 2232 771 2309 continetur,
798 2232 839 2295 sit
863 2252 912 2295 se-
967 2248 1056 2292 suam
1085 2248 1228 2291 mensam
1257 2228 1398 2310 quotidie
1428 2228 1587 2305 invitanti,
1614 2230 1714 2291 susci·

169 2327 302 2388 cundum
339 2346 430 2389 suasu
464 2328 614 2391 deitatem
643 2330 854 2394 essentialiter
880 2338 913 2393 et
967 2327 1214 2409 pienti,suoque
1231 2346 1363 2409 corpore
1378 2334 1409 2389 et
1425 2326 1580 2408 sauguine
1596 2335 1625 2388 tc
1641 2326 1714 2389 reli-

150 2423 290 2487 -inliuite
303 2443 404 2507 purus
419 2446 456 2489 ac
472 2434 611 2505 sanctus,
628 2426 701 2490 lons
722 2427 827 2491 omnis
849 2427 913 2489 vir·
967 2426 1076 2504 cienti,
1093 2444 1157 2489 nou
1173 2425 1309 2506 amplius
1329 2425 1554 2487 verecundaris
1573 2444 1610 2488 ac
1630 2423 1715 2487 relu-

167 2522 249 2602 tutis,
278 2531 311 2585 et
344 2531 432 2587 tanto
463 2524 536 2607 plus
566 2525 679 2589 odiens
709 2525 912 2608 iniquitatem
967 2524 1016 2605 gis
1043 2525 1187 2606 ingratus
1215 2542 1296 2602 esse,
1326 2543 1344 2585 a
1372 2542 1434 2603 quo
1463 2522 1558 2585 etiam
1588 2541 1715 2586 omnem

167 2629 280 2700 quanto
294 2620 330 2683 in
345 2640 380 2685 se
394 2621 465 2705 ipso
487 2624 636 2704 sanctior,
652 2624 767 2705 justior
788 2626 913 2707 sapien·
967 2622 1066 2685 alium
1092 2621 1212 2703 accipis
1237 2621 1344 2685 cibum
1370 2640 1406 2684 ac
1432 2628 1553 2701 potum,
1570 2629 1601 2683 et
1625 2621 1717 2702 quid-

168 2719 287 2800 tiorqne
301 2720 470 2800 consistit3
486 2731 608 2785 certum
623 2731 673 2787 est
687 2731 717 2786 te
731 2731 819 2787 tanto
833 2724 913 2805 apti·
968 2721 1044 2802 quid
1059 2719 1157 2783 habes
1173 2728 1204 2783 et
1217 2723 1273 2783 est
1289 2720 1396 2800 ltaque
1411 2728 1476 2783 toto
1496 2720 1590 2783 corde
1605 2728 1637 2783 et
1651 2728 1716 2783 toto

167 2833 251 2879 orem
271 2826 305 2880 et
322 2818 503 2900 digniorem
522 2821 675 2885 exsistere
693 2822 732 2883 ad
752 2822 915 2884 celebran-
969 2828 1084 2883 conatu
1112 2819 1227 2881 anime
1260 2826 1320 2881 tuae
1353 2817 1462 2881 labora
1493 2818 1568 2881 huic
1600 2817 1717 2880 altissi-

168 2914 239 2977 dum
254 2924 285 2979 ct
299 2918 492 2980 sumendum
503 2919 563 2982 hoc
575 2921 703 2983 coeleste
714 2919 911 3001 mysterium,
968 2937 1022 2981 mo
1045 2917 1191 2997 Domino,
1212 2916 1444 2999 gratiosissimo
1465 2916 1598 2979 amatori
1624 2924 1654 2979 et
1680 2915 1717 2978 li-

168 3014 487 3096 supcrdiguissimum
521 3025 765 3095 sacramentum,
796 3022 950 3099 quantot]
968 3016 1170 3079 heralissimo
1185 3014 1346 3093 refecturi,
1363 3022 1394 3077 et
1408 3015 1472 3078 Deo
1489 3015 1585 3078 totius
1606 3014 1716 3077 salutis

167 3110 205 3171 ab
226 3112 313 3173 omui
341 3114 547 3195 negligentia,
573 3114 813 3197 ingratitudine,
836 3115 915 3177 levi·
968 3122 1030 3177 tuae
1062 3114 1205 3194 quotidie
1236 3114 1338 3195 magis
1371 3132 1408 3175 ac
1443 3114 1544 3195 magis
1578 3113 1716 3195 placere,

166 3215 237 3286 tate,
252 3210 473 3289 distractione,
496 3212 703 3275 irreverentia
727 3221 759 3275 et
783 3222 913 3294 peccato
968 3212 1146 3275 ferventius
1175 3230 1212 3274 ac
1240 3211 1386 3275 stabilius
1416 3212 1587 3291 adherere,
1614 3210 1718 3294 perle-

166 3304 338 3372 immunior
361 3307 472 3389 lucris,
488 3317 521 3372 et
543 3328 653 3373 rursus
672 3319 759 3373 tauto
779 3311 914 3392 ineptio-
968 3310 1051 3373 ctius
1075 3308 1220 3390 obsequi,
1241 3317 1272 3372 et
1297 3309 1402 3391 ipsum
1430 3309 1514 3371 iutra
1544 3316 1575 3372 te
1599 3309 1718 3371 indesi-

165 3423 229 3466 rem
244 3405 525 3489 indignioremque
539 3409 578 3470 ad
593 3408 820 3471 celebrandum
841 3428 913 3471 esse
969 3417 1083 3471 neuter
1101 3407 1242 3471 brachiis
1257 3407 1482 3469 sincerissime
1497 3407 1637 3470 caritatis
1651 3426 1720 3469 am·-

166 3510 194 3563 te
220 3504 362 3582 noveris,
391 3514 510 3586 quanto
544 3506 596 3568 his
628 3506 721 3569 malis
749 3507 851 3589 magis
879 3526 913 3569 es
969 3506 1078 3589 plecti.

165 3600 318 3665 subditus.
331 3601 434 3675 Quum
450 3622 525 3685 ergo
540 3604 682 3685 quotidie
696 3612 752 3667 aut
764 3604 914 3686 frequen·
1009 3604 1177 3667 Sacaanos.
1194 3638 1235 3649 -
1249 3601 1272 3665 0
1287 3602 1368 3665 Deus
1382 3600 1578 3682 dulcissime,
1594 3602 1718 3665 deside-

122 3748 125 3752 .
165 3705 211 3760 ter
228 3699 272 3761 sis
292 3700 472 3778 celebrans,
488 3708 613 3784 oportet
631 3709 662 3764 te
683 3701 912 3781 indesinenter,
969 3702 1017 3766 rio
1037 3718 1110 3765 meo
1134 3700 1262 3783 copiose
1286 3699 1480 3777 satisfecisti,
1497 3700 1537 3761 de
1561 3718 1717 3781 prepara-

165 3797 250 3859 omni
270 3796 362 3879 hora,
378 3799 431 3861 die
449 3818 486 3862 ac
511 3808 616 3880 nocte,
632 3818 702 3863 esse
725 3799 911 3880 sollicitum,
969 3799 1055 3862 tione
1078 3798 1118 3860 ad
1144 3796 1402 3875 celebrationem,
1424 3805 1457 3859 et
1479 3798 1518 3860 de
1543 3797 1717 3860 attentione

165 3895 333 3975 providum
358 3915 396 3959 ac
423 3896 613 3978 ferventem,
638 3917 679 3960 ne
707 3896 783 3978 quid
811 3898 913 3980 culpe
969 3896 1114 3959 habenda
1130 3896 1162 3957 in
1179 3914 1226 3973 ea,
1243 3902 1336 3976 atque
1351 3896 1390 3958 de
1405 3894 1576 3975 gratiarum
1592 3894 1717 3957 actione

165 3991 348 4055 inveniatur
366 3994 400 4055 in
424 4002 456 4057 tc
479 4014 656 4077 perquam
681 3994 833 4078 indignus
860 4003 915 4058 aut
969 4002 1079 4078 postea
1101 3992 1292 4057 exsolvenda
1315 4011 1366 4055 mc
1389 3992 1495 4055 taliter
1518 3992 1715 4056 instruendo,

164 4090 269 4154 minus
296 4092 416 4174 dignus
443 4093 484 4155 ad
512 4094 739 4157 celebrandum
767 4094 912 4175 exsistas,
969 4094 1194 4156 Verumtamen
1210 4109 1323 4173 precor
1336 4089 1502 4153 humiliter
1521 4090 1647 4173 plenius
1669 4090 1717 4154 in-.

164 4196 216 4249 aut
236 4188 385 4271 ingratus
403 4208 460 4253 seu
479 4190 587 4253 minus
607 4201 715 4272 gratus
734 4191 774 4255 de
791 4191 914 4256 beneli-
930 4201 954 4263 D
969 4191 1101 4255 lormari
1122 4191 1162 4254 de
1182 4189 1332 4271 qualitate
1351 4188 1531 4252 devotionis
1551 4196 1583 4251 et
1600 4189 1717 4253 actuali

164 4284 222 4349 ciis
243 4288 355 4350 unda.
969 4290 1143 4354 attentione
1171 4288 1410 4370 elevationequc
1435 4287 1551 4351 mentis
1575 4287 1609 4350 in
1635 4288 1718 4352 cele-

201 4384 364 4448 Erubesce
383 4394 490 4449 mente
514 4405 579 4451 uon
603 4406 694 4469 pura,
710 4386 827 4470 lrigido
845 4406 916 4451 cor·
969 4386 1284 4467 brationehabeuda,
1301 4394 1386 4449 etan
1402 4404 1533 4449 necesse
1555 4386 1596 4449 sit
1617 4386 1717 4449 sensi·

163 4481 212 4561 de,
232 4484 305 4545 sine
330 4484 522 4563 reverentia,
544 4486 710 4548 sanctitate
733 4493 765 4549 et
788 4484 914 4549 fervore
968 4486 1066 4550 bilem
1092 4505 1128 4549 aa
1154 4484 1349 4547 sensibiliter
1371 4483 1498 4548 dulcem
1523 4481 1639 4547 habere
1663 4485 1717 4548 de-

165 4579 202 4641 ad
230 4581 386 4644 Sanctum
418 4582 606 4647 Sanctorum
635 4584 796 4662 accedere,
822 4584 913 4648 ilenti
968 4585 1142 4663 vctiouem,
1173 4583 1212 4646 ad
1246 4601 1342 4664 quam
1374 4581 1543 4663 aliquando
1576 4582 1718 4665 indispo-

166 4677 300 4742 infinita
329 4679 496 4744 munditie
524 4689 554 4744 te
582 4682 684 4759 unire,
710 4680 913 4763 Unigenitum
969 4683 1066 4746 situm
1100 4691 1131 4745 et
1163 4681 1253 4764 quasi
1288 4680 1495 4763 impotentem
1529 4698 1580 4743 me
1609 4679 1715 4762 ipsum

167 4774 220 4837 llai
253 4777 431 4859 suscipere,
461 4778 559 4841 Deum
588 4798 624 4843 ac
652 4778 795 4843 ludicem
823 4788 914 4842 tuum
970 4782 1112 4845 invenio.

167 4874 234 4937 sine
249 4875 361 4938 debita
375 4877 580 4941 veneratione
593 4886 727 4941 tractare
740 4902 747 4941 :
762 4878 838 4958 imo,
851 4898 915 4961 quo
1009 4882 1155 4943 Vanrras.
1171 4913 1213 4924 —
1226 4879 1269 4942 lle
1283 4879 1344 4941 hcc
1360 4886 1390 4941 te
1405 4874 1531 4941 erudire
1550 4896 1615 4942 non
1635 4876 1717 4941 desi-

167 4971 368 5055 lrequeutius
392 4974 544 5055 celebras,
568 4995 607 5040 eo
630 4977 777 5040 devotius
800 4979 916 5061 magis-
969 4999 1055 5043 nam.
1071 4978 1178 5042 Nihilo
1193 4978 1299 5041 miuus
1313 4978 1402 5059 prius
1417 4976 1557 5040 breviter
1570 4977 1628 5040 tibi
1648 4986 1718 5040 tan-

167 5089 227 5152 qua
241 5073 402 5150 timorate,
419 5082 601 5137 reverenter
613 5084 646 5138 et
659 5094 804 5141 amorosa
822 5078 916 5141 habe
969 5098 1042 5161 gam
1062 5086 1197 5160 quatuor
1215 5084 1287 5139 aute
1308 5076 1553 5140 celebrationem
1574 5076 1718 5140 conside-

168 5188 201 5231 ra
217 5179 250 5233 te
268 5180 390 5252 satage.
406 5172 528 5254 lugiter
545 5192 621 5255 ergo
640 5174 692 5238 dic
714 5176 770 5239 tibi
796 5177 857 5259 ipsi
881 5178 915 5239 in
971 5177 1079 5254 reuda,
1110 5176 1149 5240 ad
1177 5194 1247 5257 que
1275 5174 1419 5257 quadam
1446 5174 1509 5238 alia
1537 5175 1717 5239 referuntur

168 5269 262 5333 corde
283 5278 341 5333 tuo
358 5292 366 5331 ε
381 5270 463 5334 Ecce
483 5270 578 5336 hodie
601 5281 656 5337 aut
680 5274 713 5336 in
737 5275 827 5338 brevi
851 5276 915 5340 Deo
972 5294 1042 5357 que
1062 5294 1082 5337 a
1102 5274 1291 5356 quibusdam
1313 5281 1485 5355 ponuntur.
