4309 6259
475 478 626 527 nunonis
647 478 782 527 srrnrros
805 478 923 537 sartori,
944 478 1119 527 reserares
1141 482 1174 527 u.
1196 498 1236 511 -
1256 481 1326 527 aas.
1349 480 1423 527 xxv1
1665 463 1722 529 llll

182 748 335 833 spirituali
359 747 581 826 similitudine,
605 766 664 810 nos
688 748 775 829 ipsos
797 766 923 829 quoquc
977 748 1128 831 quietem,
1158 748 1219 811 lsta
1246 756 1294 811 est
1321 749 1502 831 opulentior
1526 750 1600 827 vita,
1627 770 1722 833 quam

180 858 210 912 ct
223 867 332 912 omnes
352 867 415 927 ms,
430 847 519 929 juxta
538 846 668 911 modum
689 856 721 911 et
741 866 922 910 mensuram
977 866 1048 928 ego,
1065 846 1169 929 inquit
1183 846 1296 910 Ductor
1311 847 1451 927 divinus,
1468 866 1637 929 cognosco.

181 945 319 1023 luminis,
335 945 486 1027 juxtaque
506 944 562 1007 Dei
583 945 779 1008 voluntatem
801 965 837 1007 ac
852 963 924 1027 pro-
1017 946 1111 1009 l'orro
1140 945 1290 1027 praedicta
1318 945 1481 1009 rationalis
1512 946 1724 1011 consideratio

180 1042 239 1125 prii
254 1041 436 1104 intellectus
449 1040 659 1105 nobilitatem.
977 1044 1052 1107 doni
1093 1043 1272 1107 intellectus
1311 1044 1486 1107 secundum
1530 1044 1724 1127 multiplices

217 1138 373 1216 Secundo,
389 1138 508 1201 donum
522 1137 703 1201 intellectus
721 1145 924 1220 comparatur
976 1141 1176 1206 differentias
1198 1141 1368 1224 opulentia
1389 1141 1456 1220 Dei,
1480 1142 1511 1204 id
1533 1151 1581 1205 est
1602 1142 1725 1205 divina-

179 1236 337 1319 splendori
362 1255 419 1299 seu
443 1235 533 1299 radio
557 1234 633 1299 solis
659 1235 779 1299 ratione
807 1236 922 1299 caloris
977 1260 1048 1303 rum
1062 1239 1306 1322 perfectionum,
1323 1239 1469 1322 spiritum
1485 1248 1627 1303 nostmm
1647 1240 1725 1303 lcti-

178 1354 269 1416 quom
293 1354 352 1417 per
373 1334 574 1416 splendorem
598 1334 644 1397 sol
669 1333 764 1397 rebus
787 1334 920 1397 inducit.
977 1336 1064 1413 licat,
1081 1334 1107 1397 si
1124 1334 1216 1398 nobis
1231 1334 1309 1416 ipsis
1324 1354 1381 1417 per
1400 1335 1562 1399 caritatem
1582 1334 1723 1399 divinam

178 1433 232 1496 llic
253 1432 403 1514 equidem
429 1431 515 1494 calor
539 1451 598 1514 per
619 1431 790 1495 utilitatem
813 1451 850 1495 ac
876 1432 923 1495 ie-
976 1432 1133 1497 iuerimus
1148 1432 1263 1495 mortui
1278 1441 1310 1495 et
1325 1432 1388 1496 lieo
1409 1433 1564 1513 viventes,
1582 1440 1675 1515 atque
1691 1434 1724 1495 in

178 1530 369 1595 cunditatem
384 1530 441 1593 toti
456 1530 575 1592 mundo
590 1531 770 1593 communis
784 1539 853 1609 est;
869 1530 921 1593 hic
976 1532 1091 1614 spiritu
1112 1530 1290 1595 conversati
1311 1549 1425 1612 resque
1446 1539 1580 1595 {eternas
1600 1532 1726 1613 sapien-

178 1629 261 1692 caior
285 1626 470 1710 frequenter
492 1647 627 1709 magnus
651 1626 803 1691 eiiicitur.
830 1628 923 1690 Simi-
976 1638 1035 1693 tes.
1050 1628 1200 1703 Quamvis
1214 1636 1320 1691 sutem
1340 1628 1409 1711 ipsa
1428 1646 1526 1711 opera
1539 1628 1593 1692 [lei
1613 1647 1725 1693 omnes

177 1728 256 1804 liter,
278 1727 356 1788 dum
381 1727 461 1789 ratio
481 1735 588 1789 nostra
611 1726 808 1808 pardonum
830 1726 922 1789 intel·
977 1727 1123 1791 homines
1145 1726 1323 1806 intelligere
1346 1725 1479 1807 possint,
1496 1734 1527 1789 et
1548 1725 1647 1789 Deum
1669 1745 1726 1808 per

176 1826 286 1903 lectus,
317 1833 353 1887 ut
380 1824 500 1886 dictum
527 1833 587 1903 cst,
616 1822 822 1903 clarificatur,
851 1825 920 1907 ipsa
936 1824 961 1889 B
979 1844 1053 1889 suos
1067 1824 1205 1887 allectus
1227 1843 1283 1886 seu
1304 1841 1401 1905 opera
1422 1823 1579 1905 speculari
1593 1847 1602 1903 3
1618 1832 1724 1887 tamen

176 1924 332 2001 voluntas,
348 1942 419 2005 quta
432 1930 481 1985 est
494 1922 542 1985 vis
556 1923 704 2000 amativa,
717 1941 801 2005 supe
821 1922 922 1985 servet
978 1926 1064 2006 ipsas
1086 1921 1294 2004 pmprictates
1316 1940 1448 2003 operum
1469 1922 1524 1985 liei
1547 1922 1656 1985 nullus
1675 1940 1727 1987 co-

175 2030 205 2085 et
228 2022 350 2099 ealeiit,
379 2021 475 2084 etiam
503 2030 656 2103 quantum
684 2021 723 2083 ad
752 2020 843 2098 alios,
869 2040 923 2104 gc-
977 2040 1131 2105 gnoscere
1155 2020 1239 2083 valet
1262 2020 1413 2083 sensitiva
1438 2040 1497 2083 nec
1522 2039 1579 2101 per
1597 2039 1725 2083 sensum

175 2120 325 2183 neraliter
348 2119 382 2182 in
405 2117 566 2201 opulentis
586 2116 761 2181 ciiluribus
782 2138 817 2181 se
838 2136 923 2183 com·
978 2116 1151 2197 internum,
1168 2117 1232 2180 imo
1253 2136 1313 2179 nec
1333 2118 1459 2199 proprie
1480 2117 1657 2199 intelligere
1672 2135 1727 2199 pc-

175 2217 368 2280 municando
392 2235 466 2279 cum
487 2214 642 2279 fidelitate
662 2222 758 2297 atque
781 2234 889 2279 amore
913 2240 920 2279 :
977 2224 1038 2278 test
1061 2215 1151 2297 juxta
1174 2216 1303 2279 modum
1329 2214 1420 2278 iundi
1445 2235 1565 2295 earum,
1586 2216 1648 2278 nisi
1672 2233 1728 2297 per

175 2316 326 2396 quoniam
340 2316 460 2379 donum
482 2313 664 2377 intellectus
678 2314 762 2395 parit
781 2312 815 2377 in
830 2314 923 2379 nobis
977 2314 1097 2377 donum
1113 2313 1305 2392 intellectus,
1324 2315 1408 2395 quod
1429 2332 1523 2377 nemo
1543 2313 1611 2377 sine
1625 2313 1727 2396 gratia

174 2414 344 2494 quemdam
366 2412 507 2495 amplum
526 2420 558 2475 et
579 2411 761 2494 generalem
782 2431 922 2475 amorem
978 2410 1085 2474 habet.

174 2531 229 2593 per
251 2511 398 2574 veritatis
422 2510 649 2591 cognitionem,
670 2528 766 2591 quam
791 2510 923 2592 exejus
1017 2509 1090 2571 llaec
1113 2510 1153 2572 de
1180 2509 1264 2572 donc
1292 2508 1472 2573 intellectus
1501 2509 1631 2571 inducta
1654 2514 1729 2570 sunt

174 2607 318 2670 claritate
332 2606 538 2688 percipimus.
556 2605 619 2669 Nos
637 2615 743 2669 autem
763 2606 795 2667 in
815 2616 923 2670 nostro
979 2607 1155 2670 secundum
1183 2606 1360 2670 doctrinam
1389 2606 1530 2670 Doctcris
1557 2605 1659 2668 divini
1694 2604 1727 2667 in

175 2702 272 2767 fundo
298 2704 462 2786 simplices
487 2722 673 2785 permanere
701 2704 865 2782 debemus,
892 2714 923 2768 et
979 2704 1062 2767 libro
1076 2704 1116 2766 de
1130 2702 1248 2767 Omatn
1266 2702 1440 2785 spiritualis
1455 2702 1724 2784 desponsationis:

174 2820 284 2865 omnes
301 2821 351 2864 res
366 2821 423 2884 per
434 2801 675 2865 illuminativam
687 2802 838 2865 rationem
853 2821 924 2866 con·
979 2802 1089 2883 inquo
1103 2800 1166 2864 alia
1187 2800 1287 2863 multa
1307 2800 1523 2883 pulcherrima
1541 2808 1636 2881 atquc
1657 2817 1728 2881 pro

50 2918 162 2961 annea
175 2899 482 2981 siderare,ipsasque
496 2918 553 2981 per
567 2900 769 2981 generalem*
783 2920 923 2964 amorem
980 2898 1080 2961 iunda
1100 2900 1140 2961 de
1159 2898 1252 2961 donis
1267 2898 1466 2980 conscripsit,
1483 2897 1598 2979 quibus
1614 2904 1647 2960 et
1667 2896 1729 2959 alia

49 2982 334 3087 ffipcriluere
359 3015 416 3060 seu
439 2996 707 3062 communicative
727 3007 893 3080 penetrare
915 2998 1081 3063 :Gmulta
1101 2997 1266 3077 admiscet,
1290 2998 1465 3061 secundum
1487 2997 1572 3079 qnod
1596 2994 1728 3076 Spiritui

174 3096 443 3175 quemadmodum
458 3096 504 3158 sol
520 3095 604 3173 eoeli,
615 3096 761 3177 quamvis
776 3096 847 3179 ejus
862 3098 926 3161 cla·
981 3097 1096 3161 Sancto
1118 3096 1311 3179 complacuit
1326 3096 1465 3159 animam
1480 3094 1576 3177 hujus
1597 3094 1658 3157 viri
1680 3093 1727 3156 di-

173 3194 247 3256 ritas
274 3193 335 3257 toti
371 3194 490 3257 mundo
524 3194 705 3257 communis
740 3194 791 3273 sit,
822 3195 924 3259 nihilo
981 3195 1094 3277 rigere.

173 3291 280 3355 minus
307 3292 341 3353 in
373 3311 407 3354 sc
435 3292 571 3373 simplex
599 3292 924 3376 intmnsmutatusque

173 3398 349 3471 permanet.
367 3389 585 3471 Simplicioros
605 3399 723 3469 autem,
747 3400 821 3454 sunt
840 3392 926 3455 ordi·
1153 3446 1399 3511 ARTICULUS
1424 3444 1537 3509 XXVI

173 3489 314 3553 notiores
328 3487 494 3569 magisque
511 3488 615 3570 pacati
635 3488 670 3550 in
691 3509 725 3553 sc
746 3489 836 3571 ipsis,
853 3509 925 3573 pro-
1543 3493 1550 3507 '

173 3587 308 3650 fundius
329 3604 456 3668 quoque
477 3586 510 3648 in
532 3585 631 3649 [lcum
652 3587 801 3669 demersi,
824 3597 857 3651 et
877 3590 924 3652 in·
1053 3595 1182 3656 Salutio
1210 3594 1428 3653 dubitationis
1456 3596 1496 3652 de
1525 3594 1653 3651 unitate

175 3684 305 3747 tellecta
326 3682 488 3762 clariores,
503 3690 598 3765 atquc
612 3684 645 3745 in
667 3684 760 3749 bonis
774 3687 924 3767 operibus
1206 3684 1287 3742 doni
1308 3683 1501 3742 intellectus.

174 3779 432 3863 multipliciores,
454 3780 488 3841 in
514 3799 621 3843 amore
646 3782 742 3845 etiam
768 3782 924 3846 influente

47 3880 225 3941 muscarel
254 3898 290 3942 se
319 3878 576 3943 communicante
607 3881 864 3961 generaliores'3
893 3889 926 3944 et
1055 3878 1153 3942 ΑΒΕΤ
1182 3878 1312 3959 insuper
1344 3878 1562 3959 questionem,
1592 3878 1727 3960 qualiter

45 3962 250 4069 ffffiquia
271 3978 338 4040 Deo
359 3976 529 4040 similiores
550 3978 715 4058 exsistunt,
739 3980 846 4042 minus
867 3981 925 4043 im·
1067 3978 1187 4041 donum
1213 3977 1403 4055 intellectus,
1425 3978 1508 4060 quod
1531 3977 1616 4040 eirca
1641 3987 1726 4042 tanta

44 4086 107 4127 niam
176 4076 278 4159 pediri
304 4075 355 4137 vel
380 4075 512 4137 distrahi
537 4084 680 4157 possunt.
704 4077 749 4140 lla
772 4078 925 4143 debemus
979 4086 1124 4140 versatur
1147 4076 1274 4157 objecta
1299 4084 1463 4159 tantosque
1492 4076 1621 4139 sortitur
1648 4077 1727 4141 eiic-

175 4174 238 4235 llm
262 4192 323 4255 per
345 4173 504 4235 Christum
527 4173 668 4251 obviare,
693 4174 786 4256 eique
811 4176 844 4238 in
871 4177 1060 4259 ge-DctuS,
1084 4194 1183 4237 unum
1205 4173 1355 4237 exsistere
1382 4174 1492 4255 possit.
1516 4175 1602 4237 Dona
1626 4175 1723 4254 enim,

72 4292 141 4333 unu
176 4272 300 4334 nerali‘
314 4270 484 4333 assimilari
498 4289 616 4334 amore.
631 4272 833 4355 Simpliiicati
848 4294 926 4357 quo-
979 4279 1014 4333 ut
1035 4272 1157 4333 dictum
1179 4279 1238 4349 cst,
1260 4278 1334 4333 sunt
1353 4271 1481 4333 habitus
1502 4271 1631 4351 quidam
1649 4294 1655 4333 :
1672 4272 1727 4334 ha·
1740 4296 1848 4340 mixtu.

45 4358 237 4459 ξᾞζῳιο
258 4388 319 4452 per
340 4368 448 4431 lumen
470 4368 579 4449 gratias
599 4369 653 4431 liei
675 4378 708 4432 et
728 4371 812 4435 dono
834 4371 926 4435 intel-
979 4369 1064 4431 bitus
1086 4378 1190 4432 autem
1213 4368 1452 4450 distinguuntur
1476 4370 1650 4432 secundum
1672 4370 1727 4432 oie

176 4468 291 4545 lectus,
328 4468 481 4529 debemus
515 4484 642 4529 omnem
682 4468 924 4533 similitudinem
979 4468 1073 4551 jecta.
1103 4504 1144 4514 —
1170 4468 1208 4530 Et
1235 4468 1502 4548 respondendum,
1532 4468 1615 4549 quod
1645 4469 1728 4532 sicut

176 4566 372 4649 pertransire
386 4573 481 4645 atque
495 4564 528 4626 in
551 4566 711 4628 essentiali
727 4567 847 4630 unitate
862 4569 925 4631 lico
981 4566 1062 4629 sides
1076 4574 1126 4628 est
1140 4584 1203 4627 una
1218 4565 1251 4625 in
1271 4565 1377 4647 specie
1399 4573 1527 4646 propter
1541 4566 1589 4629 sui
1609 4565 1727 4646 objecti

174 4665 275 4743 uniri,
293 4664 324 4725 id
345 4671 393 4726 est
413 4662 474 4743 ipsi
488 4662 552 4727 neo
571 4664 753 4728 immediate
772 4666 924 4747 conjungi
980 4664 1078 4744 (quod
1100 4672 1148 4726 est
1169 4663 1285 4725 veritas
1308 4664 1423 4745 prima)
1438 4663 1592 4727 unitatem
1613 4662 1729 4727 iorms-

175 4784 232 4826 seu
256 4762 439 4837 adherere3
462 4779 650 4843 semperque
675 4762 829 4825 debemus
851 4784 924 4826 cum
981 4764 1055 4842 lem,
1072 4764 1218 4844 quemvis
1233 4762 1358 4843 objecta
1373 4762 1443 4844 ejus
1465 4762 1651 4841 materialia,
1669 4762 1730 4825 sci-

175 4862 239 4924 [teo
255 4860 290 4921 iu
305 4858 424 4921 unione
440 4877 579 4938 manere,
595 4865 714 4921 etcum
729 4858 792 4922 Deo
806 4879 843 4922 ac
860 4879 927 4923 om·
981 4861 1056 4924 licet
1072 4882 1121 4923 rcs
1137 4860 1213 4942 ipstn
1228 4862 1403 4939 credendo,
1428 4860 1489 4921 sint
1512 4861 1612 4941 plura,
1629 4861 1676 4923 sic
1690 4859 1730 4923 de

174 4959 273 5021 nibus
289 4956 413 5019 Sanctis
427 4965 581 5038 perpetuo
595 4957 628 5018 in
643 4958 804 5020 communi
820 4977 927 5022 amore
981 4961 1065 5022 dono
1081 4958 1262 5021 intellectus
1285 4959 1401 5021 sentire
1416 4967 1550 5040 oportet.
1568 4960 1621 5021 Est
1643 4958 1729 5021 enim

176 5056 327 5135 eiiluere,
351 5074 476 5136 sempor
501 5072 628 5137 quoque
649 5064 778 5119 econtra
799 5056 833 5119 in
858 5076 928 5139 gra·
983 5056 1202 5139 principaliter
1216 5056 1302 5120 eirca
1316 5057 1464 5119 veritates
1479 5056 1729 5140 fidei,quantum

176 5157 297 5219 tiarum
318 5154 442 5217 actione
463 5159 496 5216 et
515 5153 708 5235 gratitudine
722 5174 759 5218 ac
781 5155 874 5219 laude
888 5158 927 5219 ad
984 5156 1022 5219 ad
1052 5154 1201 5218 articulos
1229 5154 1283 5237 qui
1312 5154 1351 5217 de
1380 5154 1523 5217 Creatorc
1552 5156 1728 5233 traduntur,

176 5257 265 5319 intus
285 5250 551 5333 conveniatque
571 5250 929 5320 fruitivoamoreano
986 5252 1175 5319 secundario
1204 5271 1278 5316 vero
1313 5252 1397 5317 circa
1432 5252 1581 5317 veritates
1608 5260 1730 5317 creatas
