4309 6259
697 503 855 551 nxrosmo
874 503 981 550 ursan.
1005 521 1045 531 -
1065 504 1135 549 aar.
1159 503 1254 550 xxxiv
1690 484 1749 551 373

198 674 266 735 huc
274 676 430 751 perferri
437 692 498 751 per
512 693 629 735 manus
642 674 749 735 suncti
762 676 872 751 augeli
886 675 946 735 tut.
963 674 988 736 Α
1004 691 1058 735 sus
1075 696 1083 734 :
1101 694 1117 733 a
1134 672 1212 736 lube
1232 673 1300 737 heo
1322 696 1351 752 a,
1368 672 1400 736 id
1420 682 1469 736 est
1489 690 1605 755 corpus
1627 682 1659 736 et
1680 692 1751 736 san-

57 788 142 833 sm
151 788 184 833 a.
240 773 272 835 S.
291 772 427 836 Thomas
442 772 475 834 in
491 772 583 835 tertia
596 781 685 853 parte
700 780 732 835 et
746 790 842 854 super
855 790 950 853 quar·
1002 770 1133 851 guinem
1147 769 1274 849 Christi,
1291 788 1401 851 preces
1415 788 1541 852 quoque
1560 776 1592 832 et
1606 778 1679 833 vota
1695 787 1751 833 no

50 856 184 964 ffl
162 865 185 907 ‘¹
200 878 269 933 tum
284 871 519 934 Sententiarum
538 870 594 950 ait,
610 871 694 951 quod
715 872 863 933 sacerdos
884 888 949 932 non
1005 876 1077 945 stra,
1087 890 1103 927 ιι
1113 867 1247 949 perform
1256 868 1324 946 a,1d
1336 876 1384 931 est
1395 868 1597 950 portaunon
1612 868 1751 931 substan·

49 980 165 1021 ΝΗ·
179 976 269 1033 orat
293 987 410 1051 corpus
433 976 465 1030 et
488 968 677 1049 sanguinem
701 968 814 1031 Christi
838 987 948 1031 verum
1003 967 1133 1047 tialiter,
1159 968 1215 1029 sed
1245 968 1511 1047 representative,
1537 986 1594 1050 per
1621 966 1751 1029 modum

48 1040 111 1113 ⁵3¹¹
48 1039 336 1153 ,Mller-terri
350 1086 408 1149 per
421 1085 535 1130 manus
550 1066 676 1148 angeli
669 1085 701 1128 m
717 1066 852 1129 sublime
872 1066 950 1128 alta-
1004 1064 1284 1130 commemorantis
1298 1072 1392 1147 atque
1408 1066 1751 1147 orantis,«permanus

48 1232 69 1269 h
48 1104 185 1270 Q*-
201 1184 235 1227 re
250 1164 318 1243 llei,
335 1165 390 1227 sed
405 1182 522 1246 corpus
536 1164 703 1245 mysticum
715 1164 813 1245 (quod
828 1163 950 1245 signifi-
1005 1163 1105 1227 saneti
1131 1163 1234 1244 angeli
1261 1164 1305 1225 tui
1319 1186 1347 1241 a,
1365 1164 1396 1227 id
1417 1173 1466 1226 ost
1490 1182 1547 1246 per
1565 1164 1751 1247 obsequium

200 1270 291 1326 catur
304 1281 362 1344 per
375 1281 491 1372 corpus
504 1262 618 1326 Christi
634 1264 822 1373 verum)seu
837 1280 948 1344 preces
1005 1264 1107 1346 angeli
1121 1264 1174 1345 qui
1189 1261 1365 1326 divinorum
1381 1261 1609 1327 celebrationi
1601 1272 1753 1327 interesse

200 1380 237 1424 ac
259 1369 332 1423 vota
355 1360 403 1422 sni
428 1359 538 1443 populi
556 1384 563 1421 :
580 1361 646 1422 haec
673 1359 760 1423 enim
781 1359 862 1441 petit
884 1359 948 1423 Deo
1005 1361 1183 1424 credendus
1197 1360 1527 1440 estzimo,sacundum
1537 1360 1751 1440 Ambrosium,

200 1458 420 1540 representari
435 1477 493 1539 per
506 1458 667 1540 angelum,
683 1466 839 1539 quatenus
853 1476 948 1538 ange·
1004 1461 1095 1523 adest
1117 1459 1256 1524 ooelestis
1282 1459 1406 1537 militia,
1428 1468 1460 1523 et
1484 1461 1660 1524 secundum
1680 1460 1753 1523 Ber-

200 1558 251 1620 las
265 1564 390 1621 nostras
406 1575 517 1638 preces
536 1565 568 1619 et
587 1565 659 1619 vota
679 1565 774 1637 atque
796 1556 948 1637 obsequia
1005 1558 1152 1643 nardum,
1168 1558 1352 1639 angelorum
1367 1559 1456 1620 adest
1470 1558 1637 1622 exercitus.
1654 1559 1753 1633 Quam

200 1657 265 1720 Deo
284 1655 463 1735 offerendo,
480 1655 612 1736 gratiam
637 1654 729 1718 nobis
753 1663 947 1736 reportatae
1006 1663 1187 1720 reverenter
1211 1673 1286 1737 ergo
1311 1674 1369 1720 nos
1394 1655 1439 1718 ihi
1464 1656 1583 1719 habere
1607 1664 1751 1739 oportett

199 1755 339 1819 veniam
357 1754 419 1817 Sed
433 1761 564 1837 apparet
578 1753 648 1815 aliis
652 1754 760 1834 ,quod
774 1753 875 1816 oratio
889 1752 949 1815 ista
1005 1755 1062 1818 Vel
1083 1776 1100 1814 ιι
1121 1774 1178 1836 per
1201 1773 1314 1817 manus
1339 1754 1440 1817 sancti
1465 1754 1569 1836 angeli
1595 1776 1624 1835 a,
1648 1754 1680 1816 id
1706 1764 1755 1818 est

200 1854 296 1917 etiam
316 1852 419 1935 accipi
439 1860 544 1935 potest
561 1860 655 1935 atque
675 1852 789 1963 exponi
813 1852 887 1914 de'
879 1870 948 1935 ipso
967 1851 1092 1935 Bper
1085 1871 1189 1935 ipsum
1211 1852 1381 1931 Christum,
1404 1853 1459 1933 qui
1481 1852 1657 1935 estmagni
1679 1871 1754 1917 con-
1776 1873 1810 1917 ιι.
1829 1885 1859 1921 m
1880 1874 1901 1924 ι,

200 1953 406 2015 Sacramenta
426 1950 546 2013 altaris.
563 1952 659 2013 Totus
678 1950 763 2013 enim
782 1950 836 2013 hie
860 1950 949 2014 locus
1006 1951 1071 2013 silii
1095 1950 1249 2032 angelus3
1274 1950 1329 2032 qni
1354 1951 1529 2013 secundum
1553 1952 1751 2033 Apostolum,
1766 1936 1805 1991 ³¹¹¹
1792 1932 1902 1978 ΜΠ*

200 2050 333 2114 canonis
353 2049 527 2131 spiritualis
546 2058 605 2127 est,
622 2056 654 2113 et
677 2048 873 2130 spiritualem
898 2068 951 2112 ex·
1006 2048 1189 2131 interpellat
1203 2067 1260 2130 pro
1279 2048 1383 2129 nohis,
1400 2048 1574 2130 presertim
1594 2068 1692 2131 qutun
1707 2051 1755 2113 di·
1776 2076 1841 2121 nou
1860 2090 1902 2129 m,

200 2148 393 2231 positionem
424 2147 591 2229 requirit:
621 2147 695 2228 quia
723 2166 782 2211 nec
817 2146 950 2227 angelus
1006 2156 1057 2210 eat
1079 2147 1250 2209 loannes:
1274 2146 1468 2210 Advocatum
1493 2147 1646 2210 hahemus
1669 2148 1753 2258 apud
1769 2143 1888 2247 am
1881 2216 1903 2255 k

202 2246 384 2329 corporales
403 2265 517 2309 manus
536 2246 642 2323 hahet,
659 2264 718 2309 nec
744 2244 952 2326 corporaliter
1006 2244 1148 2337 Patrem,
1162 2244 1267 2307 lesum
1292 2242 1450 2307 Christum
1475 2245 1608 2327 justum,
1631 2254 1662 2309 et
1687 2246 1792 2329 ipset.
1807 2268 1828 2309 a

201 2364 312 2409 secum
325 2344 444 2426 aliquid
460 2342 581 2425 profert
594 2344 634 2407 de
649 2343 740 2406 altari
760 2344 799 2407 ad
821 2344 949 2423 aoelum,
1006 2352 1055 2407 est
1077 2322 1262 2426 propitiatio
1284 2361 1341 2425 pro
1362 2343 1502 2425 peccatis
1526 2344 1654 2408 nostris.
1677 2343 1755 2407 Nam

201 2462 303 2525 quum
332 2461 393 2505 nea
421 2441 566 2506 localiter
593 2441 694 2503 instar
720 2458 889 2523 corporum
918 2442 951 2504 in
1007 2442 1091 2505 sicut
1104 2439 1269 2503 Christus
1261 2459 1294 2502 tn
1310 2440 1370 2505 hoc
1386 2450 1586 2506 sacramento
1600 2450 1649 2505 est
1667 2443 1757 2507 dator

201 2550 316 2604 natura
335 2539 463 2623 propria
482 2548 657 2603 moveatur.
674 2539 712 2602 Et
733 2539 815 2602 siout
837 2557 953 2620 corpus
1007 2549 1038 2603 et
1051 2542 1173 2603 donum
1187 2540 1268 2621 (ipse
1283 2539 1370 2602 enim
1385 2540 1439 2602 dat
1460 2540 1552 2603 nohis
1572 2560 1606 2603 se
1625 2540 1755 2621 ipsum),

202 2649 235 2703 et
249 2638 437 2721 sanguinem
452 2637 565 2700 Christi
580 2637 828 2700 substantialiter
842 2656 952 2701 secum
1007 2639 1055 2702 sic
1069 2656 1196 2720 quoque
1211 2644 1259 2699 est
1273 2636 1392 2701 oblatio
1412 2646 1443 2699 at
1461 2637 1594 2719 oblator,
1610 2638 1687 2720 quia
1700 2658 1758 2721 per

204 2756 270 2801 non
291 2735 414 2818 profert
432 2742 505 2798 ante
520 2735 575 2797 oei
596 2743 814 2817 conspectum,
831 2735 876 2798 sia
892 2754 952 2798 nec
1008 2736 1115 2817 ipsum
1139 2736 1179 2797 fit
1203 2733 1398 2797 sacrificium
1421 2744 1564 2798 nostrum
1588 2734 1653 2799 Deo
1673 2736 1756 2799 Patri

203 2852 321 2915 corpus
336 2834 516 2915 mysticum,
533 2833 564 2895 id
579 2840 628 2895 est
643 2832 795 2915 populum
811 2832 953 2896 christia·
1008 2842 1188 2916 acceptum,
1219 2852 1257 2896 eo
1286 2834 1370 2915 quod
1400 2851 1496 2915 opera
1530 2841 1639 2897 nostra
1673 2833 1757 2897 hona

77 2968 91 2995 ο
143 2986 150 2995 .
167 2966 184 3001 ι.
201 2952 293 3011 num,
309 2932 403 3013 cujus
417 2930 557 2995 Christus
571 2939 619 2994 est
634 2938 749 3013 caput3
765 2950 825 2994 nec
842 2950 951 3013 preces
1008 2933 1184 2996 fundentur
1203 2931 1236 2993 in
1259 2930 1372 2995 merito
1392 2931 1473 3012 ejus.

201 3051 240 3095 aa
269 3037 343 3094 vota
370 3029 542 3093 sacerdotis
565 3037 598 3093 et
620 3028 741 3113 populi,
769 3049 867 3111 quum
893 3029 994 3092 istaC
1049 3030 1226 3113 Sequitur:
1248 3033 1284 3091 iu
1308 3032 1445 3092 sublime
1468 3035 1575 3092 attare
1600 3040 1706 3103 tuum,
1726 3032 1757 3094 id

202 3128 269 3191 sint
288 3126 559 3208 accidentiaque
584 3145 649 3192 nou
667 3126 806 3208 migrant
827 3127 867 3191 de
888 3145 953 3191 uno
1009 3131 1106 3193 estin
1122 3130 1228 3213 ipsum
1243 3128 1361 3193 coelum
1376 3148 1573 3211 empyreum,
1590 3128 1624 3191 in
1645 3148 1708 3211 quo
1722 3138 1757 3195 tu

203 3228 237 3291 in
259 3226 346 3289 aliud
368 3224 438 3287 sine
459 3224 622 3306 subiectis.
1009 3228 1192 3310 specialiter
1219 3226 1373 3305 hahitare,
1405 3227 1527 3307 sedere,
1558 3246 1691 3309 regnare
1726 3237 1758 3291 et

242 3324 516 3400 Quemadmodum
544 3322 642 3404 igitur
676 3322 809 3404 angelus
836 3323 953 3386 dicitur
1008 3327 1158 3389 exaudire
1174 3326 1429 3407 cognosceris,et
1443 3326 1518 3388 dum
1534 3325 1639 3407 angeli
1655 3328 1756 3390 sancti

202 3424 289 3487 ferre
311 3440 422 3505 preces
445 3428 477 3482 et
500 3428 574 3484 vota
594 3428 703 3484 nostra
723 3428 796 3483 ante
821 3440 953 3502 conspe·
1009 3423 1086 3485 illuc
1115 3422 1316 3505 perveniunt,
1344 3430 1417 3485 vota
1445 3429 1563 3499 nostra,
1591 3440 1702 3503 preces
1727 3430 1758 3483 et

202 3530 290 3584 ctam
303 3518 525 3597 divinum,seu
541 3518 574 3580 in
585 3518 720 3581 sublime
735 3518 833 3581 altare
844 3518 951 3596 Dei,in
1008 3540 1106 3603 opera
1123 3521 1207 3584 hona
1227 3519 1284 3583 tihi
1303 3518 1456 3596 offerunt,
1474 3521 1510 3580 tu
1524 3529 1693 3597 conspectu
1707 3522 1758 3579 di-

200 3628 359 3701 quantum
379 3636 485 3681 coram
505 3618 569 3681 Deo
587 3617 671 3680 bona
689 3625 797 3680 nostra
817 3637 955 3681 comme·
1009 3622 1095 3680 uiua
1120 3620 1301 3695 majestatis
1325 3628 1401 3687 tuce,
1418 3616 1449 3679 id
1475 3626 1523 3679 est
1542 3636 1649 3680 coram
1674 3616 1757 3680 facie

202 3726 319 3796 morat,
334 3735 392 3799 pro
411 3715 504 3779 nohis
523 3716 709 3797 deprecans,
726 3725 820 3797 atque
839 3717 955 3779 oratio·
1009 3724 1073 3794 tna,
1091 3717 1134 3779 ita
1154 3724 1188 3778 ut
1208 3724 1241 3777 tu
1261 3716 1328 3797 ipse
1347 3716 1514 3797 dignanter
1532 3734 1569 3777 ea
1588 3715 1756 3796 adspicias,

201 3816 256 3878 nis
269 3814 423 3879 effectum
438 3813 612 3895 impetrans
627 3814 761 3877 etnobis
777 3822 952 3895 reportans,
1009 3836 1068 3879 nea
1094 3816 1217 3878 vultum
1239 3823 1329 3877 tuum
1351 3821 1474 3876 avertas
1496 3813 1638 3876 anobis.
1662 3814 1757 3877 Porro

202 3916 289 3978 sicut
309 3914 342 3975 iu
362 3912 495 3975 Actibus
515 3912 738 3994 Apostolorum
760 3913 877 3995 legitur
899 3932 955 3976 an·
1009 3917 1139 3998 quidam
1164 3935 1220 3997 per
1243 3938 1259 3975 a
1281 3914 1417 3978 sublime
1439 3914 1537 3976 altare
1559 3922 1648 3976 tuum
1670 3936 1687 3974 a
1710 3913 1757 3975 in-

45 4015 297 4098 ser.1,a‚gelus
325 4011 444 4075 dixisse
467 4011 623 4091 Cornelio,
649 4010 813 4075 Orationes
839 4021 955 4077 tuaest
1010 4015 1160 4097 telligunt
1194 4013 1374 4091 Christum;
1404 4032 1463 4075 neo
1498 4012 1626 4089 mirum,
1658 4030 1756 4093 quum

40 4100 75 4138 ²¹·
202 4114 416 4193 eleemosyna
444 4118 505 4172 tuae
534 4118 788 4173 commemoratae
817 4120 892 4173 sunt
921 4112 953 4173 in
1010 4113 1185 4177 meandum
1200 4111 1412 4191 Ambrosium,
1426 4111 1588 4175 materiale
1603 4111 1757 4192 templum

201 4219 379 4293 conspectu
400 4210 467 4290 oei,
488 4210 634 4290 quamvis
652 4210 751 4273 Deum
771 4210 816 4273 nil
837 4211 951 4289 lateat3
969 4209 994 4271 D
1010 4213 1115 4296 figura
1129 4212 1170 4274 sit
1184 4210 1311 4275 Christi.
1328 4210 1408 4273 Petit
1423 4229 1497 4292 ergo
1513 4211 1659 4274 sacerdos
1675 4209 1758 4273 obla-

201 4314 253 4375 sic
278 4310 410 4392 angelus
435 4309 518 4372 ferre
546 4308 665 4371 dicitur
689 4327 805 4391 corpus
828 4318 860 4373 et
883 4330 955 4372 san·
1009 4312 1129 4375 tionem
1154 4329 1244 4372 suam
1268 4307 1401 4391 perferri
1427 4327 1485 4391 per
1508 4309 1654 4389 angelum
1681 4330 1698 4367 u
1724 4308 1758 4370 in

199 4410 336 4493 guinem
363 4406 478 4472 Christi
507 4406 540 4469 ln
570 4406 707 4471 sublime
735 4408 833 4471 altare
861 4410 916 4471 Dei
944 4432 950 4470 :
1009 4410 1146 4473 sublime
1171 4409 1269 4471 altare
1295 4431 1324 4486 a,
1345 4408 1376 4469 id
1402 4415 1450 4470 est
1475 4408 1506 4469 ln
1531 4407 1701 4485 Christum,
1723 4416 1758 4470 ut

200 4528 273 4573 non
286 4508 419 4591 quodea
434 4506 684 4570 substantialiter
695 4506 784 4570 tollat
799 4516 831 4570 et
844 4526 953 4570 seeum
1009 4508 1077 4590 ipse
1100 4528 1171 4570 eam
1193 4506 1309 4569 offerat
1331 4506 1423 4583 Patri,
1446 4506 1677 4586 interpellando
1701 4526 1757 4588 pro

198 4614 355 4691 asportet,
381 4606 436 4668 sed
464 4604 542 4685 quia
568 4613 691 4667 tantum
720 4614 953 4669 sacramentum
1007 4606 1112 4686 nohis,
1133 4605 1329 4669 ostendendo
1351 4604 1433 4665 Patri
1454 4603 1536 4665 latus
1558 4612 1589 4667 et
1612 4604 1755 4667 vulnera.

197 4708 271 4770 Deo
298 4722 356 4786 pro
384 4703 477 4765 nohis
504 4702 638 4785 opponit
664 4710 815 4784 tanquam
844 4703 954 4767 eflica-
1012 4709 1051 4767 Ut
1072 4714 1226 4785 quotquot
1246 4704 1492 4778 sumpserimus,
1507 4702 1558 4765 vel
1580 4722 1758 4766 sacramen-

199 4803 370 4870 cissimum
385 4800 526 4863 medium
541 4800 738 4883 adipiscendi
755 4801 888 4882 gratiam
903 4803 954 4864 de
1008 4802 1114 4864 taliter
1125 4802 1174 4863 vel
1191 4799 1405 4882 spiritualiter,
1415 4806 1535 4862 tantum
1549 4800 1756 4882 sacrificium,

198 4905 388 4978 sideratam,
409 4907 440 4962 et
459 4899 681 4980 exstinguendi
700 4898 952 4981 indignationem
1008 4919 1123 4980 nempe
1138 4909 1377 4959 sacrosanctum
1394 4902 1479 4960 Filii
1493 4901 1546 4959 tui
1564 4900 1714 4981 eor†pua
1727 4909 1758 4960 et

198 5022 263 5067 seu
282 5000 362 5062 iram
382 4996 537 5073 divinam,
553 4997 663 5078 sicque
682 4996 879 5060 sacrificium
898 5016 955 5061 no-
1007 4999 1246 5078 san†put'nem,
1259 5018 1300 5056 eor
1325 4999 1384 5056 hac
1401 4998 1658 5076 participatione
1676 5002 1759 5058 alta·

197 5110 306 5166 strum
322 5096 608 5161 recommendando
622 5114 659 5158 ac
675 5096 953 5159 commemorando
1010 5097 1069 5166 ris,
1086 5095 1191 5174 idest,
1211 5114 1280 5175 quae
1301 5094 1339 5156 fit
1358 5094 1389 5156 in
1407 5093 1466 5157 hoa
1486 5094 1589 5171 altari,
1605 5097 1696 5155 omni
1711 5098 1760 5155 be-

199 5218 315 5266 coram
338 5198 414 5277 oea,
440 5202 588 5277 procurat
612 5194 705 5258 nobis
729 5194 827 5276 hujus
851 5213 954 5257 sacra·
1009 5195 1226 5274 ue†dtctioae
1240 5196 1371 5264 caelesti,
1387 5192 1418 5254 id
1434 5200 1482 5254 est
1503 5192 1590 5255 omni
1611 5192 1695 5255 dono
1713 5193 1761 5256 di-

199 5296 306 5367 menti
327 5294 509 5360 fructuosos
530 5291 676 5356 effectus.
693 5292 749 5355 Est
768 5292 866 5373 igitur
884 5312 954 5357 sen·
1011 5291 1087 5357 vino
1102 5309 1166 5373 quo
1180 5292 1219 5354 ad
1234 5290 1374 5355 coelestia
1390 5290 1622 5373 pervenitur,et
1633 5294 1759 5370 pratia,
