4309 6259
457 489 497 535 ur
518 489 607 537 nouis
628 490 763 536 srrarrcs
783 486 901 545 sanari,
923 488 1098 537 rasuraros
1118 492 1162 537 ιιι.
1186 509 1226 521 -
1246 490 1315 537 aar.
1340 489 1416 538 xxm
1648 472 1708 539 225

165 658 235 721 liter
255 658 336 721 scita
357 658 528 741 dupliciter
541 659 738 742 perficiatur,
756 660 858 740 primo
872 666 908 721 ut
922 660 947 721 A
961 658 1106 740 judicare
1130 662 1169 723 de
1194 660 1313 724 divinis
1335 678 1398 723 non
1424 660 1707 742 qualitercumque,

163 757 327 819 veritatem
343 765 428 820 recte
443 757 586 821 inveniat
605 758 656 821 vel
675 766 838 840 agnoscat,
860 778 908 820 se-
961 758 1012 820 vel
1036 778 1095 840 per
1118 758 1221 821 solum
1246 758 1387 821 veritatis
1412 758 1533 822 clarum
1558 759 1709 821 intuitum

163 854 266 915 cundo
281 860 316 915 ut
330 852 371 915 de
391 872 429 916 ea
450 861 572 916 rectum
589 853 749 934 judicium
770 854 905 931 babeat3
960 856 1241 937 (quemadmodum
1258 855 1386 919 moralis
1406 856 1538 919 scientia
1556 856 1626 919 sine
1645 857 1711 919 vita

162 949 258 1011 simili
281 950 376 1013 modo
400 949 480 1013 ratio
505 950 574 1031 ipsa
598 950 707 1012 iubis
730 968 801 1031 quaa
828 949 906 1014 lidei
962 953 1115 1017 virtutum
1134 955 1173 1016 de
1194 954 1288 1017 rebus
1308 953 1454 1034 judicare
1476 962 1580 1036 potest
1601 954 1712 1017 huma·

163 1055 233 1109 sunt
247 1046 421 1129 dupliciter
434 1046 547 1130 perlici
563 1056 645 1129 eget,
663 1048 766 1128 primo
781 1056 814 1110 ut
828 1047 906 1111 lidei
961 1051 1036 1129 nis),
1056 1052 1111 1113 sed
1136 1070 1193 1133 per
1212 1051 1508 1115 connaturalitatem
1529 1053 1568 1115 ad
1589 1052 1709 1131 divina,

162 1144 310 1207 veritates
325 1164 401 1207 sane
416 1164 453 1207 ac
469 1146 528 1208 rite
547 1145 695 1227 accipiat,
711 1146 852 1210 securulo
873 1155 907 1209 ut
961 1148 1022 1211 boc
1035 1158 1086 1211 est
1099 1168 1156 1231 per
1171 1148 1307 1212 allectus
1324 1148 1580 1212 conformitatem
1602 1158 1634 1212 et
1654 1169 1712 1231 gu·

162 1244 200 1305 de
218 1242 299 1323 ipsis
318 1242 497 1305 efficaciter
515 1243 649 1323 judicet,
664 1251 696 1307 et
710 1244 868 1307 credenda
888 1265 907 1308 a
961 1256 1064 1325 stum3
1080 1248 1127 1311 sic
1143 1248 1227 1311 dono
1243 1246 1382 1310 scientiae
1397 1248 1547 1311 convenit
1561 1248 1600 1310 de
1615 1248 1710 1311 rebus

161 1359 224 1405 non
239 1340 408 1403 credendis
422 1340 583 1403 discernat
595 1365 603 1403 ε
615 1359 751 1423 quorum
766 1342 905 1422 primum
961 1346 1075 1409 creatis
1091 1345 1174 1409 ferre
1188 1346 1345 1427 judicium
1362 1364 1426 1409 non
1441 1364 1499 1427 per
1514 1345 1614 1408 solam
1629 1345 1712 1408 veri·

160 1437 197 1500 sat
214 1458 275 1521 per
295 1438 414 1501 donum
435 1438 637 1514 intellectus;
653 1439 830 1502 secundum
852 1458 908 1501 au·
961 1444 1034 1505 tatis
1049 1444 1206 1523 notitiam,
1223 1445 1278 1507 sed
1293 1464 1351 1527 per
1365 1443 1464 1506 animi
1488 1442 1711 1506 rectitudinem

160 1545 221 1599 tem
243 1556 304 1618 per
324 1536 443 1599 donum
462 1536 603 1601 scientiae
622 1544 775 1618 quantum
795 1538 834 1599 ad
857 1557 906 1599 res
961 1542 1046 1604 eirca
1071 1550 1176 1605 creata
1195 1542 1352 1605 credenda
1377 1550 1470 1625 atque
1491 1542 1623 1624 agenda,
1647 1560 1711 1605 non

158 1642 281 1697 creatas
309 1641 403 1714 atque
431 1633 597 1697 humanas.
625 1634 714 1697 Sicut
738 1636 825 1697 enim
850 1654 907 1716 per
961 1648 1104 1702 errauter
1128 1659 1184 1703 seu
1204 1640 1340 1703 inaniter
1359 1660 1395 1703 ac
1415 1639 1619 1722 culpabiliter
1642 1640 1712 1703 tali-

158 1731 323 1814 sapientiaa
355 1731 474 1795 donum
509 1732 550 1795 de
584 1732 717 1812 divinis,
746 1734 793 1797 sic
821 1734 906 1798 dono
960 1738 1020 1800 bns
1035 1738 1254 1819 inherentem,
1271 1739 1326 1800 sed
1346 1739 1427 1801 bene
1450 1757 1487 1801 ac
1510 1738 1650 1801 virtuose
1671 1738 1711 1801 dc

157 1830 301 1894 scientiae
314 1829 396 1892 bene
409 1829 592 1911 judicamus
613 1832 653 1893 de
674 1831 769 1894 rebus
790 1833 905 1896 creatis
923 1837 946 1900 B
962 1836 1041 1918 ipsis
1070 1835 1260 1899 sentientem
1287 1860 1294 1897 :
1320 1836 1405 1917 quod
1435 1854 1504 1899 esse
1533 1854 1597 1899 non
1627 1836 1711 1897 valet

155 1929 214 1991 sub
234 1928 304 1991 fide
326 1927 525 1993 cadentibus.
961 1934 1023 1997 nisi
1048 1954 1105 2017 per
1123 1935 1232 2017 gratia
1252 1934 1446 1997 inlusionem
1465 1934 1645 2015 bonamque
1665 1934 1711 1997 vi-

194 2026 350 2108 Denique,
366 2026 450 2091 sicut
467 2026 636 2109 prudentia
655 2028 778 2107 judicat
798 2030 837 2092 de
859 2048 906 2091 rc·
962 2040 1036 2095 tam
1053 2032 1216 2112 Praeterea,
1234 2033 1339 2095 nullus
1354 2032 1438 2095 douo
1458 2032 1599 2095 scicntia
1621 2032 1712 2095 ador·

155 2126 213 2187 bus
227 2124 380 2189 bumanis
394 2124 569 2189 seeundum
582 2125 741 2208 principia
753 2128 906 2191 naturalis
961 2137 1065 2208 natur,
1081 2129 1144 2191 nisi
1158 2129 1213 2209 qui
1229 2129 1358 2193 caritate
1373 2137 1405 2192 et
1418 2129 1517 2211 gratia
1531 2129 1708 2192 decoratur.

155 2221 290 2287 rationis
312 2242 350 2288 ac
373 2222 467 2307 iuris,
495 2230 528 2285 et
551 2223 727 2286 secuudum
752 2225 906 2287 naturalis
961 2228 1076 2289 Omnes
1098 2245 1224 2309 quoque
1245 2227 1299 2307 qui
1321 2227 1455 2307 gratiam
1476 2227 1605 2307 babent,
1627 2227 1711 2290 douo

154 2320 348 2403 exigentiam
362 2319 452 2398 sanis,
468 2321 512 2383 ita
527 2321 667 2385 scientia
681 2324 802 2385 donum
822 2322 907 2405 judi·
962 2324 1103 2387 scientiae
1119 2324 1240 2387 clarent
1259 2332 1413 2406 quantum
1434 2324 1474 2386 ad
1493 2325 1627 2387 salutem
1647 2326 1712 2388 exi-

154 2427 202 2482 cat
228 2420 272 2481 de
301 2419 422 2482 eisdem
451 2420 626 2482 secundum
655 2422 907 2502 supernaturalia
961 2422 1068 2503 gitur:
1086 2422 1213 2485 namdc
1229 2423 1323 2485 rebus
1342 2423 1455 2485 creatis
1475 2422 1507 2485 in
1529 2430 1650 2485 tantum
1672 2423 1711 2486 ad

153 2515 315 2600 principia
337 2515 414 2579 lidei
436 2516 619 2580 christianae
639 2536 695 2581 seu
721 2519 801 2600 legis
825 2519 907 2581 divi·
962 2520 1069 2581 minus
1097 2519 1274 2582 cllicaciter
1297 2520 1454 2601 judicant,
1480 2522 1564 2602 quod
1589 2540 1643 2583 eas
1671 2522 1711 2584 ab

152 2634 210 2678 uae.
228 2614 320 2678 Unde
335 2632 451 2695 magna
465 2614 591 2677 videtur
613 2616 837 2679 convenientia
858 2618 908 2678 in·
962 2617 1103 2681 increato
1138 2626 1210 2681 ente
1245 2618 1450 2698 disceruuut;
1481 2638 1540 2681 nec
1568 2618 1602 2680 in
1632 2618 1711 2701 ipsis

153 2722 200 2775 ter
214 2712 422 2798 prudentiam
445 2720 540 2794 atque
563 2713 704 2778 scientia
724 2715 855 2793 donum,
872 2716 906 2777 in
962 2714 1063 2779 linem
1093 2735 1162 2778 esse
1193 2718 1395 2780 statuendum
1429 2716 1623 2797 existimant,
1655 2717 1710 2779 sed

154 2819 279 2877 tantum
300 2811 386 2892 quod
404 2810 502 2892 aliqui
522 2811 692 2874 adstruunt
711 2831 775 2877 uon
794 2812 908 2875 distin·
962 2831 1031 2875 esse
1052 2814 1092 2876 ad
1112 2814 1210 2876 Deum
1231 2814 1423 2877 ordinandas
1442 2815 1710 2895 quemadmodum

151 2910 204 2991 gui
230 2928 271 2975 ea
296 2908 490 2988 naturaliter,
516 2909 571 2971 sed
597 2910 700 2973 solum
726 2910 904 2991 modaliter,
962 2912 1088 2994 abipso
1108 2920 1182 2975 suut
1201 2912 1345 2976 condita.
1363 2912 1495 2987 Quidam
1516 2932 1591 2976 vero
1613 2912 1711 2975 subli-

151 3016 265 3091 utputa
292 3007 377 3087 quod
402 3008 485 3069 sicut
507 3008 676 3089 prudentia
703 3018 753 3071 est
780 3009 906 3073 babitus
921 3010 944 3075 (l
962 3010 1056 3075 miori
1072 3012 1240 3093 splendent
1255 3010 1397 3091 scientia,
1414 3010 1459 3074 ita
1481 3019 1514 3073 ut
1538 3010 1638 3073 iidem
1658 3010 1712 3073 dc-

151 3113 241 3169 actua
264 3105 424 3168 humanos
448 3105 591 3187 dirigens
615 3107 791 3169 secundum
816 3116 907 3171 natu·
962 3110 1104 3189 tendere,
1135 3110 1304 3191 explanare
1333 3110 1529 3191 probareque
1558 3108 1709 3191 possint;

152 3201 226 3267 ralis
241 3201 379 3267 rationis
399 3202 570 3281 dictamen,
586 3201 632 3265 sic
654 3203 708 3266 bic
729 3203 797 3285 ipse
818 3204 907 3267 babi·
962 3209 1017 3271 sed
1052 3208 1111 3271 boc
1140 3207 1178 3270 ad
1207 3209 1325 3289 gratias
1352 3209 1451 3291 gratis
1479 3210 1566 3271 datas
1594 3207 1712 3271 dicitur

152 3310 202 3363 tus
216 3308 318 3383 prout
331 3308 420 3361 actus
434 3298 591 3363 bumanos
610 3300 750 3383 disponit
770 3310 803 3363 et
822 3302 907 3382 judi·
961 3306 1133 3387 pertinere.

151 3406 201 3462 cat
240 3398 421 3461 secundum
457 3398 575 3461 divinae
609 3398 690 3479 legis
724 3418 904 3480 censuram,
1000 3404 1107 3486 ltaque
1132 3405 1251 3467 donum
1276 3403 1416 3467 scientiae
1441 3412 1489 3466 est
1508 3403 1634 3468 babitus
1659 3424 1712 3468 su·

150 3497 275 3559 donum
306 3490 445 3558 scientia
472 3495 664 3559 nominetur.
695 3496 755 3559 Sed
784 3496 904 3559 eisdem
960 3502 1172 3584 pematuralis
1201 3502 1348 3583 practicae
1378 3500 1521 3580 rationis,
1548 3520 1566 3563 a
1591 3500 1711 3583 Spiritu

106 3633 135 3663 ,,,
150 3592 334 3657 rationibus
365 3593 481 3674 quibus
505 3593 601 3676 paulo
634 3602 708 3657 ante
740 3602 904 3657 ostensum
961 3598 1101 3662 increato
1123 3596 1259 3677 inlusus,
1275 3598 1330 3679 qui
1350 3598 1390 3660 de
1410 3597 1504 3659 rebus
1530 3598 1644 3660 creatis
1669 3599 1710 3660 ad

149 3700 198 3755 est
225 3693 352 3755 donum
380 3691 507 3754 consilii
536 3710 555 3754 a
583 3692 700 3754 virtute
729 3693 904 3774 prudentia
961 3696 1061 3758 sidem
1096 3695 1311 3778 spectantibus
1341 3694 1588 3759 connaturaliter
1615 3704 1711 3777 atque

146 3788 309 3871 distingui
334 3788 531 3866 naturaliter,
555 3797 660 3871 potest
683 3808 809 3873 quoque
833 3810 905 3873 pro·
961 3794 1073 3857 idonee
1112 3801 1160 3857 est
1196 3793 1401 3875 judicativus.
1438 3793 1709 3868 Quemadmodum

147 3886 217 3949 bari
244 3905 347 3964 nunc,
374 3904 574 3967 nequaquam
598 3887 682 3949 idem
707 3907 778 3951 esse
808 3890 840 3951 in
869 3910 903 3953 re
959 3892 1189 3955 etiamdouum
1204 3892 1329 3956 consilii
1346 3892 1564 3956 fortitudinem
1587 3892 1706 3973 dirigit,

145 3986 273 4049 donum
304 3984 447 4047 scientiae
469 3992 564 4065 atque
588 3984 739 4048 virtutem
767 3988 905 4069 prudeu·
959 3991 1007 4053 sic
1022 3992 1140 4054 donum
1155 3990 1296 4053 scientie
1315 3991 1477 4073 pietatem,
1494 3991 1533 4054 de
1554 4009 1616 4072 qua
1634 4008 1708 4055 mox

146 4084 225 4147 tiae:
249 4081 429 4165 prasertim
453 4101 551 4163 qutun
577 4082 646 4163 ipsa
670 4085 839 4166 prudentia
863 4086 905 4148 sit
960 4088 1156 4167 tractabitur,
1173 4088 1295 4170 dirigit.

145 4182 281 4245 babitus
298 4179 451 4242 naturalis
465 4180 603 4242 naturali
618 4180 734 4243 virtute
756 4182 944 4265 adipisci-l)

146 4279 223 4343 bilis
252 4279 377 4342 donum
393 4294 468 4341 vero
482 4276 624 4341 scientiae
645 4278 687 4342 sit
705 4279 833 4343 babitus
852 4300 904 4344 su-

146 4328 368 4459 pemlaturalis
383 4394 402 4437 a
415 4376 484 4440 solo
497 4375 561 4440 Deo
576 4375 746 4440 donabilis.
1130 4341 1374 4409 ARTIGULUS
1401 4343 1529 4409 xxm·

187 4475 359 4554 Praeterea,
385 4473 469 4537 sieut
495 4492 530 4537 se
558 4473 653 4537 babet
681 4475 902 4557 sapientiam
958 4495 1005 4552 ne
1033 4492 1117 4551 dono
1146 4491 1301 4559 scientie,
1329 4494 1505 4551 secundum
1534 4492 1703 4555 autumem

145 4572 366 4651 intellectum,
381 4571 425 4634 ita
439 4591 473 4635 se
487 4572 584 4634 babet
598 4572 731 4635 scientia
744 4573 784 4636 ad
799 4574 904 4638 consi·
1082 4580 1193 4639 diuini
1213 4582 1362 4640 Doctorts
1382 4580 1578 4640 doctrinam.

145 4671 241 4733 lium.
253 4670 428 4752 Sapientia
441 4668 561 4753 quippe
575 4678 625 4733 est
638 4670 677 4733 de
692 4670 771 4752 ipsis
785 4672 903 4735 divinis

144 4769 311 4835 veraciter
328 4767 472 4849 judicare
489 4791 496 4829 ε
512 4786 648 4849 quorum
667 4769 833 4852 perspicax
852 4790 904 4835 co-
1028 4776 1052 4837 T
1066 4792 1154 4855 vero,
1171 4772 1254 4837 sicut
1268 4774 1387 4837 donum
1404 4774 1583 4837 intellectus
1598 4776 1704 4840 dexte-

144 4868 254 4951 gnitio
269 4866 311 4929 ad
327 4865 508 4929 intellectus
522 4866 661 4949 pertinet
673 4868 805 4931 donum.
814 4868 904 4931 Simi·
1043 4893 1109 4936 ram
1131 4880 1270 4936 nostram
1295 4890 1351 4935 seu
1376 4872 1535 4937 internum
1560 4883 1704 4939 nostrum

146 4968 222 5029 liter
237 4966 364 5029 donum
379 4964 519 5027 scientiae
532 4963 656 5045 judicat
667 4966 707 5027 de
721 4966 870 5029 humanis
894 4991 901 5029 :
958 4973 997 5035 ad
1013 4972 1113 5035 Deum
1127 4989 1291 5033 accessum
1305 4978 1397 5032 ornat
1416 4979 1510 5052 atque
1532 4971 1702 5055 illuminat,

145 5084 292 5149 quorum
307 5062 483 5145 inquisitio,
498 5064 642 5128 inventio
656 5084 712 5127 seu
731 5065 844 5129 notitia
863 5068 903 5129 ad
960 5071 1045 5134 intus
1059 5087 1118 5133 nos
1138 5068 1263 5150 erigens
1284 5076 1317 5131 et
1334 5069 1481 5132 erudiens
1502 5071 1600 5134 Deum
1620 5072 1651 5134 in
1671 5092 1705 5137 se

32 5186 77 5227 aa
103 5183 130 5235 ιι,
145 5166 276 5230 donum
297 5162 425 5227 consilii
445 5171 600 5245 spectant.
615 5164 654 5227 Et
678 5165 761 5228 sicut
784 5166 905 5246 praba·
960 5170 1030 5251 ipso
1052 5176 1083 5230 et
1104 5168 1136 5229 in
1156 5166 1362 5230 multiformis
1383 5168 1534 5231 bonitatis
1554 5190 1618 5233 suae
1637 5190 1706 5233 mu-

32 5248 75 5289 l*
146 5266 257 5331 bitum
280 5270 342 5341 est,
358 5262 444 5342 quod
465 5262 628 5343 sapientiae
647 5264 731 5327 dono
752 5266 906 5348 competit
962 5268 1092 5330 neribus
1107 5265 1335 5347 contemplari,
1352 5266 1449 5328 simili
1470 5268 1565 5330 modo
1586 5268 1706 5332 donum

283 5392 318 5445 T.
335 5394 376 5444 35.
1551 5402 1582 5453 15
