4309 6259
448 497 489 545 na
508 495 599 543 nouis
619 495 753 543 somnos
774 494 892 550 saocrr,
913 491 1089 541 moereres
1108 492 1143 540 ιι.
1165 511 1205 523 -
1225 493 1294 539 aar.
1317 493 1412 541 xxxvi
1649 474 1710 540 tut

170 677 268 746 tmm;
284 666 384 749 aliqui
399 686 438 730 ex
456 666 710 731 consideratione
730 663 908 729 multitudi-
922 663 948 727 Α
964 664 1046 727 inter
1070 672 1275 747 tyrannorum
1300 664 1554 747 persecutionem
1577 671 1610 729 et
1630 684 1711 727 mar-

169 766 216 827 nis
229 764 426 828 credentium
439 766 527 844 (nam
547 773 578 827 et
595 763 773 828 Beroaldus
792 762 909 825 latetur
963 771 1067 844 tyrum
1096 762 1252 825 horrenda
1279 770 1436 826 tormenta
1464 783 1590 847 sempor
1622 762 1711 824 inva-

170 863 226 925 sibi
243 863 342 925 hdem
361 862 476 924 Christi
495 862 613 925 iactam
633 860 818 925 credibilem
837 878 910 942 prc-
963 858 1034 939 luit,
1050 868 1179 942 propter
1199 858 1337 942 gloriosa
1358 868 1390 923 et
1412 880 1537 925 summa
1557 859 1711 923 miracula

169 970 235 1043 pter
251 961 448 1023 credentium
469 959 740 1038 multitudinem);
756 958 855 1039 aliqui
870 978 909 1020 ex
962 976 1034 1038 qua
1047 957 1130 1020 lleus
1144 957 1229 1019 circa
1243 956 1356 1021 fideles
1372 976 1445 1021 suos
1460 958 1593 1021 athletas
1607 967 1712 1021 osten-

169 1058 417 1122 cousideratione
451 1057 701 1134 miraculomm3
737 1055 835 1138 aliqui
871 1074 909 1118 cx
962 1054 1029 1132 dit3
1045 1056 1204 1135 quomodo
1225 1054 1366 1138 Apostoli
1388 1064 1420 1118 et
1441 1074 1640 1119 successores
1659 1071 1712 1117 eo-

168 1155 415 1221 consideratione
434 1154 657 1236 religiosorum
676 1163 707 1217 et
726 1161 908 1216 sanctorum
963 1170 1034 1214 rum
1058 1160 1200 1216 mortuos
1229 1152 1435 1232 suscitabant,
1460 1162 1594 1237 aegrotos
1622 1171 1711 1215 cura-

167 1254 303 1317 vircmm
316 1252 552 1335 quosquotldie
572 1252 681 1315 vident
701 1259 733 1315 ct
753 1251 907 1328 audiuntt
962 1248 1050 1329 bant,
1081 1248 1114 1309 in
1149 1248 1256 1330 iguem
1292 1248 1382 1311 illaesi
1414 1257 1609 1313 manserunt.
1639 1248 1710 1311 llaec

166 1351 258 1433 aliqui
277 1370 315 1413 ex
340 1350 595 1415 consideratione
619 1349 815 1412 mirabilium
838 1367 909 1429 quae
963 1354 1057 1429 atque
1071 1345 1190 1409 similia
1213 1346 1341 1411 infinita
1363 1346 1486 1410 sincere
1505 1364 1710 1428 cognoscere,

166 1450 242 1512 llens
256 1448 475 1512 indesinenter
487 1456 636 1529 operatur
650 1448 683 1509 in
698 1466 804 1510 rerum
818 1455 909 1509 uatu-
963 1444 1001 1506 ad
1018 1444 1194 1507 secundnm
1208 1444 1340 1524 gradum
1355 1444 1430 1507 doni
1446 1444 1626 1508 intellectus
1641 1462 1712 1525 spe-

166 1567 217 1623 ra3
232 1546 332 1629 aliqui
347 1566 386 1609 ex
400 1546 531 1628 speciali
555 1545 774 1627 inspiratione,
790 1544 841 1607 vel
862 1544 910 1607 di·
963 1550 1048 1605 ctare
1069 1541 1194 1623 opinor.

167 1645 236 1707 vina
249 1644 444 1723 visitatione,
460 1652 515 1706 aut
528 1643 626 1706 simili
642 1642 750 1725 alique
768 1641 852 1724 quod
875 1642 908 1703 in
1003 1639 1164 1701 Postremo
1192 1638 1230 1700 ad
1259 1638 1386 1701 tertium
1414 1640 1546 1721 gradum
1574 1640 1645 1721 ejus
1679 1638 1712 1701 id

167 1762 198 1805 sc
211 1742 417 1825 experiuntur
431 1742 480 1805 vel
496 1741 576 1824 ipsis
591 1740 758 1821 contingit.
965 1736 1088 1817 attinet,
1115 1744 1150 1799 ut
1174 1736 1371 1819 singulorum
1400 1738 1477 1801 lidei
1506 1738 1711 1801 articulormn

203 1840 298 1903 Poroo
317 1840 476 1903 secundus
493 1839 610 1920 gradus
623 1837 699 1902 doni
715 1837 907 1917 intellectus,
927 1831 951 1893 B
965 1835 1107 1917 proprias
1123 1835 1260 1898 rationes
1275 1854 1312 1897 ac
1328 1835 1534 1899 fundamenta
1548 1836 1620 1919 quis
1639 1855 1713 1917 pur-

165 1947 211 2001 est
232 1956 346 2001 omnes
370 1938 420 2000 vel
445 1946 530 1999 certe
555 1936 731 2019 praecipuas
755 1936 831 1997 lidei
862 1955 910 1997 ra·
964 1932 1129 2013 gatlssima
1153 1932 1221 1995 acle
1246 1933 1350 1995 valeat
1370 1934 1582 2012 considerare,
1604 1934 1713 2015 sicque

165 2037 262 2099 tiones
293 2035 451 2098 subtiliter
483 2035 653 2116 speculari,
681 2034 790 2117 sicque
823 2042 910 2098 tanto
965 2030 1107 2112 singulas
1132 2030 1209 2093 lidci
1234 2030 1383 2094 veritates
1407 2050 1549 2095 scorsum
1574 2032 1714 2098 subtilis-

165 2134 324 2197 rcbustius
360 2134 394 2195 in
428 2133 506 2195 fidei
542 2132 728 2195 veritatibus
767 2132 908 2212 solidari,
966 2129 1155 2209 simonique
1170 2126 1349 2191 certissimo
1370 2130 1486 2191 mentis
1507 2130 1600 2194 oculo
1619 2142 1713 2213 queat

164 2240 280 2315 quanto
302 2232 489 2313 diligentius
510 2231 587 2296 lidei
613 2231 821 2295 fundamenta
840 2250 911 2313 per·
965 2226 1195 2289 delectabiliter
1209 2225 1366 2308 speculari
1384 2250 1391 2289 ε
1408 2230 1652 2311 contemplando
1667 2231 1714 2293 vi-

164 2331 282 2414 peudit,
292 2330 326 2392 in
341 2338 464 2393 tantum
478 2338 514 2392 ut
527 2329 664 2391 ubertim
678 2329 813 2393 miretur
825 2328 911 2410 quod
965 2325 1082 2388 delicet
1102 2344 1197 2407 quam
1220 2325 1417 2389 rationabilis
1438 2328 1479 2390 sit
1499 2326 1581 2392 lidos
1605 2350 1715 2411 super-

165 2432 244 2493 Deus
271 2438 339 2492 tam
366 2427 586 2510 copiosissime
614 2435 646 2490 et
673 2427 911 2491 evidentissime
966 2422 1233 2485 benedictissima
1248 2423 1420 2503 Trinitatis,
1437 2432 1504 2487 tum
1523 2435 1652 2509 prepter
1670 2436 1716 2491 te-

165 2527 376 2609 dignatusest
395 2525 495 2587 iidem
516 2524 704 2588 catholicam
723 2524 909 2607 approbare.
967 2520 1151 2583 stimonium
1167 2520 1400 2603 Scripturarum
1417 2522 1533 2587 veteris
1546 2523 1714 2606 legis,tmn

164 2627 269 2707 ltaque
300 2624 339 2687 ad
362 2624 448 2686 hunc
471 2624 604 2705 madum
631 2623 707 2687 doni
733 2622 912 2686 intellectus
968 2626 1097 2701 propter
1121 2618 1304 2700 evangelica
1329 2620 1510 2684 testimonia
1535 2630 1567 2685 ct
1589 2632 1715 2706 aposto-

166 2714 304 2805 pertinet
326 2722 411 2784 clare
435 2740 471 2783 ac
495 2727 640 2803 prompte
664 2721 828 2785 advertere
850 2721 913 2783 ori·
968 2716 1031 2780 lica
1044 2718 1246 2798 documenta,
1257 2725 1324 2781 tum
1339 2728 1468 2801 propter
1482 2721 1714 2804 pulcherrimas

164 2822 270 2903 ginem
298 2818 374 2882 fidei
397 2842 405 2880 ι
425 2818 561 2901 qualiter
584 2818 726 2881 Christus
750 2837 850 2901 usque
873 2819 912 2880 ad
968 2816 1190 2898 persuasiones
1214 2834 1251 2879 ex
1274 2817 1394 2880 naturis
1417 2838 1521 2882 rerum
1546 2830 1714 2904 acceptas;

167 2919 349 2999 passionem
362 2924 395 2979 et
408 2924 542 2979 mortem
564 2934 682 2998 paucos
696 2915 833 2980 habebat
847 2935 915 2979 cre-
968 2914 1101 2997 insuper
1115 2915 1294 2977 contuendo
1309 2915 1446 2979 rationes
1460 2915 1537 2980 lidei
1552 2918 1591 2981 de
1614 2918 1716 2983 iucar-

165 3018 299 3093 dentos3
316 3015 474 3096 quomodo
488 3032 600 3077 omnes
617 3014 767 3097 discipuli
786 3010 951 3097 propterC
970 3010 1097 3072 natione
1126 3009 1196 3071 Filii
1224 3010 1291 3091 Dei,
1321 3012 1450 3076 oracula
1476 3013 1714 3097 Pmphetarum,

166 3113 377 3196 ignominiam
404 3110 562 3195 passionis
588 3112 660 3194 ejus
686 3132 706 3175 a
733 3111 798 3175 lide
833 3112 915 3175 ceci·
970 3107 1153 3171 testimonia
1184 3108 1417 3190 Apostolorum,
1447 3112 1717 3179 considerationes

40 3215 333 3293 rm„,„‚demnt,et
346 3210 447 3274 clausi
461 3218 590 3293 prepter
603 3218 723 3273 metum
737 3211 915 3275 ludaomm
970 3204 1174 3269 rationabiles
1199 3207 1315 3289 quibus
1339 3208 1489 3290 probatur
1512 3210 1572 3275 hoc
1594 3213 1718 3276 decuis-

41 3304 68 3345 ¹'·
166 3313 341 3387 sederunt3
356 3309 515 3391 quomodo
529 3308 670 3371 Christus
690 3308 917 3391 quinquagesi-
971 3324 1026 3383 se;
1047 3306 1156 3387 sicque
1175 3306 1214 3367 de
1234 3305 1368 3387 singulis
1389 3306 1467 3371 lidei
1486 3309 1628 3373 articulis
1650 3310 1717 3375 sive

48 3428 216 3481 anamma
237 3409 293 3472 die
314 3408 466 3489 Spiritum
488 3406 639 3469 Sanctum
660 3406 706 3469 eis
729 3407 914 3486 transmisit,
970 3402 1135 3485 particulis
1150 3403 1518 3487 considerandopropria
1532 3406 1718 3473 fundamen·

39 3502 76 3545 ἠ’
165 3508 338 3570 sicutante
351 3504 532 3588 passionem
546 3503 917 3587 pmmisitomniumque
970 3508 1013 3578 ta,
1042 3509 1074 3563 et
1106 3502 1265 3582 quomodo
1298 3519 1379 3583 pene
1414 3502 1494 3565 nihil
1528 3505 1566 3569 de
1594 3507 1717 3570 Christo

164 3606 350 3688 linguarum
372 3622 410 3665 ac
434 3602 667 3683 Scripturarum
690 3602 917 3665 excellentissi-
970 3606 1116 3661 esserunt
1138 3597 1216 3679 quin
1242 3597 1273 3659 id
1297 3598 1465 3663 aVatihus
1489 3603 1607 3666 sanctis
1631 3623 1717 3667 com-

164 3724 248 3767 mem
272 3701 423 3766 notitiam
444 3699 586 3778 tradidit,
611 3707 643 3762 et
667 3700 916 3782 insuperabilem
970 3696 1122 3779 probetur
1141 3696 1349 3777 praedictumt
1366 3700 1524 3779 quomodo
1545 3700 1640 3764 etiam
1663 3722 1716 3764 ve·

163 3801 388 3866 tortitudinem
410 3798 509 3861 menti
528 3797 759 3880 discipulorum
776 3798 917 3877 inludit;
970 3802 1021 3855 tus
1042 3793 1093 3857 lex
1114 3812 1187 3855 cum
1209 3795 1295 3857 omni
1317 3794 1418 3877 gloria
1439 3816 1497 3859 sua
1520 3806 1592 3880 post
1616 3800 1717 3863 Evan-

163 3901 326 3981 quomodo
352 3896 501 3978 discipuli
527 3915 566 3958 ex
592 3896 649 3960 illo
673 3897 817 3960 conclavi
845 3917 916 3960 eru·
968 3890 1044 3973 gelii
1059 3890 1309 3973 divulgationem
1325 3894 1472 3957 cessavit.

164 4007 292 4079 parunt,
330 3995 493 4059 neminem
533 3992 753 4079 formidantes,
788 3996 914 4059 accensi

164 4096 237 4178 igne
265 4093 407 4178 Spiritus
435 4092 553 4171 Sancti,
579 4092 753 4174 allegantes
780 4092 916 4175 Prophe-

164 4205 222 4273 tas,
252 4199 476 4276 perpetrantes
504 4190 670 4271 miracula,
695 4195 955 4258 convertentesl)
1126 4154 1372 4221 ARTICULUS
1399 4158 1557 4225 XXXVI·

165 4311 218 4355 eos
238 4292 281 4354 ad
302 4290 419 4353 Christi
439 4289 656 4352 adorationem
678 4308 715 4352 ac
733 4288 844 4368 iidem,
862 4291 917 4372 qui
973 4306 1050 4372 Qooo
1068 4304 1233 4363 beatitudo
1253 4308 1502 4381 correspondeat
1521 4311 1604 4371 dono
1625 4313 1719 4373 totot.

165 4390 260 4471 paulo
295 4397 371 4451 anta
403 4405 459 4450 ora
490 4396 521 4450 et
552 4406 666 4449 manus
698 4386 846 4450 laxabant
878 4390 917 4451 ad
1012 4396 1112 4453 tectus
1125 4413 1140 4461 ,·
1164 4396 1319 4471 quomodo
1348 4396 1447 4455 ctiam
1475 4400 1556 4473 fides
1584 4403 1719 4463 dicatur

164 4488 283 4551 Christi
309 4484 541 4567 blasphemiam
564 4492 657 4565 atque
679 4484 917 4549 acerbissimam
1011 4484 1144 4559 fructus
1164 4483 1245 4541 doni
1265 4484 1457 4545 intellectus.

164 4587 365 4651 occisionem
389 4606 397 4645 ε
419 4583 504 4663 quod
524 4591 646 4645 certum
667 4592 717 4645 est
737 4584 807 4646 sine
824 4584 919 4647 mira-

164 4686 248 4750 oulis
267 4682 418 4746 maximis
440 4680 511 4745 lieri
531 4698 595 4745 non
615 4681 772 4762 potuisset
787 4700 919 4763 quomo
1041 4676 1186 4758 llPLlUS,
1207 4678 1357 4759 quoniam
1382 4680 1562 4747 intellectus
1586 4686 1640 4767 qui
1664 4689 1720 4755 do-

164 4786 205 4847 do
234 4784 372 4863 insuper
398 4780 481 4843 Deus
507 4798 566 4861 pcr
592 4798 710 4861 paucos
738 4780 916 4862 Apostolos,
1056 4794 1133 4837 uum
1148 4784 1206 4853 est,
1223 4784 1361 4839 mentam
1376 4779 1633 4865 purificatatque
1647 4784 1720 4849 illu·

165 4884 253 4947 vims
280 4879 458 4962 simplices,
480 4896 646 4959 pauperes,
667 4877 844 4957 illiteratos,
864 4880 919 4942 ah-
973 4882 1060 4953 strat‚
1082 4874 1248 4956 divinique
1269 4876 1348 4939 radii
1371 4895 1520 4959 capacem
1541 4884 1715 4965 constituit,

164 4983 269 5063 jootos
285 4987 320 5041 ot
340 4978 541 5059 impotentes,
557 4977 741 5039 universum
763 4980 917 5041 mundum
973 4975 1044 5037 ideo
1059 4981 1146 5036 sexta
1160 4973 1334 5054 beatitudo,
1352 4975 1511 5058 videlicet,
1527 4980 1612 5043 Beati
1628 5002 1719 5047 muu-
1732 5009 1864 5060 notram.

165 5080 227 5143 sihi
251 5076 405 5157 subjecit,
422 5074 632 5137 idololatriam
653 5075 849 5157 exstirpavit,
873 5085 919 5139 at·
973 5073 1013 5136 do
1037 5072 1143 5148 corde,
1170 5072 1320 5153 quoniam
1344 5073 1406 5156 ipsi
1430 5074 1527 5138 Deum
1552 5078 1717 5164 videbunt,

164 5198 228 5261 que
258 5172 511 5239 innumerabiles
538 5172 684 5235 homines
712 5174 752 5235 ad
781 5174 918 5238 morien·
972 5171 1056 5234 douo
1082 5169 1261 5232 intellectus
1286 5173 1464 5253 respondet.
1491 5173 1524 5236 ln
1550 5176 1609 5239 hac
1631 5180 1718 5244 enim

164 5278 243 5340 dum
260 5272 401 5355 prolide
415 5269 647 5349 inflammavit3
662 5272 821 5352 quomodo
835 5272 917 5335 lidos
973 5268 1180 5347 beatitudine,
1211 5268 1293 5331 sicut
1320 5268 1355 5331 in
1390 5272 1515 5354 ceteris,
1545 5293 1643 5337 unum
1670 5288 1719 5345 cst
