4309 6259
458 473 519 539 536
743 493 783 539 ult
802 491 960 540 PRAEGONIO
980 492 1017 538 ll'l*
1037 490 1201 538 blostreis
1222 490 1338 549 unuln,
1361 491 1448 537 Llllllll
1468 492 1513 538 lll.
1535 510 1576 521 ···
1596 492 1666 539 Aur.
1688 492 1724 539 lll

460 663 501 726 sti
519 664 622 727 llariae
644 663 794 727 sanctitas
818 671 949 726 eatenus
973 660 1208 743 appropinqua·
1222 660 1248 722 A
1263 658 1310 723 ria
1330 660 1464 725 censeri.
1481 662 1613 727 Credere
1634 682 1751 746 nempe
1774 670 1898 747 oportet
1917 682 1995 727 acce-
2004 690 2084 735 rm

460 761 560 843 vit,ut
573 762 710 845 amplius
724 761 937 845 propinquare
952 760 1104 823 sanctitas
1119 758 1208 821 nulla
1262 758 1389 821 dentem
1405 760 1443 821 ad
1458 759 1557 823 Deum
1571 760 1646 843 quia
1659 770 1718 841 est,
1726 770 1758 823 et
1772 760 1994 843 inquirentibus

460 861 577 945 possit,
595 860 642 924 sic
656 860 934 943 comprehensioni
948 860 1064 922 animae
1079 858 1205 938 Christi,
1262 875 1296 919 se
1319 866 1535 921 remunerator
1556 858 1606 921 sit.

460 979 530 1042 quae
544 959 656 1022 viatrix
670 978 833 1040 nunquam
847 957 978 1036 exstitit,
994 958 1079 1019 inter
1092 956 1207 1038 agniti·
1302 956 1526 1020 Verumtamen
1561 976 1633 1039 spes
1664 976 1702 1019 ex
1729 958 1867 1036 duobus,
1896 966 1993 1041 utputa

459 1076 554 1122 onem
569 1057 726 1120 viatorum
740 1056 843 1120 Mariae
857 1056 934 1119 odei
947 1056 1068 1137 agnitio
1084 1054 1208 1117 similli-
1261 1052 1316 1115 Dei
1338 1053 1438 1135 gratia
1462 1055 1663 1138 propriisque
1686 1056 1820 1133 meritis,
1836 1058 1992 1138 procedere

459 1174 512 1217 ma
529 1164 617 1233 erat;
633 1156 765 1237 ipsaque
786 1153 1034 1235 profundissime
1056 1151 1208 1234 cognovit
1261 1151 1455 1232 perhibetur.
1472 1153 1533 1215 Sed
1548 1153 1608 1216 hoc
1624 1154 1664 1217 de
1678 1173 1734 1236 spe
1748 1154 1887 1217 formata
1899 1172 1993 1236 opera-
2108 1208 2109 1221 .

458 1254 543 1334 quod
558 1254 592 1315 in
606 1272 644 1316 ea
663 1252 803 1334 itemque
822 1271 880 1334 per
899 1270 970 1314 eam
991 1259 1022 1313 et
1042 1269 1080 1313 ex
1102 1270 1140 1313 ea
1159 1249 1205 1312 la·
1261 1248 1409 1332 tioneque
1428 1250 1496 1333 spei
1511 1251 1647 1334 intelligi
1670 1272 1726 1334 par
1747 1260 1806 1316 est.
1823 1253 1902 1334 Spes
1919 1272 1993 1314 nam-

457 1359 544 1415 ctum
571 1359 631 1413 est.
657 1350 839 1429 Enimvero,
864 1351 941 1412 dum
969 1349 1201 1425 universorum,
1260 1366 1322 1429 quc
1337 1348 1405 1411 sine
1419 1348 1519 1429 gratia
1533 1367 1603 1413 esse
1618 1350 1738 1431 nequit,
1746 1358 1778 1412 et
1787 1350 1820 1411 in
1836 1350 1919 1413 malo
1932 1370 1993 1432 spes

455 1450 535 1513 hora
561 1449 719 1532 passionis
741 1448 832 1528 lusti,
858 1447 941 1511 iides
965 1447 1204 1511 contabesceret
1260 1464 1335 1508 vera
1349 1464 1413 1509 non
1428 1448 1652 1528 est:quoniam
1667 1468 1739 1530 spcs
1754 1448 1846 1531 impii
1862 1458 1993 1530 tanquam
2002 1466 2083 1523 αμα

455 1556 550 1629 atque
578 1546 741 1625 deiiceret,
768 1555 822 1611 tua
848 1547 1020 1624 dumtaxat,
1047 1564 1067 1609 o
1095 1545 1199 1623 Μανία,
1260 1542 1376 1626 lanugo
1401 1552 1449 1607 est
1472 1563 1543 1625 quae
1567 1566 1586 1608 a
1610 1554 1707 1610 vente
1732 1546 1868 1627 tollitur,
1885 1555 1916 1611 ct
1937 1557 1994 1610 tau

455 1644 538 1708 fides
557 1645 813 1709 constantissima
836 1645 1089 1725 inconcussaque
1114 1662 1203 1707 man·
1259 1660 1353 1722 quam
1369 1661 1481 1723 spuma
1501 1644 1631 1724 gracilis
1651 1664 1722 1725 quae
1744 1664 1763 1707 a
1783 1646 1922 1727 procella
1941 1646 1995 1707 dis-
2109 1656 2110 1683 ³

455 1744 506 1821 sit,
523 1762 628 1825 neque
641 1744 681 1806 de
695 1743 767 1806 Filii
782 1742 828 1805 tui
844 1761 917 1805 mox
932 1742 1047 1805 luturis
1062 1761 1202 1805 resurre-
1259 1739 1411 1820 pergitur,
1432 1749 1465 1803 et
1487 1748 1637 1822 tanquam
1659 1741 1767 1806 fumus
1791 1742 1848 1824 qui
1872 1762 1892 1806 a
1912 1752 1993 1806 vento

454 1842 560 1905 ctione
574 1849 606 1903 et
619 1842 807 1904 ascensione
821 1840 1020 1921 aliquatenus
1035 1840 1198 1903 haesitasti.
1220 1834 1243 1896 B
1259 1836 1398 1900 dillusus
1412 1846 1471 1916 est,
1487 1846 1520 1902 et
1534 1847 1685 1920 tanquam
1700 1841 1853 1904 memoria
1871 1841 1992 1924 hospitis

453 1940 540 2003 Dona
560 1958 686 2021 quoque
707 1938 858 2001 Paracleti
877 1958 948 2020 quae
971 1939 1009 2000 ad
1030 1937 1109 2001 lidei
1132 1958 1203 2019 per·
1258 1936 1352 1998 unius
1367 1935 1429 1999 diei
1449 1937 1679 2019 pretereuntis.
1696 1938 1879 2017 Enimvero,
1896 1940 1946 2021 qui
1965 1941 1992 2000 in
2009 1966 2089 2019 rpem

453 2038 627 2101 lectionem
643 2037 815 2119 pertinent,
826 2036 1078 2099 eminentissime
1094 2035 1203 2098 sortita
1258 2033 1404 2096 sordibus
1418 2036 1655 2116 permanet,qui
1668 2038 1824 2099 mundum
1839 2046 1871 2100 et
1884 2056 1920 2100 ea
1933 2057 1993 2118 que
2005 2030 2089 2130 ξω

454 2155 499 2199 es.
529 2135 665 2216 Ideoque
692 2135 734 2197 ob
762 2133 839 2197 fidei
867 2136 1014 2197 decorem
1042 2134 1202 2214 totiusque
1257 2131 1290 2193 in
1316 2132 1435 2196 mundo
1459 2142 1543 2212 sunt,
1570 2134 1685 2216 diligit,
1711 2135 1766 2215 qui
1791 2154 1849 2217 per
1874 2136 2029 2217 justitiasu

455 2234 596 2316 corporis
611 2252 647 2296 ac
662 2233 780 2296 mentis
794 2233 1048 2314 compassionem
1066 2233 1203 2295 acerbis·
1258 2229 1385 2292 semitas
1401 2249 1465 2293 non
1479 2232 1633 2313 graditur,
1650 2252 1684 2295 se
1699 2240 1803 2295 tamen
1819 2234 1852 2295 in
1871 2234 1994 2297 Domino

455 2333 567 2395 simam
582 2340 677 2413 atque
693 2338 878 2410 materam,
894 2350 964 2412 quae
979 2331 1013 2393 in
1027 2331 1137 2393 dilecti
1158 2331 1202 2394 tui
1258 2346 1386 2409 sperare
1410 2329 1535 2409 asserit,
1552 2330 1714 2407 mentitur,
1735 2330 1899 2412 Derunque
1921 2332 1995 2412 inju

455 2438 557 2493 morte
584 2429 766 2511 turpissima
793 2428 862 2507 tibi,
888 2448 907 2492 ο
935 2428 1040 2506 blaria,
1064 2429 1200 2509 inerant,
1257 2434 1341 2487 stum
1363 2425 1453 2504 lacit,
1470 2434 1565 2507 atque
1584 2426 1742 2490 fallaciter
1760 2429 1924 2510 presumit
1938 2454 1945 2493 :
1961 2430 1995 2491 si-

456 2528 759 2592 convenientissime
783 2528 868 2608 quod
889 2526 1043 2608 scriptum
1064 2534 1114 2589 est
1132 2545 1203 2608 pro
1256 2524 1386 2604 quidem
1409 2524 1597 2587 maledictus
1619 2525 1672 2606 qui
1694 2535 1806 2607 peccat
1826 2526 1861 2589 in
1883 2547 1947 2610 spe.

309 2626 516 2696 caer.1‚s.lari
535 2625 664 2690 valebas
681 2649 687 2687 :
704 2624 799 2707 Nigra
821 2645 904 2703 sum,
921 2625 974 2687 sed
996 2623 1147 2704 formosa,
1165 2624 1203 2687 li·
1296 2620 1448 2695 Quoniam
1471 2622 1579 2705 itaque
1600 2642 1684 2706 spes,
1706 2632 1793 2687 certa
1812 2626 1996 2708 exspectatio

455 2723 506 2787 liar
533 2724 719 2801 Jerusalem,
750 2722 834 2785 sicut
861 2720 1063 2785 tabernacula
1091 2722 1200 2800 Cedar,
1256 2728 1381 2783 eternae
1400 2719 1605 2783 beatitudinis
1624 2740 1662 2783 ex
1680 2720 1789 2783 divina
1810 2724 1913 2804 gratia
1935 2744 1997 2805 spe

455 2821 539 2884 sicut
552 2821 652 2902 pelles
667 2819 856 2884 Salomonis.
868 2820 964 2900 Cujus
978 2818 1201 2883 olluscationis
1256 2818 1416 2899 rantisque
1441 2818 1563 2881 meritis
1591 2818 1813 2900 proficiscens,
1839 2820 1995 2901 delinitur,

454 2938 583 2982 causam
610 2919 750 2981 insinuat
774 2918 858 2999 quod
886 2925 958 2999 post
985 2938 1087 3000 pauca
1114 2918 1201 2999 adje-
1256 2917 1409 2979 elucescit
1423 2934 1461 2980 eo
1475 2917 1742 2998 praestantissimae
1756 2918 1898 3001 Virginis
1916 2939 1995 3001 spem

348 3036 439 3081 uus.
454 3024 540 3080 ctum
560 3024 631 3079 est:
648 3016 719 3079 Filii
744 3016 854 3078 matris
878 3035 956 3077 meae
979 3025 1201 3098 pugnaverunt
1219 3010 1241 3073 C
1257 3014 1474 3078 sublimiorem
1496 3012 1607 3095 luisse,
1624 3034 1687 3096 quo
1708 3015 1742 3077 in
1763 3036 1802 3079 ea
1819 3017 1919 3098 gratia
1939 3017 1998 3099 ple
2112 3074 2113 3079 ,

453 3122 565 3177 contra
587 3134 648 3176 me.
674 3115 860 3195 Pugnabant
887 3132 1002 3196 nempe
1032 3123 1142 3177 contra
1172 3122 1200 3176 te
1257 3112 1329 3174 nior
1357 3111 1484 3191 vitaque
1512 3113 1653 3175 sanctior
1679 3112 1885 3177 exsistebant.
1912 3116 1997 3178 Porro

451 3211 514 3273 lilii
540 3212 722 3293 synagogas,
743 3231 850 3290 carne,
871 3231 935 3275 non
961 3212 1087 3293 spiritu,
1114 3212 1203 3275 aule-
1257 3208 1327 3291 ipsa
1341 3210 1459 3272 nedum
1474 3209 1587 3290 gratia,
1604 3210 1658 3272 sed
1672 3210 1781 3290 gratiae
1795 3230 1922 3293 quoque
1940 3213 1998 3295 ple

451 3316 558 3373 rentes
573 3308 628 3371 tibi
645 3310 776 3372 unicum
797 3309 913 3372 Filium
937 3318 1036 3390 tuum,
1053 3317 1147 3392 atque
1168 3317 1200 3372 te
1256 3308 1414 3387 nitudine,
1432 3308 1496 3370 imo
1513 3307 1582 3389 ipso
1596 3308 1694 3370 totius
1708 3310 1817 3390 gratita
1833 3310 1930 3373 Fonte
1944 3312 1999 3392 ple

451 3415 626 3488 spectante,
643 3407 730 3489 ligno
751 3427 824 3470 eum
847 3405 1026 3489 alligantes.
1256 3424 1297 3467 na
1316 3404 1398 3481 luit3
1414 3423 1519 3485 neque
1542 3412 1614 3486 post
1632 3405 1703 3467 Filii
1730 3406 1779 3468 sui
1805 3408 1997 3471 sanctitatem

1256 3503 1445 3583 creatam,in
1458 3502 1607 3566 universo
1620 3504 1772 3567 sanctitas
1785 3506 1894 3588 aliqua
1906 3506 1998 3590 ipsius
2113 3510 2114 3525 ¹

659 3662 905 3727 ARTIGULUS
929 3662 989 3725 HL
1256 3600 1426 3779 2:1¹3ququ
1429 3601 1664 3761 acqrpiparabilis
1690 3610 1791 3665 exstat
1814 3626 1822 3666 :
1849 3623 1906 3686 spe
1930 3624 1998 3686 ergo

493 3813 540 3872 De
562 3812 686 3870 virtute
709 3812 778 3885 spei
806 3811 951 3885 viminis
977 3810 1159 3871 benedictae,
1294 3797 1405 3860 Adhuc
1421 3804 1586 3877 autem,ex
1600 3796 1824 3861 familiaritatis
1840 3802 1999 3883 experien-

1255 3896 1310 3973 tia,
1341 3902 1536 3959 secretorum
1567 3896 1772 3977 revelatione,
1802 3898 1998 3980 ubertimque

381 4018 439 4066 ¹11,
524 3998 744 4065 ESPICITE,
758 3997 837 4072 filii,
853 3996 1002 4055 nationes
1019 3997 1200 4067 dominum,
1256 3999 1380 4074 gustata
1394 3993 1523 4056 alterius
1537 3993 1688 4071 bonitate,
1705 4014 1778 4077 spes
1793 3996 1895 4060 oritur·
1909 4008 1998 4079 atque

539 4103 569 4153 et
583 4096 694 4153 scitote
708 4095 787 4172 quia
803 4098 917 4153 nullus
930 4095 1074 4169 speravit
1090 4097 1126 4155 in
1139 4098 1202 4157 Do·
1256 4098 1398 4171 augetur.
1412 4089 1486 4164 Quis
1501 4099 1606 4154 autem
1623 4092 1669 4155 sic
1684 4093 1790 4175 magni
1806 4096 1934 4158 consilii
1948 4116 1999 4157 an
2020 4109 2043 4150 a.
2055 4118 2075 4145 a
2087 4104 2098 4141 r.

451 4194 541 4253 mino
556 4202 586 4252 et
601 4193 757 4268 confusus
771 4201 827 4251 cst.
846 4194 925 4260 Quis
943 4194 1030 4252 enim
1045 4212 1199 4268 perman·
1216 4187 1240 4250 D
1255 4187 1327 4268 gelo
1355 4187 1479 4252 Christo
1513 4188 1647 4252 Domino
1675 4189 1841 4255 familiaris
1869 4194 1996 4269 exstitit,
2008 4164 2098 4228 *mm

450 4293 494 4352 sit
520 4292 558 4350 in
583 4291 751 4349 mandatis
775 4290 857 4366 ejus,
873 4299 904 4349 et
927 4292 1105 4350 derelictus
1127 4293 1201 4351 est?
1255 4286 1520 4367 quemadmodum
1550 4288 1717 4368 praeeleota
1740 4289 1805 4367 illa,
1831 4290 1999 4373 singularis

448 4393 519 4452 Aut
553 4388 626 4466 quis
661 4388 824 4446 invocavit
856 4388 965 4455 illem,
994 4395 1024 4445 et
1051 4388 1199 4463 despecte
1254 4402 1291 4446 ac
1306 4384 1411 4462 unica,
1428 4404 1497 4466 qua
1516 4404 1589 4448 eum
1611 4388 1759 4469 concepit
1780 4395 1812 4451 et
1832 4389 1943 4469 edidit,
1959 4392 2000 4453 la-

449 4487 545 4547 eum?
560 4482 674 4546 Tribus
685 4482 911 4545 exsistentibus
925 4482 1096 4545 virtutibus
1112 4485 1200 4548 thee
1254 4482 1353 4544 stavit
1370 4490 1402 4546 et
1421 4484 1459 4545 ad
1486 4484 1684 4547 incrementa
1708 4504 1809 4566 usque
1834 4488 1998 4568 perduxit!

448 4583 573 4664 logicis,
589 4600 660 4662 quae
673 4580 716 4643 ob
729 4579 762 4642 id
781 4580 866 4660 quod
887 4580 986 4642 lleum
1008 4599 1066 4662 pro
1088 4581 1200 4645 imme·
1253 4579 1327 4653 Quis
1352 4582 1481 4644 demum
1506 4581 1551 4645 sic
1574 4581 1630 4645 Dei
1655 4584 1808 4647 adorandi
1831 4585 1999 4649 bonitatem

448 4682 534 4745 diato
548 4680 675 4760 objecto
695 4678 814 4741 sortite
835 4686 920 4756 sunt,
938 4678 1124 4760 theologice
1145 4701 1199 4763 ap-
1253 4696 1457 4760 amoremque
1485 4688 1632 4761 expertus
1661 4690 1708 4743 est
1733 4689 1764 4745 et
1788 4684 1930 4764 gustavit
1957 4685 2000 4747 uti

448 4778 619 4861 pellantur,
637 4775 742 4857 palam
757 4783 806 4837 est
824 4774 934 4857 utique
956 4795 1065 4838 earum
1088 4796 1199 4840 unam·
1253 4780 1334 4860 ipsa,
1352 4777 1445 4858 cuius
1461 4778 1514 4841 ille
1528 4776 1617 4840 iilius
1632 4798 1703 4841 esse
1718 4798 1782 4843 non
1798 4781 1934 4857 horruit,
1951 4783 1999 4846 cni

448 4894 607 4958 quamque
631 4873 808 4936 secundum
833 4872 1043 4936 substantiam
1069 4893 1107 4936 ex
1131 4876 1198 4938 sola
1253 4896 1287 4938 se
1303 4884 1366 4938 tam
1382 4876 1494 4939 intime
1510 4876 1688 4958 conjunxit,
1705 4885 1737 4941 et
1752 4878 1827 4942 item
1843 4900 1918 4945 cum
1941 4900 2000 4963 qua

449 4973 505 5036 Dei
520 4990 649 5034 manare
665 4971 851 5052 causarique
866 4971 1113 5054 gratia:quippe
1127 4992 1198 5054 qua
1253 4972 1390 5054 primum
1410 4973 1443 5035 in
1462 4974 1554 5037 terris
1575 4976 1756 5038 conversari
1779 4977 1899 5059 elegitl
1915 4980 2001 5043 Pror-

449 5071 576 5134 habitus
591 5068 689 5132 inlusi
706 5068 893 5148 consistunt,
909 5071 1032 5135 etitem
1047 5072 1195 5134 meritum
1253 5091 1306 5133 sus
1322 5090 1397 5152 ergo
1412 5071 1588 5134 ineffabilis
1603 5080 1697 5155 atque
1717 5074 1861 5155 perlecta
1881 5078 2001 5141 exstitit

450 5188 545 5234 omne
566 5166 776 5251 praeveniunt.
792 5167 900 5250 Neque
921 5169 1006 5230 enim
1028 5169 1097 5231 sine
1117 5168 1194 5250 lide,
1252 5168 1369 5232 divinae
1391 5188 1463 5250 spes
1485 5169 1664 5233 Genitricis.
1696 5216 1701 5227 .

451 5288 508 5351 spe
526 5275 557 5331 et
576 5266 718 5345 caritate,
734 5265 839 5346 aliqua
860 5265 944 5328 valet
964 5266 1047 5331 actio
1069 5268 1196 5331 merito
1293 5268 1332 5330 At
1346 5286 1432 5345 vero,
1443 5285 1506 5347 quo
1520 5268 1642 5331 homini
1657 5270 1792 5352 proprie
1807 5274 2000 5339 conditionis
