4309 6259
399 499 440 546 αα
459 499 617 547 νααααανα
637 500 858 548 marcomire
877 500 994 559 narn,
1016 502 1105 549 νναανν
1126 502 1146 548 ν.
1170 520 1208 532 -
1230 502 1301 549 aar.
1324 502 1377 560 xx,
1399 502 1454 549 xxv
1645 480 1701 547 491

151 686 314 750 persecu
327 668 430 733 nihilo
443 670 519 751 egit,
527 670 711 752 cunctisque
724 671 844 753 absque
858 671 904 733 in·
917 670 943 733 Α
959 691 1059 734 unum
1088 672 1121 733 in
1150 691 1296 754 persona,
1326 690 1390 736 non
1419 672 1504 735 idem
1532 670 1565 733 in
1593 677 1706 733 natura

152 768 322 847 termedio,
338 787 409 831 esse
427 776 459 831 et
476 770 618 851 speciem
632 769 730 851 gratis
745 770 901 851 prestitit,
958 772 1098 852 quoque)
1127 790 1201 834 eum
1230 770 1299 853 ipsa
1326 770 1452 834 Creator
1479 770 1615 833 effectus
1644 776 1703 831 est.

154 866 203 928 nil
219 884 349 947 prorsus
368 866 487 929 sinete
506 876 538 929 et
558 876 612 930 tua
633 868 903 949 cooperationo‚o
998 868 1150 950 Denique,
1169 870 1297 948 eoelum,
1314 870 1372 947 sol,
1394 869 1479 946 luna,
1502 869 1605 932 sidera
1629 885 1706 949 quo-

156 964 333 1045 superfelix
345 964 451 1045 Μανία,
468 984 614 1047 ναρανανα
629 966 750 1029 etitem
770 966 903 1031 relicere
958 986 1031 1050 quc,
1038 976 1070 1031 et
1085 967 1155 1050 ipsa
1169 967 1265 1031 etiam
1279 967 1436 1031 elementa
1450 966 1586 1048 coelique
1601 966 1704 1048 signa,

154 1062 270 1126 voluit.
286 1063 329 1125 l'e
344 1061 431 1125 enim
445 1064 571 1127 bonitas
584 1064 655 1145 ejus
670 1063 767 1145 elegit
781 1072 813 1127 et
826 1083 905 1145 praa
959 1066 1082 1129 etitem
1097 1066 1201 1129 omnis
1221 1066 1380 1129 mundana
1401 1072 1555 1142 creatura,
1572 1083 1643 1146 quea
1663 1064 1705 1127 ob

155 1161 266 1243 elegit,
282 1160 392 1224 dilexit
412 1169 444 1224 et
462 1160 656 1244 praedilexit3
673 1162 754 1224 bene
777 1180 904 1243 quoque
959 1164 1019 1227 boc
1034 1163 1067 1225 in
1082 1163 1297 1227 ministerium
1318 1163 1441 1228 cunctis
1460 1162 1608 1245 gentibus
1630 1180 1705 1225 con·
1719 1180 1852 1231 amima.

39 1286 44 1315 ν
68 1272 80 1314 ·.
116 1286 138 1321 v.
155 1258 221 1321 sibi
236 1259 271 1319 in
284 1266 315 1321 te
330 1259 532 1341 complacuit.
548 1259 587 1321 llt
600 1260 654 1340 qui
670 1260 799 1322 demum
818 1278 905 1323 crea·
960 1262 1026 1325 dita
1039 1270 1129 1325 erant
1144 1270 1178 1323 ut
1191 1261 1251 1325 soli
1266 1262 1329 1324 Deo
1347 1260 1444 1324 bomo
1465 1268 1591 1343 pareret
1611 1268 1704 1342 atque

40 1368 46 1377 ·
154 1358 206 1419 vit
227 1365 268 1435 te,
284 1356 439 1437 requievit
461 1357 495 1418 iu
515 1358 719 1421 tabernaculo
741 1366 795 1420 tuo
809 1381 817 1435 ;
833 1376 906 1439 pro-
961 1360 1105 1439 serviret,
1121 1360 1154 1423 in
1175 1359 1405 1443 ignobilitatem
1424 1358 1594 1439 quamdam
1617 1358 1707 1420 inde-

156 1455 280 1536 diitque
294 1474 332 1517 αν
347 1455 515 1518 castissimi
529 1455 814 1536 fecundissimique
829 1476 906 1519 ven·
961 1460 1162 1540 centiamque
1195 1458 1342 1541 prolapsa
1376 1457 1577 1535 videbantur,
1608 1476 1707 1538 quum

155 1554 216 1615 tris
230 1552 276 1615 tui
290 1554 396 1616 medio
418 1552 452 1615 in
473 1572 548 1615 vera
568 1553 774 1631 humanitate,
790 1554 845 1635 qui
867 1574 906 1617 ex
960 1557 1025 1638 jam
1040 1574 1105 1619 non
1120 1556 1253 1620 deicolis
1268 1564 1362 1637 atque
1381 1554 1545 1635 fidelibus,
1564 1555 1618 1617 sed
1642 1555 1709 1618 ido-

155 1650 332 1733 purissimo
346 1670 383 1714 αα
404 1651 638 1733 superfecundo
656 1653 751 1715 corde
773 1660 904 1732 paterno
962 1654 1082 1716 lolatris
1097 1652 1341 1727 ministrabant,
1359 1653 1413 1715 sed
1429 1670 1486 1733 per
1500 1660 1579 1728 te,o
1600 1651 1707 1731 Μανία,

154 1747 287 1810 effinxit
314 1747 347 1809 in
376 1768 451 1811 vera
479 1748 655 1829 divinitate,
681 1758 905 1831 perseverante
962 1751 1138 1814 naturalem
1152 1751 1256 1813 denuo
1275 1750 1520 1832 generositatem
1542 1750 1711 1812 naturalis-

155 1846 261 1910 nibilo
282 1847 389 1909 minus
407 1847 576 1929 utrobique
597 1847 821 1930 personalitate
842 1868 906 1910 una
922 1847 945 1908 B
961 1869 1023 1931 que
1038 1848 1249 1912 institutionis
1264 1848 1364 1911 finem
1382 1868 1416 1911 se
1429 1848 1568 1930 gaudent
1582 1848 1707 1929 adepta,

152 1955 254 2027 atque
275 1946 395 2009 divina.
961 1947 1037 2010 dum
1054 1947 1173 2027 lumen,
1184 1947 1377 2009 Salvatorem
1392 1954 1425 2009 et
1438 1946 1606 2008 Dominum
1622 1945 1709 2009 orbis

962 2045 1146 2129 produxisti,
1163 2063 1227 2126 quo
1241 2045 1420 2108 daemonum
1436 2052 1484 2106 est
1497 2042 1623 2125 abjecta
1642 2044 1709 2107 eul-

961 2152 1042 2222 tura,
1055 2151 1183 2207 ostensa
1197 2142 1422 2222 fraudulentia,
1436 2150 1468 2205 et
1482 2142 1549 2205 veri
1563 2142 1707 2206 omnium

358 2253 602 2317 ARTlcULUs
622 2254 698 2317 xx.
960 2242 1116 2305 Creatoris
1131 2250 1274 2323 reparata
1288 2240 1439 2322 cognitio.
1457 2240 1563 2320 Porro,
1579 2241 1655 2303 dum
1671 2261 1710 2304 ex

961 2348 992 2402 te
1007 2359 1099 2402 suum
1120 2340 1203 2402 intra
1222 2358 1255 2401 se
1275 2339 1459 2401 clauserunt
1478 2338 1642 2421 opificem,
1665 2338 1710 2401 ei-

152 2428 435 2494 Qccmcdmcdum
453 2427 599 2486 Mariam
622 2428 727 2485 omnic
750 2436 905 2488 creatura
960 2458 1023 2520 que
1038 2438 1072 2500 in
1087 2438 1215 2520 propria
1230 2437 1465 2500 famulabantur
1480 2437 1709 2518 persona,viri-

230 2518 386 2575 ”merari
405 2522 557 2573 ‘'³⁷²me
570 2524 667 2595 “tque
680 2518 830 2593 diligere.
961 2537 1043 2600 diori
1059 2536 1208 2599 videntur
1222 2535 1407 2599 refloruisse
1420 2536 1546 2613 decore,
1562 2542 1594 2598 et
1613 2534 1709 2597 subli-

961 2633 1096 2697 miorem
1120 2640 1319 2696 venustatem
1348 2632 1468 2696 sortita.
1494 2632 1605 2695 Omnia
1634 2650 1709 2713 ergo

229 2728 319 2791 llNIS
336 2736 456 2791 nature
480 2737 593 2791 creata
617 2729 772 2810 perfectio
792 2730 825 2791 in
844 2730 905 2794 boc
961 2740 1005 2809 te,
1030 2750 1049 2795 o
1073 2731 1180 2811 Μανία,
1205 2750 1323 2808 amare,
1350 2738 1380 2793 te
1403 2730 1559 2794 bonorare
1583 2730 1709 2811 singula

242 2827 305 2889 sita
323 2835 382 2904 est,
399 2834 434 2888 ut
451 2825 589 2889 Creatori
609 2846 667 2909 pro
686 2827 808 2890 viribus
828 2830 906 2891 assi·
961 2830 1100 2912 obligata
1115 2838 1199 2910 sunt,
1215 2847 1382 2912 perquam
1398 2828 1535 2891 mundus
1550 2836 1633 2892 totus
1655 2828 1709 2890 de-

153 2927 296 2990 miletur.
312 2925 437 2988 Etenim
456 2926 540 3006 quod
558 2925 589 2989 ei
608 2925 756 3003 similius,
773 2926 806 2988 id
828 2946 906 3008 quo
962 2937 1089 2992 eoratus
1112 2935 1170 2991 est.

153 3046 220 3107 que
234 3024 408 3107 perfectius
423 3032 580 3087 censetur.
596 3023 779 3103 Enimvero,
797 3025 823 3086 si
837 3025 903 3106 jam
925 3030 947 3093 C

152 3125 276 3187 nedum
290 3121 428 3186 Creatori
443 3121 660 3185 conformetur
679 3131 833 3201 creatura,
849 3125 904 3186 sed

152 3224 226 3304 ipse
249 3221 382 3303 insuper
405 3220 627 3283 universorum
651 3219 800 3283 Conditor
823 3241 907 3283 crea·
1154 3244 1399 3309 ARTICULUS
1422 3244 1517 3308 XXI·

152 3329 235 3385 turae
253 3338 350 3400 qnam
369 3318 539 3400 plasmavit
557 3318 725 3381 assimilari
744 3319 904 3399 dignetur,

152 3438 220 3502 quo
249 3417 283 3479 id
308 3417 342 3478 in
367 3416 523 3480 Creatoris
546 3416 712 3498 majestate
736 3417 905 3499 benignius
963 3423 1240 3489 Quemadmodum
1274 3438 1367 3478 omae
1400 3420 1581 3479 temanum
1608 3438 1712 3497 penus

153 3517 404 3599 dignatioueque
423 3514 550 3596 plenius
569 3515 719 3593 creditur,
737 3534 775 3579 co
794 3516 904 3598 utique
1002 3511 1172 3585 simulari
1189 3510 1334 3569 Mariam
1355 3509 1529 3567 dilectione
1546 3510 1713 3584 complecti

152 3624 309 3680 creaturan
328 3614 361 3676 id
379 3613 567 3695 ampliorem
591 3615 905 3697 prestantioremque
1003 3600 1199 3676 specialique
1214 3598 1367 3656 venerari
1380 3598 1501 3656 honore
1515 3606 1676 3657 teneatur.

153 3713 364 3777 eminentiam
380 3712 514 3775 confert.
531 3712 621 3775 Nunc
636 3721 741 3775 autem
757 3733 814 3795 ραν
828 3722 869 3791 te,
887 3732 906 3777 o

154 3832 234 3877 vere
247 3811 437 3893 dignissima
450 3829 588 3892 veraque
603 3811 669 3873 veri
684 3812 739 3873 Μαί
750 3811 903 3892 Genitrix,
1032 3808 1169 3871 ATURAE
1185 3808 1217 3871 id
1233 3808 1283 3870 lox
1297 3807 1396 3889 exigit
1409 3816 1442 3870 et
1456 3808 1536 3871 ratio
1551 3808 1660 3887 dictat,
1677 3816 1712 3871 ut

155 3918 312 3975 creatura
327 3928 392 3971 suaa
406 3928 441 3971 se
458 3909 540 3971 lleus
561 3917 684 3972 creator
703 3909 842 3971 similem
862 3910 907 3971 fe
1042 3907 1103 3970 hoc
1114 3906 1272 3988 quispiam
1284 3913 1368 3968 amet
1379 3923 1436 3986 per
1446 3909 1531 3986 quod
1542 3906 1712 3989 perficitur

51 4031 75 4071 νε
105 4046 141 4081 m.
155 4011 214 4090 cit,
231 3998 315 4071 servi
331 4006 466 4071 formam
489 4007 637 4085 sortiens,
653 4017 685 4069 et
706 4008 740 4069 in
760 4008 907 4071 humanae
964 4014 996 4068 et
1011 4005 1185 4069 bonitatem
1206 4002 1426 4085 beneficiaque
1446 4006 1585 4069 sortitur.
1602 4006 1708 4086 Porro,

155 4116 280 4171 naturae
290 4105 423 4169 veritate
438 4106 471 4166 in
487 4105 628 4187 virginea
642 4113 703 4167 tuae
719 4106 814 4187 regim
827 4106 907 4169 aulae
964 4123 1028 4185 quo
1042 4104 1135 4186 plura
1150 4102 1294 4185 suscipit,
1311 4121 1349 4166 eo
1364 4104 1475 4183 utique
1496 4106 1710 4169 ardentiorem

156 4206 276 4272 cellula
289 4203 511 4287 proficiscens.
528 4202 637 4266 Omnis
658 4222 744 4284 ergo,
760 4222 779 4267 o
800 4204 903 4281 Μανία,
922 4209 946 4270 D
966 4204 1052 4266 illius
1067 4221 1207 4266 amorem
1223 4201 1339 4265 babere
1353 4222 1480 4284 aequum
1494 4212 1552 4266 est.
1570 4205 1637 4267 lam
1653 4204 1712 4286 igi-

156 4306 191 4367 in
207 4313 240 4367 te
254 4303 377 4366 etitem
397 4302 438 4365 de
458 4309 490 4364 te
512 4309 656 4365 creatura
669 4302 814 4382 exsultet,
831 4320 907 4383 quo
965 4310 1016 4365 tur
1030 4320 1125 4364 cerne
1139 4320 1210 4382 quaa
1225 4320 1282 4382 per
1296 4300 1424 4364 blariam
1439 4302 1522 4365 bona
1535 4302 1711 4365 humanum

156 4405 246 4466 niam
262 4420 358 4484 quem
373 4409 546 4480 utcumque
560 4400 690 4481 imitari,
707 4400 769 4463 sibi
784 4419 908 4463 summa
963 4418 1066 4481 genus
1087 4400 1236 4481 adeptum
1257 4404 1315 4475 est,
1333 4398 1359 4459 si
1379 4400 1470 4481 cupis
1494 4419 1558 4481 qun
1581 4409 1713 4482 quauta-

157 4499 306 4564 consistit
327 4498 494 4580 perfectio,
511 4498 596 4561 bunc
611 4517 650 4560 ex
668 4506 699 4560 te
718 4499 778 4561 sibi
798 4498 908 4578 (etiam
963 4517 1026 4579 que
1040 4496 1133 4559 nobis
1156 4496 1286 4559 caritate
1308 4496 1443 4559 amanda
1465 4499 1506 4559 sit
1527 4517 1709 4580 agnoscere.

155 4618 217 4680 per
231 4596 371 4679 speeiem
385 4603 570 4675 naturaque
583 4593 828 4670 veritatem,aut
842 4614 909 4657 cer-
963 4595 1042 4669 Quid
1071 4614 1186 4675 nempe
1215 4594 1381 4675 prodesset
1408 4613 1465 4676 per
1493 4595 1546 4657 Dei
1572 4597 1712 4660 Verbum

155 4706 189 4758 te
213 4694 389 4758 secundum
411 4694 525 4774 genus)
549 4692 687 4754 similem
713 4691 823 4755 sortita
848 4700 905 4754 est.
963 4692 1063 4756 creari
1085 4700 1140 4755 aut
1159 4711 1240 4771 esse,
1257 4692 1282 4754 si
1302 4711 1365 4756 non
1391 4712 1449 4775 ραν
1472 4692 1573 4757 Μανίαα
1597 4695 1710 4758 Filium

155 4791 373 4856 occumbebat
387 4790 465 4854 olim
479 4789 678 4871 distabatque
693 4789 726 4851 in
741 4789 907 4852 inlinitum
963 4790 1102 4872 reparari
1119 4791 1317 4873 contingeret
1331 4799 1362 4853 et
1376 4791 1458 4854 bene
1472 4794 1558 4855 esset
1574 4792 1708 4873 llallem,

156 4912 176 4955 a
201 4890 340 4954 creantis
364 4888 544 4968 altitudine,
567 4896 718 4951 creaturae
742 4887 905 4964 conditio;
963 4888 1111 4967 fateor,o
1132 4886 1275 4967 Domina,
1293 4906 1350 4967 ραν
1368 4886 1466 4950 Patris
1486 4887 1624 4950 Verbum
1646 4907 1709 4951 non

155 5009 245 5053 nunc
259 5007 337 5052 vero
356 5006 414 5071 ραν
433 4996 510 5068 te,o
529 5006 629 5065 sacra,
647 4986 754 5049 suavis
779 4986 907 5049 decora-
961 5005 1033 5048 esse
1048 4992 1184 5065 creatus,
1201 5004 1297 5066 quam
1319 4993 1455 5064 creatae,
1471 5006 1529 5068 per
1551 4994 1639 5049 tuum
1662 4986 1710 5047 lli-

154 5108 222 5170 que
245 5088 353 5169 Virgo,
376 5086 410 5148 in
434 5087 588 5148 unitatem
612 5103 755 5167 personae
780 5083 907 5147 Creator
962 5085 1040 5147 lium
1066 5103 1130 5146 non
1155 5103 1225 5147 esse
1254 5092 1417 5165 reparatus
1446 5092 1540 5166 atque
1569 5094 1706 5148 renatus.

155 5192 366 5265 creaturaque
399 5182 561 5260 coierunt3
592 5190 624 5244 et
657 5191 808 5244 creaturae
841 5200 905 5243 non
962 5182 1020 5245 Per
1047 5182 1175 5244 Mariam
1203 5181 1308 5260 itaque
1338 5181 1378 5243 ab
1405 5181 1577 5244 Immortali
1608 5192 1708 5247 morte

153 5284 254 5348 modo
275 5282 437 5346 dumtaxat
460 5280 586 5361 similis,
601 5280 656 5344 sed
680 5280 766 5343 idem
789 5279 835 5360 (id
857 5288 907 5342 est
962 5282 1091 5361 liberor,
1107 5280 1192 5343 etad
1208 5280 1356 5343 amissam
1373 5279 1533 5343 coelestem
1549 5290 1710 5346 aternam-
