4309 6259
362 506 402 552 un
423 506 570 553 crunnus
593 504 798 552 sancrrssrue
820 504 857 551 rr
878 504 1043 551 rrrnrrruua
1064 506 1246 565 ramirans,
1268 508 1327 554 ran
1347 508 1454 555 uonurr
1475 508 1621 555 uoniam
1707 489 1765 555 {37

214 675 249 737 in
274 677 404 740 nomine
430 696 512 755 mco,
536 677 589 741 ille
615 695 672 741 vos
697 676 823 740 docebit
844 676 962 756 omnia,
979 676 1005 739 Α
1021 675 1090 739 sine
1106 675 1281 741 intellectu.
1292 677 1453 760 Benignus
1467 687 1515 741 est
1529 678 1616 742 enim
1631 678 1766 761 Spiritus

215 781 249 837 et
269 784 417 857 suggeret
441 775 532 839 robis
556 776 663 839 omnia
687 793 894 857 quacumque
919 773 965 837 di·
1020 775 1184 856 sapientiae
1205 800 1212 838 :
1233 778 1384 860 quoniam
1408 777 1544 860 Spiritus
1568 777 1694 841 Domini
1719 798 1767 841 re-

20 881 132 926 lovm-
156 897 200 935 xv.
216 891 292 936 xero
314 873 417 936 robis.
435 873 523 937 Sicut
543 874 652 937 dilexit
673 893 724 937 me
746 874 844 954 Pater,
861 882 892 936 ct
906 892 965 954 ego
1021 874 1121 957 plevit
1139 875 1248 939 orbern
1270 884 1435 955 terrarum,
1451 884 1483 939 et
1505 876 1564 939 boc
1585 876 1671 958 quod
1692 894 1768 940 eon-

21 949 135 1052 *1⁶54
156 1012 199 1054 2„
217 970 315 1034 dilexi
327 970 504 1045 vosQnum
519 980 624 1035 autem
640 971 764 1035 venerit
774 971 962 1051 Paracletus,
1021 973 1101 1036 tinet
1123 975 1242 1051 omnia,
1269 974 1436 1037 scientiam
1462 975 1558 1037 babet
1581 975 1681 1038 vocis.
1704 975 1766 1037 alii
1781 996 1913 1049 treanta

216 1088 313 1153 quern
328 1089 387 1151 ego
409 1070 533 1133 mittam
554 1070 645 1134 vobis
665 1071 798 1151 aPatre,
815 1071 963 1153 Spiritum
1021 1091 1158 1153 namque
1172 1092 1230 1155 per
1243 1073 1395 1155 Spiritum
1411 1074 1503 1136 datur
1517 1092 1621 1136 sermo
1642 1072 1768 1155 sapien·
1782 1059 1815 1103 ¹¹·

217 1169 372 1247 veritatis,
395 1170 450 1251 qui
472 1188 490 1231 a
511 1169 598 1233 Patre
622 1170 775 1253 procedit,
799 1170 853 1232 illc
879 1170 964 1232 testi·
1021 1172 1082 1247 tire,
1103 1170 1158 1233 alii
1180 1190 1284 1235 sermo
1310 1172 1463 1250 scientiae,
1482 1172 1572 1235 alteri
1597 1170 1692 1250 fides,
1712 1172 1767 1234 alii

20 1287 200 1337 rosanus
217 1268 362 1331 monium
383 1267 561 1349 perhibebit
581 1268 620 1331 de
642 1267 792 1331 melion
814 1267 898 1330 enim
920 1268 965 1331 lo
1019 1269 1121 1350 gratia
1143 1270 1326 1347 sanitatum,
1351 1270 1406 1332 alii
1434 1270 1576 1352 operatio
1600 1270 1765 1348 virtutum,

23 1352 63 1392 ¹⁵·
216 1366 562 1448 queturasemetipso,
571 1366 625 1429 scd
640 1385 847 1448 quacumque
858 1366 965 1429 audiet
1020 1368 1074 1429 alii
1108 1368 1285 1450 prophetia,
1311 1368 1366 1431 alii
1400 1368 1551 1432 diseretio
1584 1368 1765 1450 spirituum,

215 1463 375 1545 loquetur,
385 1473 416 1526 ct
430 1483 499 1546 quaa
515 1472 648 1527 ventura
663 1474 747 1545 sunt,
764 1464 965 1527 annuntiabit
1019 1465 1072 1527 alii
1102 1484 1219 1547 genera
1246 1466 1438 1547 linguarum,
1465 1465 1520 1529 alii
1549 1466 1768 1548 interpretatio

214 1560 320 1623 vobis.
346 1562 400 1623 llle
426 1580 477 1624 mc
502 1562 702 1641 clarificabit,
729 1562 868 1643 quiade
893 1581 965 1626 meo
1020 1582 1214 1627 sermonum.
1243 1563 1314 1627 Haec
1343 1572 1448 1627 autem
1476 1564 1585 1627 omnia
1618 1571 1768 1647 operatur

214 1659 363 1740 accipiet,
379 1667 410 1721 ct
424 1660 626 1722 annuntiabit
641 1660 741 1723 vobis.
755 1660 867 1723 Omnia
880 1679 964 1741 quaen
1021 1682 1103 1725 unus
1125 1662 1272 1743 idemque
1293 1662 1440 1744 Spiritus,
1461 1663 1609 1725 dividens
1630 1662 1766 1743 singulis

212 1776 353 1838 cumque
368 1757 463 1820 babct
476 1758 575 1839 Pater,
592 1778 663 1820 mea
684 1767 756 1820 sunt
774 1782 780 1819 :
798 1768 963 1840 propterea
1020 1768 1114 1841 prout
1129 1760 1206 1822 vult.
1224 1761 1270 1822 Tu
1284 1768 1402 1822 autem.

212 1855 293 1932 din,
310 1854 438 1937 quiade
460 1874 531 1920 meo
553 1856 699 1937 accipiet,
716 1864 748 1919 et
762 1857 962 1919 annuntiabit
982 1856 1005 1919 B
1059 1878 1092 1931 n.
1118 1856 1251 1920 Domine
1276 1857 1369 1935 Deus,
1396 1858 1461 1921 Rex
1488 1857 1702 1940 omnipotens,
1733 1857 1766 1920 iu
1780 1877 1917 1929 seriano.

211 1953 318 2016 vobis.
331 1953 375 2015 Tu
391 1962 509 2032 autern,
525 1954 668 2033 Domine,
686 1954 835 2017 miserere
850 1955 959 2017 nostri.
1019 1956 1139 2019 ditione
1162 1964 1214 2017 tua
1228 1964 1343 2018 cuncta
1358 1965 1432 2018 sunt
1452 1956 1566 2038 posita,
1582 1965 1615 2018 et
1632 1975 1697 2020 non
1718 1964 1767 2018 est
1780 1944 1801 1991 ⁹¹
1816 1942 1849 1984 ¹⁰·

257 2070 289 2120 n.
308 2050 513 2132 Deogratias.
1018 2054 1072 2137 qui
1099 2054 1200 2136 possit
1227 2061 1288 2116 tua
1313 2054 1467 2117 voluntati
1493 2055 1650 2117 resistere.
1676 2056 1697 2135 †
1720 2056 1766 2117 Tu

23 2164 121 2211 raian,
133 2168 191 2212 ue.
256 2166 289 2209 n.
306 2148 339 2209 ln
355 2148 514 2230 principio
529 2156 596 2211 erat
611 2148 762 2227 Verbum,
779 2158 811 2211 ct
826 2150 963 2211 Verbum
1019 2152 1118 2229 enim,
1138 2150 1282 2229 Domine,
1304 2150 1408 2214 iecisti
1431 2152 1560 2231 coelum,
1583 2160 1711 2229 terram,
1734 2160 1766 2215 et

210 2254 284 2309 erat
311 2247 394 2328 apud
423 2246 533 2325 Deum,
558 2256 590 2309 et
613 2248 696 2311 Deus
720 2256 786 2311 erat
811 2248 960 2311 Verbum.
1019 2250 1174 2334 quidquid
1188 2250 1261 2314 coeli
1277 2252 1397 2314 ambitu
1412 2253 1603 2315 continetur.

208 2346 233 2425 's
249 2345 314 2407 Hoc
328 2354 395 2408 erat
409 2344 442 2407 in
458 2346 617 2427 principio
632 2347 715 2429 apud
730 2346 840 2409 Deum.
1059 2361 1092 2413 t.
1108 2348 1177 2413 Non
1191 2358 1240 2413 est
1255 2350 1369 2413 similis
1384 2350 1429 2412 tui
1446 2350 1478 2411 in
1494 2350 1566 2430 diis,
1576 2350 1721 2429 Domine,
1733 2358 1767 2414 et
1779 2368 1819 2412 ra.
1834 2382 1912 2419 usas.

21 2469 133 2517 rosas,
149 2470 193 2509 ae.
256 2454 288 2505 t.
306 2442 394 2505 Sicut
414 2444 500 2507 enim
522 2445 618 2507 habet
637 2444 727 2507 Pater
748 2445 845 2507 vitam
868 2445 900 2507 in
916 2464 964 2508 se
1019 2466 1084 2511 non
1099 2454 1148 2509 est
1161 2448 1336 2509 secundum
1351 2464 1448 2528 opera
1464 2456 1527 2510 tua.
1544 2449 1590 2510 Tu
1604 2446 1703 2510 enim.
1779 2435 1800 2475 ⁸·

209 2541 364 2623 metipso,
387 2542 432 2603 sic
457 2541 544 2604 dedit
568 2550 599 2605 et
623 2542 704 2607 Filio
726 2544 823 2606 vitam
846 2543 963 2606 habere
1059 2548 1258 2607 Benedictio.
1282 2545 1367 2607 Luce
1391 2545 1554 2627 sapientias
1582 2546 1766 2627 coelestique

209 2638 249 2702 in
265 2640 445 2721 semetipso.
463 2640 528 2703 Hoc
542 2648 619 2704 erat.
1019 2644 1119 2725 gratia
1135 2642 1294 2706 illuminet
1314 2651 1346 2705 et
1366 2652 1533 2707 conservet
1553 2662 1611 2707 nos
1630 2643 1767 2706 Trinitas

256 2741 456 2799 Benedictio.
482 2738 516 2801 ln
545 2738 665 2801 unitate
693 2739 799 2801 Sancti
828 2740 963 2823 Spiritus
1020 2748 1140 2804 sancta.
1157 2742 1269 2803 Amen.

207 2834 384 2897 benedicat
398 2854 456 2898 uos
470 2836 560 2899 Pater
574 2844 605 2899 et
620 2836 728 2899 Filius,
746 2838 856 2901 Amen.
1278 2841 1388 2901 Lectio
1404 2842 1513 2902 tertia.

454 2938 563 2997 Lectio
578 2940 728 2997 secundo.
1060 2936 1196 2999 Trinitas
1235 2937 1560 3019 supersubstantialis,
1597 2937 1768 3019 superado-

33 3060 116 3101 ρων.
132 3072 190 3107 vni.
257 3032 408 3095 Dominus
430 3032 570 3115 possedit
594 3053 645 3096 me
667 3034 700 3095 in
722 3034 814 3098 initio
839 3036 962 3098 viarum
981 3034 1003 3097 C
1021 3035 1119 3097 rauda
1146 3042 1178 3097 et
1209 3035 1400 3116 superbona,
1430 3033 1610 3097 christiana
1644 3035 1767 3098 doctrix

22 3126 109 3164 ²²²³·
209 3139 528 3213 suarum,antoquam
541 3132 709 3213 quidquam
722 3132 965 3215 iacorctaprin-
1020 3132 1195 3213 sapientiai,
1212 3133 1313 3215 dirige
1328 3151 1386 3195 nos
1407 3133 1447 3195 ad
1468 3132 1703 3214 superlucidam
1719 3135 1768 3214 (ut

208 3228 313 3309 cipio.
329 3229 376 3291 Ab
390 3237 508 3293 aterno
522 3231 666 3293 ordinata
681 3250 763 3311 sum,
780 3239 812 3293 et
832 3251 869 3294 ex
884 3232 964 3293 anti·
1019 3231 1171 3313 possibile
1192 3234 1252 3311 est)
1269 3233 1312 3295 tui
1336 3232 1433 3313 ipsius
1454 3230 1764 3314 contemplationem.

208 3326 287 3408 quis
303 3335 472 3409 antequam
488 3337 570 3391 terra
589 3328 691 3392 ficret.
708 3330 854 3393 Nondum
875 3338 964 3393 erant
1018 3330 1127 3412 Neque
1141 3332 1226 3393 enim
1243 3338 1272 3393 te
1287 3330 1381 3412 plene
1395 3329 1663 3411 comprehendere
1683 3330 1768 3392 valet

208 3424 335 3506 abyssi,
358 3434 389 3487 et
413 3445 472 3508 ego
496 3426 561 3507 jam
587 3436 741 3509 concepta
762 3447 859 3491 eram.
884 3430 963 3491 Ante
1019 3448 1110 3490 mens
1131 3436 1246 3504 creata,
1270 3427 1421 3509 quoniam
1443 3426 1697 3489 inaccessibilem
1720 3428 1767 3489 lu·
1782 3447 1919 3495 tremore.

53 3549 127 3591 ram.
147 3550 189 3590 27.
209 3522 316 3585 colles
329 3542 388 3605 ego
403 3524 610 3606 parturiebar.
623 3526 753 3601 Quando
768 3526 964 3608 preparabat
1020 3546 1089 3588 cem
1111 3525 1290 3604 inhabitas,
1313 3533 1346 3588 et
1368 3526 1436 3607 ipsa
1457 3533 1518 3588 tua
1539 3535 1663 3588 aterna
1685 3526 1766 3588 lucis

208 3621 326 3699 coetos,
343 3622 481 3685 aderam.
498 3624 628 3698 Quando
649 3632 735 3687 certa
757 3624 826 3706 lege
841 3632 873 3687 et
886 3644 963 3707 gyro
1019 3624 1285 3706 superexcellens,
1299 3624 1465 3701 immensa,
1479 3622 1651 3685 invisibilis
1665 3624 1767 3705 pleni-

19 3750 189 3791 ramesai.
209 3718 355 3781 vallabat
368 3720 509 3801 abyssos,
526 3722 652 3801 quando
674 3721 874 3804 appendebat
893 3723 964 3785 lun·
1019 3723 1106 3799 tudo,
1127 3722 1237 3783 divina
1257 3722 1437 3804 appellatur
1456 3721 1570 3802 caligo,
1593 3722 1626 3783 in
1647 3740 1710 3803 qua
1733 3732 1765 3785 tu
1780 3741 1912 3793 irrorati.

208 3818 480 3897 dementationes,
497 3838 622 3883 cumeo
642 3840 728 3882 eram
749 3829 963 3883 cunctacom-
1019 3821 1161 3883 babitare
1187 3820 1376 3902 perhiberis,
1401 3839 1471 3901 quaa
1496 3820 1589 3901 ponis
1620 3820 1766 3883 tenebras
1779 3844 1914 3893 naamis.

207 3934 348 3997 ponens.
371 3916 410 3977 Et
433 3917 612 3981 delectabar
636 3918 857 4000 persingulas
882 3920 961 3997 dies,
1019 3918 1186 3982 latibulum
1208 3927 1309 3981 tuum.
1331 3918 1369 3980 Et
1389 3918 1465 4000 ipsae
1490 3918 1607 3981 divinae
1629 3919 1766 3982 tenebras
1781 3940 1921 3994 anaema.

209 4013 329 4075 ludens
344 4031 450 4077 coram
465 4033 504 4078 eo
517 4016 604 4078 omni
627 4024 779 4097 tempore,
797 4017 908 4079 ludens
930 4018 961 4078 in
1019 4017 1245 4099 cooperiuntur
1268 4016 1355 4079 omni
1378 4016 1491 4079 lumini
1513 4026 1544 4079 et
1568 4017 1767 4081 abscondun-
1780 4004 1874 4108 {¹223}
1893 4002 1921 4044 “¹

207 4110 291 4175 orbo
307 4119 460 4174 terrarum
475 4136 483 4191 3
499 4120 531 4175 et
551 4113 673 4175 deliciae
695 4134 784 4191 mesa,
801 4134 870 4177 esse
890 4134 962 4177 cum
1019 4124 1070 4178 tur
1084 4115 1170 4179 omni
1191 4114 1319 4192 visioni,
1336 4124 1464 4197 propter
1485 4116 1768 4198 incircumscripti-

18 4240 99 4283 eeeu·
102 4249 191 4285 .....
207 4208 294 4273 siliis
308 4210 486 4273 homiuum.
503 4210 568 4292 Ego
589 4231 627 4273 ex
647 4230 701 4275 ore
717 4212 870 4275 ditissimi
893 4231 963 4294 pro
978 4209 1003 4270 D
1020 4213 1117 4276 bilem
1142 4222 1174 4275 et
1193 4212 1467 4295 impenetrabilem
1492 4214 1628 4297 propriae
1643 4214 1768 4277 clarita-

14 4306 41 4351 ὅν
59 4306 85 4343 ⁶·
208 4306 293 4383 diri,
311 4307 523 4389 primogenita
536 4314 609 4371 ante
623 4328 751 4372 omnem
774 4318 960 4372 creaturam.
1019 4311 1059 4374 tis
1074 4312 1285 4394 splendorem.
1302 4311 1520 4393 Opportunum
1542 4311 1660 4394 quippe
1683 4312 1716 4375 in
1737 4322 1767 4376 te
1796 4330 1911 4389 simae

209 4405 281 4485 Ego
296 4402 358 4467 ieci
375 4404 408 4465 in
424 4404 513 4467 coelis
529 4415 562 4468 ut
577 4408 711 4469 oriretur
726 4407 833 4469 lumen
849 4408 964 4471 indeli—
1019 4410 1163 4474 omniurn
1192 4425 1297 4472 rerum
1327 4409 1538 4491 perfectiones
1566 4408 1669 4489 lateri,
1700 4421 1767 4474 tan-
1780 4395 1922 4502 {l,⁰⁰¹''⁰¹⁸‘·

207 4502 315 4580 ciens,
332 4511 365 4565 ct
379 4503 462 4566 sicut
477 4503 591 4567 nebula
608 4505 668 4567 teni
691 4524 818 4569 omnem
834 4515 960 4569 terram.
1019 4527 1115 4591 quam
1144 4508 1177 4570 in
1205 4506 1317 4571 tonuit
1350 4516 1382 4570 et
1414 4507 1586 4589 exemplari
1622 4509 1766 4571 omnium
1793 4490 1824 4502 Η

62 4632 135 4675 moa
162 4632 188 4671 a.
206 4602 331 4683 Gyrum
356 4601 428 4665 coeli
454 4601 589 4664 circuivi
611 4603 689 4680 sola,
713 4611 744 4665 et
769 4604 962 4685 protundum
1019 4613 1168 4683 causa,et
1182 4624 1290 4667 rursus
1304 4605 1431 4667 easdem
1446 4604 1657 4686 principalius
1671 4606 1767 4671 abne

15 4732 187 4789 saevitas,
206 4700 319 4782 abyssi
335 4701 512 4782 penetravi.
530 4699 634 4781 Vapor
649 4721 718 4763 sum
735 4702 820 4764 enirn
836 4704 963 4765 virtutis
1018 4723 1093 4786 gare
1108 4704 1147 4767 de
1160 4710 1359 4783 te,tanquam
1371 4702 1541 4765 exsistente
1553 4706 1766 4784 superomnia

14 4802 56 4840 ²⁶·
206 4798 281 4875 Dei,
298 4806 329 4861 et
344 4799 502 4862 emanatio
524 4800 667 4881 quedam
690 4801 842 4863 claritatis
861 4801 964 4865 omni·
1018 4810 1113 4883 atque
1136 4802 1443 4883 superessentialiter
1468 4802 1668 4883 superposito
1696 4804 1767 4865 uni-

205 4898 353 4982 potentis
369 4899 423 4961 Dei
440 4898 574 4962 sincera.
591 4899 714 4962 Candor
734 4919 859 4982 quoquc
882 4902 963 4964 lucis
1019 4920 1182 4964 versorum
1211 4900 1380 4982 principio.
1410 4900 1475 4963 Hoc
1510 4920 1625 4982 nempe
1659 4910 1707 4963 est
1735 4910 1765 4965 te
1790 4917 1911 4961 uraca

204 5006 350 5075 aetemre,
368 5005 402 5060 et
415 4998 580 5079 speculum
596 4998 665 5060 sine
684 4999 810 5062 macula
823 5000 878 5063 Dei
898 5020 963 5063 ma·
1018 5000 1127 5061 videre
1147 5007 1179 5061 et
1202 5017 1405 5079 cognoscere,
1428 5006 1459 5059 te
1480 4998 1766 5079 supersubstantia-

201 5096 348 5180 jestatiS,
374 5105 407 5159 et
432 5097 536 5178 imago
564 5096 714 5160 bonitatis
744 5098 840 5160 illius.
868 5097 962 5162 Porro
1018 5098 1081 5159 lem
1103 5095 1448 5177 supersubstantialiter
1468 5114 1525 5176 per
1545 5096 1689 5159 omniurn
1710 5117 1766 5160 en-

11 5228 85 5273 raaa.
95 5240 114 5277 t,
129 5224 184 5265 sn.
203 5194 349 5278 Spiritus
360 5202 490 5257 sanctus
500 5194 679 5277 disciplinae
689 5195 824 5278 effugiet
836 5197 959 5275 lictum,
1018 5196 1098 5259 tium
1130 5193 1324 5257 ablationem
1360 5194 1499 5256 laudare.
1529 5194 1600 5275 lpsa
1627 5214 1763 5276 namque

202 5302 242 5359 ct
267 5292 391 5356 aulerci
414 5310 448 5355 se
474 5310 492 5354 a
516 5292 760 5376 cogitationibus
789 5314 858 5377 quae
887 5303 961 5358 sunt
1016 5303 1134 5359 aeterna
1160 5301 1213 5355 tua
1237 5291 1401 5371 divinitas,
1425 5291 1552 5354 infinita
1577 5292 1764 5357 excellentia
