4309 6259
503 511 542 557 ne
562 510 652 558 noms
671 510 807 557 saturnos
827 508 947 569 satem,
968 507 1143 555 rarorrrns
1165 510 1209 555 ru.
1231 528 1273 539 -
1292 510 1363 557 aar.
1385 510 1492 567 mur,
1514 510 1553 557 rr
1743 496 1802 561 237

1013 678 1161 839 tior
1186 678 1804 861 :t¹'scritum*com

273 889 364 955 Quid
394 890 430 947 tn
460 886 721 945 beatitudinibus
748 895 779 946 ei
806 886 975 961 sictritii
1054 873 1164 955 sicque
1185 883 1326 957 apparet,
1344 876 1427 957 quod
1449 876 1549 958 pietas
1570 895 1633 939 non
1657 878 1804 958 perficiat

360 978 445 1035 dono
465 976 601 1050 pietatis
624 976 884 1049 correspondeat.
1056 971 1237 1035 immediate
1272 981 1411 1035 nostram
1445 975 1713 1038 extroversionem
1747 995 1803 1039 seu

1055 1070 1174 1131 exitum
1190 1070 1229 1131 ad
1245 1069 1433 1148 confratres,
1447 1072 1502 1133 sed
1518 1072 1623 1153 potius
1639 1075 1804 1137 ordinetur

317 1172 394 1234 Eh'E
409 1180 561 1251 practerea
575 1177 670 1250 atque
685 1168 821 1231 sollicite
839 1168 1001 1230 adverten·
1055 1167 1175 1229 directe
1190 1168 1228 1229 ad
1245 1167 1378 1231 filialem
1393 1167 1547 1232 affectum
1562 1171 1601 1233 ad
1617 1169 1726 1234 Deum.

332 1270 408 1331 dum
427 1267 512 1349 quod
531 1268 562 1329 S.
579 1266 714 1329 Thomas
735 1265 768 1327 in
792 1266 932 1327 secunda
952 1284 1001 1327 se-
1097 1260 1134 1321 Et
1149 1261 1414 1341 respondendum,
1431 1264 1515 1343 quod
1531 1272 1658 1327 sanctus
1673 1265 1804 1347 Aposto-

46 1380 229 1431 icum.
250 1369 364 1430 eundae
379 1366 510 1429 inducit.
528 1364 649 1427 usserit
663 1382 800 1444 nomque
822 1363 854 1424 in
875 1371 1001 1445 coapta·
1057 1358 1106 1420 lus
1124 1358 1183 1421 hoc
1204 1358 1346 1421 hortatur
1366 1367 1399 1421 ut
1419 1360 1648 1441 perfectionem
1663 1370 1802 1427 nostram

250 1466 338 1529 tione
372 1463 603 1527 beatitudinum
637 1470 732 1543 atque
766 1462 922 1525 donorum
960 1462 1000 1524 ad
1057 1456 1090 1518 in
1119 1458 1336 1539 corporalibus
1362 1460 1522 1522 exercitiis
1548 1480 1611 1525 non
1633 1464 1804 1527 constitua-

249 1564 399 1639 invicem,
430 1560 591 1643 duplicem
624 1578 717 1641 posse
746 1558 1001 1622 convenientiam
1056 1574 1139 1633 mus,
1161 1558 1215 1619 sed
1237 1556 1419 1620 interiorem
1442 1558 1684 1640 perfectionem,
1705 1562 1803 1644 pieta·

248 1658 447 1724 considerari
460 1682 468 1720 ι
481 1677 577 1720 unam
592 1657 768 1720 secundum
783 1656 937 1719 rationem
952 1674 1002 1721 or·
1055 1661 1131 1729 tem,
1162 1656 1449 1737 mansuetudinem,
1480 1657 1657 1738 largitatem
1691 1678 1804 1743 appre-

248 1758 336 1821 dinis
361 1776 416 1820 seu
441 1756 584 1819 ordinem
612 1753 880 1831 enumerationis,
905 1754 1000 1816 aliam
1056 1750 1196 1813 hendere
1220 1752 1388 1829 enitamur,
1414 1760 1508 1834 atque
1532 1773 1569 1816 err
1598 1755 1652 1817 tali
1678 1756 1803 1821 interna

247 1864 358 1919 autem
379 1855 555 1917 secundum
577 1852 737 1934 propriam
757 1852 912 1915 rationem
928 1852 1002 1914 bea·
1019 1848 1174 1910 Bmentis
1199 1849 1407 1931 dispositione
1431 1869 1469 1913 ac
1494 1852 1622 1933 pietate,
1649 1854 1718 1936 ipsa
1747 1874 1803 1919 no·

249 1948 1001 2027 titudinumacdonomm,videlieetsecundum
1056 1955 1121 2007 stra
1149 1946 1299 2008 exercitia
1327 1948 1503 2029 corporalia
1531 1952 1743 2032 producamus
1771 1962 1803 2017 et

248 2059 343 2113 actus
358 2051 496 2131 itemque
510 2049 646 2129 objecta.
659 2047 793 2110 Primam
809 2047 1002 2110 convenien-
1056 2060 1235 2123 operemur.
1259 2043 1311 2107 Sic
1336 2063 1451 2126 nempe
1475 2047 1625 2111 exercitia
1648 2050 1802 2115 exteriora

249 2150 329 2210 tiam
343 2148 475 2211 adstruit
489 2147 626 2209 Thomas
641 2146 849 2227 augustinum
871 2146 904 2207 in
920 2144 1002 2208 libro
1056 2140 1196 2210 exhibita
1211 2142 1381 2225 plurimum
1401 2152 1525 2207 exstant
1538 2146 1640 2225 utilia,
1656 2150 1802 2229 quamvis

247 2250 291 2311 de
316 2248 465 2311 Sermone
484 2246 606 2309 Domini
629 2246 662 2307 in
686 2254 794 2308 monte
820 2266 890 2308 esse
911 2266 1001 2309 secu·
1056 2242 1098 2301 ti
1110 2259 1143 2302 se
1158 2258 1269 2321 parum
1291 2241 1437 2304 dicantur·
1458 2242 1602 2324 proficua
1619 2268 1626 2307 :
1644 2246 1719 2325 imo,
1739 2266 1802 2330 quo

248 2356 332 2409 tum.
353 2344 431 2406 llam
453 2344 586 2425 primam
608 2343 847 2423 beatitudinem,
868 2344 999 2425 seilicet,
1056 2337 1188 2401 interior
1219 2338 1329 2419 pietas,
1361 2340 1544 2405 reformatio
1574 2350 1669 2425 atque
1700 2345 1803 2428 porfe-

248 2444 341 2507 Beati
355 2462 510 2526 pauperes
525 2442 650 2524 spiritu,
662 2442 805 2505 attribuit
820 2442 933 2506 ultimo
946 2444 1002 2507 do-
1056 2436 1120 2499 ctio
1143 2435 1241 2499 fuerit
1264 2438 1410 2519 amplior,
1431 2457 1469 2502 eo
1489 2441 1663 2523 corporalis
1684 2446 1803 2508 exerci-

250 2542 399 2623 no‚quod
415 2542 509 2603 timor
523 2548 572 2603 est
586 2540 725 2619 Domini3
736 2542 908 2603 secundam
924 2560 1000 2605 vero
1056 2534 1133 2597 totio
1157 2534 1220 2597 Deo
1243 2534 1386 2599 officitur
1408 2538 1537 2619 gratior,
1554 2540 1717 2623 magisque
1738 2562 1803 2607 me-

248 2640 493 2718 heatitudinem,
515 2646 634 2719 utpote,
650 2638 736 2701 Beati
758 2638 862 2715 mites,
883 2638 1001 2701 adseri·
1056 2631 1165 2695 ritoria
1198 2640 1230 2695 et
1261 2632 1412 2713 perfecta,
1442 2638 1588 2716 quamvis
1622 2638 1663 2701 sit
1695 2640 1801 2703 minus

249 2738 300 2801 bit
320 2736 494 2819 penultimo
513 2737 610 2815 dono,
626 2736 774 2798 videlicet
792 2736 923 2817 pietati3
940 2736 1001 2799 sic·
1055 2730 1191 2811 poertalis
1213 2750 1269 2793 sou
1288 2730 1455 2796 laboriosa.
1477 2734 1563 2798 Unde
1586 2737 1644 2797 viri
1668 2738 1800 2819 perfecti

247 2855 316 2917 que
348 2835 510 2915 deinceps.
545 2834 661 2896 l'erum
696 2836 871 2897 secundum
906 2834 1001 2897 aliam
1055 2826 1162 2890 minus
1177 2828 1349 2892 laborando
1365 2830 1396 2891 in
1415 2831 1525 2895 divino
1540 2833 1703 2915 obsequio,
1722 2836 1802 2899 mul-

248 2932 519 3009 convenientiam,
546 2932 631 2995 dono
654 2932 781 3012 pietatis
805 2932 909 3013 potius
933 2951 1001 2995 cor·
1056 2934 1088 2987 1⁰
1104 2926 1240 3007 amplius
1254 2938 1475 3008 promerentur
1493 2948 1587 3012 quam
1610 2933 1799 3015 imperfecti,

248 3032 424 3113 respondet
437 3037 548 3110 quarta
562 3030 734 3107 beatitudo,
750 3048 822 3111 que
839 3038 898 3109 est,
915 3030 1000 3093 Beati
1017 3028 1039 3091 C
1055 3023 1110 3105 qui
1127 3024 1159 3085 in
1175 3025 1286 3087 eodem
1308 3043 1402 3108 opere
1422 3029 1627 3093 vehementer
1645 3031 1799 3115 laborant,

247 3131 308 3212 qui
332 3129 473 3192 esuriunt
496 3136 528 3190 et
552 3127 663 3189 sitiunt
685 3127 839 3208 justitiam
865 3152 873 3190 ε
899 3128 1000 3211 pietas
1055 3119 1238 3203 fatigantur,
1256 3130 1287 3185 et
1300 3125 1390 3203 quasi
1408 3125 1576 3191 luctantur.
1593 3128 1659 3193 lmo
1675 3130 1800 3211 signum

247 3228 340 3291 enim
363 3227 429 3289 hae
451 3227 491 3288 ad
515 3224 669 3307 justitiam
694 3226 842 3307 pertinet,
866 3245 1000 3308 eamque
1056 3220 1182 3281 virtutis
1206 3240 1242 3283 ac
1269 3221 1474 3302 perfectionis
1499 3234 1547 3289 est
1571 3228 1802 3293 delectabiliter

248 3324 416 3389 concernit
429 3343 467 3387 ac
485 3321 626 3405 perficit,
642 3324 818 3385 secundum
834 3324 998 3387 Thomam.
1054 3317 1192 3398 operari,
1209 3326 1240 3381 et
1254 3338 1368 3401 magna
1384 3328 1415 3382 et
1434 3322 1531 3385 ardua
1547 3336 1691 3408 prompte
1705 3336 1800 3408 atque

246 3423 396 3487 Arbitror
410 3430 526 3499 umen,
539 3422 624 3502 quod
640 3420 741 3503 pietas
755 3422 814 3483 ista
830 3423 934 3504 potius
949 3442 1001 3485 ca·
1054 3415 1195 3496 jucundo
1210 3416 1365 3497 perficere
1380 3442 1387 3480 :
1400 3436 1463 3499 quo
1478 3428 1583 3483 autom
1599 3423 1731 3488 interior
1741 3426 1800 3489 vir

248 3525 379 3585 ritatem
399 3540 495 3601 quam
515 3519 671 3601 justitiam
697 3520 836 3603 respicit,
857 3529 948 3583 omat
969 3528 1001 3584 et
1057 3522 1106 3576 tus
1128 3522 1178 3575 est
1197 3514 1309 3595 major,
1327 3534 1365 3578 eo
1379 3534 1459 3597 opus
1481 3527 1645 3583 externum
1667 3530 1715 3585 est
1736 3543 1801 3587 am·

216 3620 391 3701 .expedit,
420 3619 597 3681 secundum
630 3618 715 3699 quod
749 3626 912 3681 ostensum
938 3626 998 3682 est.
1056 3612 1140 3694 plius
1156 3612 1533 3696 meritorium,magisque
1546 3616 1609 3681 Deo
1623 3630 1798 3702 acceptum.

247 3718 341 3782 Unde
370 3725 401 3779 et
429 3716 543 3779 Doctor
566 3714 693 3778 divinus
716 3734 787 3778 earn
811 3716 850 3778 ad
881 3716 1001 3779 miseri-
1095 3708 1317 3786 Postremo,ut
1338 3710 1641 3795 Thomasdttltfflti
1663 3720 1904 3793 secundusomne.
1927 3748 1959 3793 a.

150 3848 167 3877 ι
188 3846 226 3875 n.
246 3815 393 3881 cordiam
423 3813 582 3895 pertinere
607 3812 723 3875 fatetur
748 3837 755 3874 :
783 3813 1001 3877 misericordia
1056 3807 1228 3886 beatitudo,
1258 3827 1328 3889 quae
1356 3817 1415 3889 ost,
1440 3810 1526 3873 Beati
1556 3814 1659 3895 mites,
1687 3812 1959 3917 conve-ffffl·

247 3922 359 3978 autem
374 3920 422 3975 esi
435 3913 537 3974 virtus
551 3911 672 3974 eufimii
693 3929 836 3975 connexa
856 3931 912 3974 seu
927 3931 1002 3975 con·
1056 3904 1209 3967 nientiam
1224 3906 1393 3986 quamdam
1409 3926 1482 3970 cum
1498 3910 1624 3991 pietatis
1638 3914 1722 3978 dono
1737 3934 1803 3979 sor·
1829 3904 1917 3983 narrt.
1927 3904 1958 3987 vs

245 4014 372 4093 juncta.
399 4010 504 4072 Nihilo
532 4010 638 4072 minus
667 4029 777 4072 verum
803 4028 873 4072 esse
898 4019 1002 4091 potest
1057 4004 1143 4081 titur,
1175 4004 1208 4065 in
1236 4012 1389 4084 quantum
1425 4007 1541 4071 mititas
1576 4010 1803 4093 impedimenta
1817 4000 1838 4043 ⁴·

247 4110 336 4191 qnod
359 4108 495 4171 Thomas
516 4107 677 4185 disseruit,
692 4126 791 4188 quum
810 4126 874 4170 non
894 4108 936 4169 sit
956 4108 1002 4170 in·
1056 4111 1184 4164 actuum
1207 4102 1334 4184 pietatis
1358 4103 1450 4168 tollit.
1474 4106 1588 4169 tritius
1612 4110 1697 4172 enim
1723 4112 1803 4179 iram

247 4206 446 4272 conveniens
466 4205 550 4269 idem
569 4206 689 4268 donum
709 4206 748 4267 ad
769 4206 911 4269 diversas
932 4226 1002 4289 per·-
1016 4197 1042 4259 D
1057 4199 1196 4262 refrenat
1223 4224 1229 4261 :
1256 4200 1302 4261 ira
1329 4209 1436 4264 autom
1464 4222 1560 4285 operit
1580 4207 1706 4287 pletatis
1736 4211 1805 4291 pltr-

248 4308 355 4370 tinere
384 4305 536 4381 virtutes3
565 4322 630 4367 non
659 4313 764 4365 tamen
793 4322 882 4385 mque
916 4306 1002 4386 prin·
1057 4298 1173 4359 timum
1195 4298 1338 4379 impedit.
1354 4298 1540 4375 -Quidam
1557 4323 1632 4367 vero
1653 4307 1802 4388 pietatem

249 4403 400 4485 cipaliter
414 4410 445 4464 et
461 4400 653 4464 immediate.
664 4400 783 4464 idcirco
798 4401 1001 4465 verissimum
1056 4395 1148 4457 istam
1175 4396 1205 4457 in
1232 4396 1331 4458 tribus
1356 4400 1529 4461 consistere
1553 4403 1710 4466 aestimant
1736 4431 1743 4468 :
1769 4407 1802 4469 in

249 4511 301 4566 est
324 4500 409 4581 quod
431 4500 567 4562 Thomas
591 4507 733 4578 testatur,
755 4499 900 4581 quintam
925 4519 1002 4581 quo
1058 4496 1145 4557 cultu
1173 4495 1240 4572 Dei,
1267 4496 1299 4557 in
1329 4498 1532 4562 veneratione
1561 4501 1741 4583 Scripturae,
1768 4505 1802 4567 in

248 4619 315 4682 que
329 4597 558 4660 beatitudiuem
572 4597 657 4661 dono
679 4597 804 4677 pietatis
819 4615 911 4678 posse
933 4618 1002 4662 cor·
1057 4594 1271 4674 proximorum
1287 4594 1457 4659 honoreac
1473 4598 1692 4665 subventione.

250 4696 446 4777 respondere
460 4713 517 4757 seu
531 4694 742 4776 appropriari.
759 4693 859 4775 Opera
880 4696 1002 4779 quippe

248 4792 478 4859 misericordia
492 4792 599 4873 pietati
616 4791 844 4854 attribuuntur.
1260 4796 1504 4863 ARTICULUS
1528 4799 1599 4863 XL.

291 4891 426 4966 Quidam
454 4908 530 4952 vero
557 4887 734 4967 affirmant,
758 4891 842 4970 quod
867 4892 907 4953 ad
935 4892 1003 4973 pie-

250 4999 350 5054 tatem
372 4986 501 5069 proprie
521 4995 666 5068 spectant
682 4987 860 5069 spiritualia
878 4989 1002 5051 miseri-

251 5086 370 5152 cordiae
385 5103 492 5166 opera.
508 5083 628 5159 Quibus
648 5083 754 5147 favere
773 5084 899 5148 videtur
916 5088 1001 5167 quod
1127 5082 1203 5146 0er
1226 5104 1323 5165 quum
1349 5086 1413 5149 sint
1435 5106 1588 5169 connexa,
1614 5092 1700 5155 omni
1725 5094 1803 5158 cari-

1223 4928 1271 4987 rte
1299 4928 1462 5002 proditus
1489 4930 1634 5005 pietatis.

36 5214 233 5270 rrimus,
251 5187 297 5250 ait
316 5181 497 5266 Apostolus,
518 5182 636 5245 Exerce
662 5190 692 5245 te
717 5182 822 5264 ipsum
842 5183 881 5245 ad
903 5184 1002 5267 pieta-
1142 5192 1236 5246 tatem
1266 5185 1376 5248 sortito
1406 5185 1524 5249 insunt.
1556 5189 1678 5252 Primus
1704 5192 1802 5273 igitur

36 5292 69 5331 ³-
252 5295 331 5363 tem,
357 5298 434 5343 narn
461 5279 634 5363 corporalis
662 5279 845 5344 exercitatio
872 5282 912 5345 ad
935 5301 1003 5347 mo-
1056 5281 1133 5347 doni
1161 5281 1287 5365 pietatis
1307 5284 1433 5364 gradm,
1454 5294 1502 5347 ost
1523 5304 1580 5368 per
1600 5306 1695 5369 quom
1717 5292 1802 5359 circa
