4309 6259
444 454 503 525 298

729 482 770 529 ua
791 482 939 530 rasstomt
961 482 1069 530 nomm
1091 482 1276 529 SALVATORIS
1298 482 1456 531 Dianoeas.
1479 500 1521 511 -
1540 482 1611 529 aar.
1634 482 1710 529 xvut

485 651 657 718 Saxvarox.
683 688 725 699 -
745 654 844 736 Euge,
870 674 960 717 serre
989 656 1072 718 bone
1100 663 1131 717 et
1154 653 1194 716 ii·
1207 654 1233 717 Α
1248 655 1368 717 tionem
1388 661 1420 717 at
1437 653 1652 733 dilectionem,
1669 654 1702 715 iu
1724 651 1816 733 cujus
1837 668 1984 730 amomsa,

444 749 538 827 delis,
564 770 733 832 persevera
761 753 795 814 iu
823 754 872 816 bia
899 772 1001 834 usque
1029 753 1062 815 in
1092 753 1192 817 linem

446 848 518 910 vitae
539 850 715 929 prasentia.
732 850 850 914 Exerce
871 858 902 913 te
924 851 1029 933 ipsmn
1049 852 1089 913 ad
1110 851 1193 914 hane

446 945 608 1025 pietatem,
638 948 753 1011 invoca
781 949 950 1012 Dominum
978 949 1066 1012 omui
1102 950 1190 1029 hora,

446 1063 563 1106 reuova
583 1054 674 1109 tuum
696 1048 905 1130 propositum,
921 1047 1122 1128 quotidianas
1145 1048 1193 1109 in-

444 1140 690 1225 desinentesque
712 1146 822 1227 culpas
843 1146 1059 1208 indesinenter
1078 1165 1192 1227 suppe-

445 1239 511 1301 dita
533 1244 701 1323 gemendo,
726 1251 838 1325 pectus
859 1244 1032 1322 tundendo,
1059 1245 1189 1323 orando,

444 1338 608 1419 plorando,
631 1348 662 1403 te
684 1342 716 1403 in
738 1343 887 1406 omnibus
907 1342 1117 1422 humiliando,
1138 1344 1191 1405 ad-

443 1455 536 1500 versa
568 1439 743 1519 gaudenter
779 1438 922 1519 terendo,
960 1441 1188 1523 correptiones,

442 1534 1190 1622 disciplinas,exercitationesamando,quotidie

442 1650 569 1714 quoque
596 1635 798 1700 discutiendo
823 1637 1065 1718 conscientiam,
1090 1639 1192 1701 confi-

442 1732 538 1794 tendo
567 1743 768 1815 compuncte,
795 1743 827 1797 et
854 1743 926 1816 post
954 1736 1189 1800 confessionem

1249 751 1379 815 fruitiva
1398 760 1430 815 et
1449 752 1535 815 clara
1559 771 1617 834 per
1640 751 1779 834 speciem
1801 748 1986 831 contempla·

1249 851 1345 929 tione,
1363 870 1436 913 vere
1450 850 1592 913 finaliter
1606 850 1697 931 quies
1711 858 1744 913 et
1757 848 1835 911 linis
1849 866 1886 910 ac
1901 848 1986 929 plena

1249 948 1385 1011 felicitas
1420 948 1566 1012 consistit
1592 948 1696 1011 omnis
1731 946 1849 1010 mentis
1883 954 1986 1008 creata

1249 1048 1367 1111 electa.

1287 1146 1394 1227 ltaque
1410 1146 1443 1207 in
1465 1146 1612 1227 passione
1634 1163 1704 1207 mea
1724 1151 1756 1206 et
1776 1143 1809 1205 in
1830 1142 1903 1224 ejus
1922 1160 1987 1206 con

1248 1244 1438 1307 sideratioue
1460 1251 1508 1306 est
1527 1243 1769 1324 quiescendum,
1785 1242 1818 1303 in
1840 1248 1985 1322 quantum

1247 1343 1352 1424 passio
1367 1362 1437 1406 mea
1452 1350 1500 1405 cst
1514 1342 1660 1405 ultimum
1676 1348 1708 1403 et
1725 1341 1986 1421 complementum

1247 1441 1390 1504 omnium
1410 1461 1446 1504 ac
1468 1441 1747 1503 saluberrimorum
1771 1439 1985 1521 mysteriorum

1246 1558 1316 1622 quae
1344 1558 1401 1621 pro
1428 1540 1561 1601 humaui
1588 1538 1715 1621 generis
1743 1537 1918 1600 salvatione
1945 1556 1987 1598 as

1246 1637 1378 1719 sumpsi,
1399 1637 1526 1700 exhibui
1548 1646 1602 1700 aut
1621 1636 1756 1718 explevi.
1772 1636 1908 1717 Ipsaque
1929 1642 1987 1697 erat

1246 1736 1392 1799 ultimum
1413 1735 1659 1799 satisfactorium
1682 1743 1713 1797 et
1732 1733 1935 1796 liberativum
1954 1752 1986 1795 ac

442 1838 472 1893 te
500 1830 647 1895 habendo
670 1834 838 1912 custodite,
861 1834 1018 1913 timorate,
1041 1836 1187 1898 sollicite.
1208 1839 1231 1901 B
1247 1834 1442 1897 meritorium
1457 1852 1537 1916 opus
1552 1834 1636 1915 quod
1651 1834 1684 1895 in
1700 1834 1760 1896 boc
1774 1832 1894 1895 mundo
1909 1832 1987 1895 exbi-

441 1925 555 2008 Sicque
572 1927 635 1991 cito
650 1931 818 2010 pervenies
833 1931 872 1993 ad
888 1931 1074 1994 beatificum
1090 1931 1190 1995 linem

442 2024 514 2088 vitae
536 2028 699 2108 sequentis
720 2028 787 2091 line
809 2038 981 2093 carentem.

481 2125 652 2206 Postremo,
660 2145 758 2207 quum
773 2127 891 2190 dicitur
907 2128 1112 2192 simulacrum
1125 2150 1193 2212 gra·

442 2221 504 2301 tiae,
529 2224 631 2305 gratia
658 2244 716 2305 pro
740 2226 827 2288 omni
852 2228 1084 2307 supernaturali
1109 2229 1192 2292 dono

444 2321 613 2402 accipitur,
645 2323 689 2384 ita
715 2324 800 2403 quod
829 2325 962 2407 gloriam
990 2345 1116 2408 quoque
1145 2328 1192 2388 in-

442 2419 554 2483 cludit.

615 2693 860 2760 ARTICULUS
886 2696 1012 2759 XVIII.

440 2854 488 2913 De
506 2851 659 2927 passione
680 2853 805 2911 Christi
828 2854 872 2911 ad
897 2855 1128 2932 qraiescendam
1153 2856 1188 2913 ia

479 2960 516 2999 ea
529 2960 542 3007 ,·
566 2948 596 2998 et
620 2942 765 3019 qualiter
783 2944 893 3015 passio
918 2943 1084 3001 dominica
1111 2944 1189 3002 aliis

1246 1934 1301 1997 bui
1324 1958 1330 1996 :
1352 1932 1427 2015 quia
1451 1934 1485 1994 iu
1509 1932 1722 2015 exspiratione
1745 1950 1818 1993 mea
1841 1930 1874 1992 in
1899 1950 1986 1993 cmce

1246 2032 1327 2095 desii
1347 2052 1415 2095 csse
1435 2032 1537 2094 viator
1556 2050 1593 2094 eo
1613 2031 1707 2093 modo
1727 2047 1790 2112 quo
1809 2028 1856 2091 lui
1876 2030 1985 2091 viator.

1247 2130 1285 2192 Et
1307 2130 1351 2192 ita
1380 2130 1412 2191 in
1442 2129 1600 2211 passione,
1626 2137 1778 2209 tanquam
1807 2127 1840 2189 in
1868 2146 1987 2189 summa

1247 2235 1278 2289 et
1299 2228 1418 2308 optima
1440 2226 1609 2307 medicina,
1626 2226 1660 2288 in
1682 2223 1926 2308 praeclarissimo
1946 2233 1988 2286 to

1246 2325 1309 2387 tius
1331 2324 1482 2401 caritatis,
1500 2324 1668 2406 patientiae,
1686 2322 1887 2399 humilitatis,
1905 2341 1987 2383 man-

1247 2423 1435 2499 suetudinis,
1453 2422 1650 2485 fortitudinis
1664 2430 1697 2484 et
1710 2419 1899 2484 obedientiae
1915 2439 1987 2483 mea

1246 2522 1418 2599 ellectu,iu
1434 2521 1530 2585 totius
1545 2519 1751 2603 perlectionis
1765 2518 1987 2582 doctrinalissi·

1246 2640 1298 2684 mo
1318 2620 1501 2703 exemplari,
1519 2618 1552 2681 in
1573 2617 1832 2700 splendidissimo
1852 2624 1989 2680 conam-

1246 2719 1354 2799 plandi
1374 2718 1590 2799 diligendique
1609 2716 1725 2795 medio,
1747 2715 1780 2777 in
1799 2714 1989 2777 victoriosis-

1245 2818 1326 2879 simo
1341 2817 1432 2898 signo
1447 2816 1543 2879 totius
1557 2814 1658 2897 praelii
1673 2813 1735 2875 mei
1752 2813 1785 2875 iu
1800 2812 1929 2892 saeculo,
1946 2820 1990 2874 cst

1243 2915 1471 2995 quiescendum
1490 2937 1496 2975 ε
1515 2913 1559 2975 ita
1576 2913 1660 2993 quod
1681 2931 1718 2974 ex
1738 2910 1988 2974 consideratione

481 3048 607 3107 quoque
621 3031 725 3088 mods,
740 3032 843 3103 possi,
862 3032 1068 3091 consistorum
1087 3052 1124 3091 a,
1140 3051 1189 3091 re.
1209 3022 1230 3085 c
1246 3012 1403 3094 passionis
1431 3011 1544 3074 Christi
1581 3017 1690 3073 sancto
1724 3008 1855 3071 Deitatis
1884 3027 1989 3071 amore

480 3118 544 3176 coti
559 3138 570 3175 .·
585 3119 645 3196 qai
669 3126 777 3178 carnea
801 3120 891 3178 modi
915 3122 1122 3180 reducantur
1145 3124 1189 3181 ad

478 3214 661 3281 praetactos.

482 3400 652 3464 Sam'aron.
679 3437 720 3448 -
743 3402 951 3483 Desiderium‚
977 3405 1188 3469 consideratio

442 3508 474 3561 et
488 3500 656 3581 occupatio
678 3500 794 3563 mentis
815 3501 962 3565 humanae
978 3504 1089 3582 nequit
1102 3504 1189 3584 quie-

441 3617 541 3676 scere,
560 3598 734 3661 contentari
757 3607 811 3662 aut
832 3600 951 3677 satiari,
974 3600 1035 3661 nisi
1058 3602 1090 3662 in
1113 3620 1188 3664 vero

440 3696 504 3759 Deo
521 3696 596 3776 :qui
612 3716 709 3779 quum
725 3698 767 3758 sit
781 3697 984 3760 amabilitatis
1000 3701 1126 3781 penitus
1142 3700 1189 3761 in·

440 3792 550 3868 liuitae,
568 3794 851 3875 cognoscibilitatis
875 3795 1048 3875 immensas,
1069 3815 1189 3878 ensque

440 3890 584 3954 absolute
606 3892 737 3955 omniuo
753 3892 941 3974 perlectum,
958 3894 1101 3958 omnium
1122 3914 1189 3957 cre

375 4019 378 4023 ·
441 3998 602 4051 aturarum
626 3991 796 4069 desideria,
823 3992 1058 4073 inquisitiones,
1086 3994 1189 4056 consi-

441 4088 631 4165 derationes,
655 4090 824 4151 conamina
847 4090 958 4168 vincit,
980 4092 1187 4171 transcendit,

1245 3128 1428 3187 succensus,
1455 3116 1548 3190 atque
1572 3109 1612 3171 ad
1640 3106 1920 3187 contemplationis
1945 3126 1989 3167 ra-

1243 3209 1331 3271 dium
1347 3209 1499 3288 elevatus,
1516 3206 1662 3288 quiescas
1681 3204 1714 3266 in
1735 3223 1772 3267 ea
1786 3204 1891 3267 modis
1907 3223 1989 3266 nunc

1245 3307 1348 3384 tactis,
1366 3305 1540 3387 praesertim
1561 3311 1654 3386 pmut
1673 3322 1814 3385 peream
1829 3303 1867 3365 ad
1885 3311 1989 3365 actum

1245 3405 1374 3468 fervide
1389 3402 1570 3467 dilectionis
1590 3421 1626 3464 ac
1648 3401 1779 3464 sincerae
1797 3402 1992 3483 contempla-

1243 3503 1339 3566 tionis
1368 3502 1509 3583 erigaris.
1535 3499 1624 3562 Nunc
1653 3518 1709 3581 per
1736 3498 1902 3561 caritatem
1931 3498 1992 3560 ier-

1243 3610 1370 3663 veutem
1386 3608 1417 3662 et
1431 3600 1602 3681 gratiarum
1617 3597 1774 3660 actionem
1797 3596 1994 3678 contempla-

1244 3698 1401 3779 tionisque
1417 3697 1520 3759 lucem
1536 3696 1693 3759 resolutus
1709 3695 1741 3756 in
1758 3714 1809 3757 me
1828 3704 1860 3757 et
1879 3695 1991 3757 intime

1245 3797 1322 3859 mihi
1337 3796 1456 3873 unitus,
1474 3812 1537 3857 non
1558 3812 1663 3857 cesses
1685 3794 1718 3854 in
1740 3793 1900 3874 passIonis
1917 3812 1993 3855 meaa

1244 3894 1448 3958 meditatione
1463 3891 1593 3970 versari,
1608 3892 1736 3970 morari,
1749 3891 1913 3972 occupari,
1926 3892 1994 3972 qui-

1244 4014 1363 4072 escere,
1380 3994 1423 4055 ita
1444 4000 1478 4055 ut
1499 3991 1689 4073 liquefactus
1709 3990 1854 4053 crucifixi
1870 4008 1993 4067 aurore,

1244 4090 1419 4153 vulnereris
1447 4088 1577 4151 caritate
1603 4088 1714 4169 ipsius,
1741 4094 1773 4149 at
1796 4087 1996 4168 jucundissi-

441 4193 609 4268 exsuperat
625 4186 657 4247 iu
673 4186 876 4251 immensum.
893 4188 1018 4251 Etenim
1032 4189 1188 4270 quidquid
1203 4192 1228 4253 D
1245 4208 1331 4251 mum
1351 4187 1409 4251 tibi
1431 4187 1470 4249 sit
1489 4206 1598 4249 secum
1619 4184 1872 4267 compauperari,
1890 4186 1996 4248 bumi-

440 4285 547 4366 appeti
579 4293 692 4366 potest,
723 4285 879 4367 quidquid
904 4287 980 4349 sciri
1009 4296 1063 4349 aut
1090 4287 1187 4368 quari

441 4382 535 4461 valet,
565 4383 598 4445 in
626 4384 696 4464 ipso
724 4385 955 4467 gloriosissimo
982 4385 1047 4449 Deo
1082 4405 1190 4466 super-

441 4480 627 4563 plonissime
646 4491 678 4544 et
696 4483 1006 4565 superessentialiter
1025 4492 1058 4547 et
1081 4504 1190 4566 super-

440 4578 628 4643 lelicissime
643 4580 834 4658 continetur,
852 4589 958 4663 utpote
973 4582 1126 4662 quidquid
1143 4601 1190 4643 sa-

441 4677 578 4758 pientise,
596 4678 748 4760 quidquid
772 4680 930 4761 potentiae,
947 4680 1100 4761 quidquid
1121 4680 1190 4741 dul-

442 4776 565 4839 cedinis
593 4785 624 4840 et
651 4778 786 4858 decuria,
816 4778 978 4841 felicitatis
1008 4786 1040 4841 et
1069 4779 1188 4860 gloriae,

443 4873 598 4955 quidquid
612 4875 1189 4957 divitiarum,deliciarum,honorum,

441 4971 697 5036 dominationum
722 4982 753 5036 et
777 4974 942 5037 libertatis.
965 4972 1034 5037 Non
1058 4993 1134 5055 ergo
1158 4974 1190 5035 in

441 5070 590 5151 passione
615 5090 686 5133 mea
713 5080 762 5133 est
784 5073 1014 5152 qulescendum
1045 5072 1129 5135 sleut
1158 5072 1191 5133 iu

441 5167 555 5231 ultimo
569 5169 721 5232 beatifico
735 5170 876 5250 liue,sed
892 5170 975 5233 sicut
988 5170 1022 5232 iu
1037 5169 1192 5233 efficacis-

443 5266 524 5329 simo
546 5267 774 5332 introductoria
793 5269 832 5331 ad
853 5269 982 5333 Deitatis
998 5270 1191 5351 contempla-

1245 4288 1327 4366 liari,
1344 4286 1482 4364 irrideri,
1498 4284 1692 4366 suppeditari
1708 4292 1740 4347 et
1758 4285 1996 4348 crucilormiter

1245 4386 1320 4468 pati.

1285 4483 1445 4546 Postremo
1459 4482 1565 4564 passio
1586 4500 1656 4543 mea
1670 4488 1773 4563 potest
1794 4488 1826 4543 et
1840 4481 1915 4543 aliis
1931 4500 1997 4545 mo

1245 4582 1295 4644 dis
1309 4580 1563 4663 pensari‚utpote
1578 4580 1616 4642 ad
1631 4580 1818 4642 armandum
1834 4598 1867 4641 sa
1884 4589 1999 4644 contra

1246 4698 1373 4743 omnem
1402 4677 1620 4755 tentationem,
1649 4677 1688 4739 ad
1724 4678 1999 4740 contemnendum

1246 4778 1354 4842 omnia
1382 4796 1463 4840 vana
1486 4776 1611 4854 mundi,
1635 4776 1673 4838 ad
1700 4774 1941 4856 proficiendum
1968 4777 1999 4839 in

1247 4876 1334 4940 omui
1349 4875 1476 4939 virtute.
1495 4875 1555 4937 Sed
1570 4874 1603 4937 hi
1619 4883 1712 4955 atque
1728 4872 1918 4937 consimiles
1934 4894 2001 4941 me

1246 4974 1277 5036 di
1312 4974 1352 5036 ad
1385 4973 1577 5056 praebabitos
1610 4973 1814 5049 reducuntur,
1845 4982 1927 5052 puta
1963 4976 2001 5037 ad

1248 5073 1376 5135 modum
1413 5071 1572 5135 recolendi
1602 5070 1782 5153 passionem
1816 5090 1926 5135 meam
1964 5074 2001 5137 ad

1247 5168 1446 5231 imitandum.

1287 5268 1454 5331 Sxavarus.
1481 5264 1669 5348 -Optime
1696 5264 1825 5349 placent
1853 5266 1955 5351 mibi,
1986 5285 2005 5331 o
