4309 6259
451 460 511 527 eto
924 480 1211 530 summouisse.
1233 497 1275 509 -
1295 480 1366 527 ner.
1389 480 1455 539 xm,
1478 481 1531 527 xrv

452 657 612 740 leguntur,
629 673 693 718 non
712 672 850 736 semper,
866 653 921 717 sed
941 661 1017 716 tnnc
1031 654 1109 716 dum
1123 652 1240 715 utri-A
1256 672 1330 715 nem
1352 652 1511 716 conlessio
1526 650 1604 715 fidei
1620 648 1801 713 christiane
1816 656 1863 711 est
1876 647 1990 711 fructus

451 774 552 837 nsque
586 753 665 835 legis
698 751 911 834 configuratio
944 752 1134 830 insinuatur,
1166 760 1200 814 ut
1255 751 1446 833 evangelicae
1460 749 1648 831 discipline.
1666 748 1788 811 Dicitur
1802 755 1992 829 autemsym·

452 851 486 914 in
513 850 647 932 jejuniis
675 858 810 931 quatuor
837 858 1029 933 temporum,
1058 859 1091 912 et
1124 851 1199 912 dum
1255 850 1363 913 bolum
1391 850 1482 931 quasi
1512 848 1659 912 collectio
1687 846 1891 909 articulorum
1917 845 1990 909 iidei

451 970 490 1013 ca
511 951 712 1013 celebrantur
734 968 804 1029 quae
825 949 858 1011 in
879 949 977 1011 veteri
1000 950 1199 1012 Testamento
1255 948 1455 1025 orthodoxae3
1472 956 1503 1011 et
1521 955 1570 1010 est
1590 946 1714 1029 triplex,
1732 944 1878 1008 videlicet
1894 969 1900 1005 :
1916 946 1990 1027 Apo

452 1047 749 1129 praefigurabantur,
771 1047 853 1109 sicut
870 1046 1061 1128 Baptismus,
1082 1046 1201 1109 Nativi-
1255 1047 1512 1127 stolorum,quod
1529 1046 1562 1107 in
1576 1045 1680 1107 Prima
1695 1052 1727 1107 et
1740 1044 1945 1125 Completorio
1959 1044 1989 1105 in

451 1154 511 1225 tas,
528 1144 645 1208 Passio.
1255 1146 1383 1209 silentio
1404 1145 1533 1225 dicitur,
1550 1145 1587 1207 ud
1611 1143 1838 1206 insinuandum
1860 1143 1939 1224 quod
1960 1144 1989 1203 in

491 1244 525 1305 ln
553 1242 674 1306 officiis
704 1243 835 1323 insuper
868 1242 1020 1305 luctuosis
1049 1242 1120 1304 loco
1149 1240 1200 1301 Al·
1255 1242 1416 1323 primitiva
1431 1241 1574 1304 Ecclesia
1589 1240 1670 1303 fides
1685 1240 1719 1302 in
1735 1239 1948 1321 persecutione
1962 1249 1991 1301 et

453 1340 550 1404 lelnia
572 1342 698 1404 canitur
716 1342 858 1420 Tractus,
881 1341 934 1423 qui
955 1341 1125 1421 asperitate
1146 1358 1199 1401 vo-
1255 1342 1289 1404 in
1311 1341 1514 1405 tribulatione
1534 1340 1607 1419 luit,
1624 1348 1655 1402 et
1674 1339 1798 1402 occulte
1818 1338 1991 1420 predicato

453 1458 527 1502 cum
555 1447 588 1503 et
617 1439 795 1521 prolixitate
829 1439 999 1502 verborum
1035 1438 1199 1520 presentis
1256 1459 1305 1502 res
1320 1439 1475 1519 hahebat3
1492 1439 1578 1502 aliud
1600 1446 1649 1501 est
1668 1437 1845 1520 symbolum
1865 1438 1991 1499 Athana-

453 1537 526 1600 vitae
546 1537 708 1600 miseriam
730 1545 943 1619 representat.
1255 1538 1306 1617 sii,
1323 1537 1526 1600 Alexandrini
1543 1536 1701 1619 episcopi;
1712 1534 1840 1597 tertium
1855 1543 1902 1597 est
1916 1554 1992 1616 sym-

1255 1636 1362 1699 bolum
1384 1636 1520 1713 Patrum‚
1538 1634 1687 1699 videlicet
1712 1642 1920 1697 trecentomm
1942 1635 1991 1695 de

1217 1731 1990 1912 ttttstcttmcmrtraiecti

585 1944 633 2003 De
651 1940 831 2016 Evanpetio
852 1949 882 1999 et
902 1942 1063 2018 symbolo.
1256 1930 1589 2012 supergloriosissimae
1616 1928 1778 1991 Trinitatis
1811 1927 1991 1991 substantia-

1256 2030 1319 2091 lem
1340 2028 1495 2092 unitatem
1518 2028 1687 2111 negabant.

362 2152 437 2191 auu.
521 2132 576 2191 60
602 2132 751 2189 sumtum
779 2128 909 2196 mundi,
937 2126 982 2188 nit
1016 2126 1200 2208 unigenitus
1296 2127 1458 2205 Praeterea,
1488 2146 1551 2209 quo
1584 2126 1685 2189 virtus
1719 2134 1767 2189 est
1794 2124 1928 2207 dignior,
1958 2144 1992 2187 eo

433 2296 439 2309 ,
533 2224 990 2300 FiliusDei.Quemadmodum
1005 2225 1198 2302 dictumest,
1256 2234 1345 2288 actus
1360 2226 1430 2307 ejus
1444 2234 1493 2288 est
1513 2226 1614 2307 magis
1636 2224 1816 2288 meritorius
1837 2232 1929 2304 atque
1950 2223 1993 2286 di·

453 2324 637 2405 evangelica
652 2324 795 2386 doctrina
810 2322 951 2405 perlecta
971 2332 1029 2402 est,
1046 2326 1086 2386 ad
1105 2344 1200 2406 quam
1257 2324 1370 2387 vinior.
1401 2325 1502 2400 Quum
1536 2343 1611 2405 ergo
1641 2323 1773 2386 virtutes
1802 2321 1990 2404 theologice,

452 2421 594 2503 disponit
608 2421 752 2484 doctrina
767 2422 989 2502 Apostolorum
1008 2442 1045 2485 ac
1064 2422 1201 2504 Prophe·
1257 2442 1389 2505 quarum
1417 2422 1500 2485 tides
1530 2431 1577 2485 est
1601 2441 1675 2501 una,
1700 2420 1895 2503 dignissime
1922 2421 1991 2499 sint,

452 2527 580 2581 tarum:
602 2519 722 2582 idcirco
742 2527 813 2601 post
831 2519 1004 2600 Epistulam
1024 2529 1056 2582 et
1074 2540 1111 2583 ea
1131 2539 1200 2602 quae
1255 2531 1345 2584 nctus
1368 2541 1477 2584 earum
1502 2529 1577 2583 sunt
1600 2520 1736 2583 maxime
1761 2519 1913 2582 meritorii
1937 2542 1944 2579 :
1966 2526 1993 2580 et

453 2615 606 2680 ellectum
642 2617 712 2699 ejus
748 2617 886 2699 signant,
916 2618 1125 2699 Evangelium
1153 2638 1201 2681 se·
1256 2640 1332 2702 ergo
1361 2621 1544 2683 christiane
1568 2618 1646 2682 fidei
1669 2618 1802 2681 actualis
1829 2626 1860 2681 et
1888 2618 1995 2681 devota

452 2715 571 2797 quitur.
1256 2719 1415 2782 consessio
1430 2719 1612 2800 plusquam
1632 2716 1695 2779 dici
1718 2724 1822 2798 potest
1841 2717 1889 2779 vel
1913 2716 1994 2778 credi

493 2813 775 2877 Premittitautem
790 2814 955 2893 diaconus,
970 2818 1131 2877 Dominus
1150 2836 1200 2875 vo·
1256 2816 1418 2880 meritoria
1443 2824 1500 2879 est.
1531 2817 1604 2879 ldeo
1633 2814 1740 2878 omnia
1768 2814 1909 2896 symbola
1933 2814 1994 2875 haec

454 2914 576 2972 discum
596 2933 607 2971 .·
626 2912 778 2992 quoniam
799 2912 940 2974 Christus
961 2912 1041 2974 dixit
1060 2912 1201 2994 discipu·
1257 2935 1329 2977 cum
1351 2934 1463 2996 magna
1486 2914 1659 2977 attentione
1684 2920 1715 2976 et
1738 2912 1904 2993 diligentia
1928 2918 1996 2973 sunt
2110 2976 2111 2983 χ

453 3009 504 3087 lis,
521 3028 599 3092 quos
614 3010 653 3071 ad
669 3010 904 3090 praedicandum
919 3010 1127 3092 Evangelium
1143 3012 1237 3079 mi-C
1256 3014 1403 3091 dicenda,
1421 3012 1586 3095 potissime
1607 3020 1714 3075 tamen
1737 3012 1770 3073 in
1791 3011 1893 3073 llissa.

318 3128 372 3173 nuc.
385 3131 438 3179 es.
454 3107 495 3169 sit
512 3131 518 3168 :
535 3108 570 3169 ln
585 3126 819 3189 quamcumque
840 3110 970 3171 domum
994 3110 1199 3188 intraveritis,

453 3206 592 3286 primum
606 3206 714 3284 dicite,
730 3206 791 3268 Pax
810 3207 885 3268 huic
905 3208 1024 3270 domui.
1042 3210 1199 3288 Secund0,

453 3304 492 3365 ad
520 3304 751 3384 designandum
779 3304 863 3385 quod
892 3305 1045 3386 Christus,
1069 3300 1124 3388 qni
1153 3315 1202 3369 est
1447 3276 1691 3340 ARTICULUS
1717 3278 1809 3341 XIV·

454 3401 656 3464 immediatus
675 3402 868 3483 evangelicae
887 3403 1029 3465 veritatis
1050 3405 1201 3486 magister
1279 3428 1326 3487 De
1354 3428 1496 3485 secunda
1519 3425 1706 3500 principari
1729 3434 1827 3501 parte
1853 3428 1973 3496 Mtggae,

452 3508 484 3563 ct
503 3507 624 3577 auctor,
641 3517 706 3563 non
724 3508 773 3563 est
791 3501 894 3563 solum
909 3502 1015 3583 homo,
1033 3504 1200 3567 sedetiam
1428 3516 1578 3573 videlicet
1599 3516 1640 3573 de
1660 3515 1829 3576 oblatione.

454 3598 547 3660 Deus.

493 3696 587 3759 Porro
607 3698 815 3779 Evangelium
830 3699 864 3760 in
879 3698 1007 3763 sinistra
1028 3709 1197 3764 cantatur:
1323 3704 1374 3763 UA
1392 3708 1449 3770 est,
1465 3702 1615 3769 Domine,
1630 3702 1875 3777 magnificentia
1897 3710 1927 3761 et
1945 3720 1996 3777 po-
2008 3716 2105 3759 irent

332 3826 346 3855 a
387 3827 437 3863 .ιι.
453 3795 602 3876 quoniam
619 3796 772 3875 Christum,
789 3815 932 3859 summus
946 3798 1109 3879 Evangelii
1127 3818 1201 3880 prae·
1333 3808 1429 3861 testas
1453 3808 1484 3858 et
1502 3799 1613 3875 gloria
1636 3808 1733 3877 atque
1757 3801 1920 3869 uictoria,¹
1942 3776 2110 3861 tidi¹¹'¹³'¹ll

334 3906 339 3918 ·
452 3893 584 3970 dicator,
602 3912 666 3956 non
681 3894 769 3956 venit
784 3914 898 3958 vocare
916 3896 1030 3977 justos,
1052 3899 1107 3959 sed
1128 3916 1200 3978 poo—
1254 3904 1420 3969 tanetum
1440 3897 1998 3969 divitiae:tuaenimsuntomnim

453 3999 575 4054 catores
589 4015 597 4068 3
613 3994 764 4070 secundo,
781 3993 855 4073 quia
869 3994 985 4057 Iudeis
1002 3995 1034 4056 in
1055 3994 1201 4059 incredu-
1254 4007 1284 4057 et
1299 4016 1371 4076 quw
1385 3999 1425 4055 de
1444 4015 1544 4055 manu
1567 4004 1625 4055 tua
1645 3997 1837 4072 accepimus,
1853 3998 1999 4057 dedimus
2109 3990 2110 4004 ¹

453 4090 541 4153 litate
566 4109 623 4152 sua
648 4091 860 4169 manentibus,
886 4092 1033 4172 gentiles,
1060 4092 1114 4174 qui
1144 4112 1201 4174 per
1256 4098 1325 4156 tibi.
1353 4096 1387 4157 ln
1417 4092 1624 4175 praeexposita
1652 4092 1755 4174 prima
1784 4102 1872 4175 parte
1904 4095 1998 4156 llissae

453 4189 617 4251 sinistram
633 4189 862 4270 exprimuntur,
874 4192 1047 4273 Evangelio
1062 4192 1355 4257 credide-Dmulta
1389 4192 1472 4253 dicta
1500 4190 1646 4271 laetaque
1676 4199 1761 4269 sunt,
1792 4192 1911 4272 quihus
1939 4202 1998 4254 tam

452 4296 537 4349 runt.
553 4287 655 4362 Quum
671 4307 745 4350 vero
764 4288 972 4369 Evangelium
993 4290 1122 4368 dicitur,
1139 4299 1201 4352 stat
1257 4290 1403 4353 sacerdos
1425 4308 1520 4370 quam
1544 4289 1680 4370 populus
1700 4289 1739 4351 od
1759 4288 1873 4351 Christi
1902 4310 2000 4352 sacra-

452 4385 543 4469 plehs
568 4387 671 4467 capite
691 4387 786 4464 nudo,
808 4388 891 4449 etin
911 4388 1071 4470 principio
1097 4390 1201 4470 signat
1256 4397 1362 4451 menta
1385 4389 1598 4470 disponuntur
1622 4396 1652 4449 et
1673 4396 1832 4469 aptantur.
1857 4388 1950 4451 Nunc
1969 4389 1999 4450 in

452 4504 498 4562 sc,
515 4492 666 4565 tanquam
688 4485 726 4547 de
748 4504 842 4547 cruce
863 4485 978 4548 Christi
999 4504 1063 4548 non
1089 4487 1200 4549 erube·
1255 4488 1314 4548 hac
1330 4486 1470 4548 secunda
1484 4492 1572 4566 parte
1591 4483 1696 4547 oflicii
1717 4484 1827 4559 llissae,
1845 4503 1918 4565 quae
1933 4504 2000 4566 pers

452 4601 557 4659 scens,
573 4582 628 4645 sed
643 4582 794 4663 glorians,
810 4592 842 4645 et
861 4583 948 4645 velut
970 4591 1078 4665 parata
1099 4584 1200 4647 conli—
1256 4582 1504 4647 consecrationis
1525 4591 1666 4659 vocatur,
1683 4583 1830 4644 sacerdos
1850 4591 1881 4645 et
1908 4602 2001 4665 popu-

452 4681 511 4743 teri
526 4681 690 4762 Evangelii
706 4680 817 4760 iidem,
834 4689 866 4744 et
880 4682 986 4759 etiam,
1004 4682 1029 4744 si
1045 4702 1125 4764 opus
1140 4692 1198 4763 est,
1256 4684 1305 4745 lus
1321 4683 1421 4763 magis
1437 4680 1619 4743 immediate
1633 4688 1727 4762 atque
1742 4679 1862 4743 directe
1877 4684 1921 4745 ad
1936 4700 2002 4744 con·

453 4778 534 4842 mori
557 4797 614 4860 pro
633 4798 682 4841 eo.
699 4779 786 4842 Unde
806 4780 979 4861 plurimum
1002 4781 1202 4861 reprehensi·
1256 4779 1467 4843 secretionem
1491 4778 1542 4841 vel
1567 4778 1756 4841 sacramenti
1786 4780 2001 4861 receptionem

454 4876 533 4939 biles
545 4884 619 4938 sunt
630 4876 685 4957 qni
698 4884 838 4959 tempore
849 4878 1042 4959 evangelicae
1054 4878 1201 4941 lectionis
1257 4885 1418 4960 parantur.

453 4974 523 5037 sine
537 4973 670 5055 speciali
692 4974 881 5038 necessitate
896 4975 946 5037 vel
963 4994 1059 5037 causa
1078 4976 1199 5057 sedent,
1296 4975 1499 5039 Premittitur
1512 4976 1598 5037 enim
1614 4974 1927 5056 Ollertorium,qu0d
1943 4976 2002 5058 spi-

452 5073 503 5135 vel
527 5073 744 5135 sustentaculo
765 5073 955 5136 innituntur.
1258 5075 1403 5137 ritualem
1433 5074 1639 5137 offerentium
1663 5074 1900 5155 jucunditatem
1925 5075 2002 5138 desi·

493 5170 784 5252 Congruentissime
803 5190 879 5234 vero
899 5179 971 5253 post
991 5171 1200 5252 Evangelium
1257 5181 1344 5255 grat,
1360 5172 1494 5235 hilarem
1510 5172 1596 5233 enim
1611 5172 1751 5234 datorem
1772 5170 1882 5253 diligit
1902 5174 2001 5249 Deus3
2016 5185 2106 5239 uter.

453 5269 571 5332 dicitur
595 5268 779 5352 Symbolum
802 5268 892 5350 fidei,
918 5268 1041 5333 scilicet
1064 5270 1197 5334 Credo:
1257 5278 1289 5334 et
1321 5270 1398 5333 item
1432 5268 1718 5353 promptitudinem
1751 5268 1936 5334 animorum
1969 5270 2004 5334 ad
