4309 6259
477 524 516 572 aa
538 526 627 571 oours
648 524 782 571 seramus
804 523 922 581 saucrr,
944 523 1120 572 rnacrarus
1139 526 1160 570 1.
1182 544 1223 555 -
1242 525 1313 570 aar.
1336 523 1391 571 vm
1648 506 1707 573 toa

923 694 1057 758 Avalet.
1083 696 1255 773 Postremo,
1279 696 1547 777 quemadmodum
1575 696 1707 761 virtutes

354 754 598 819 ARTICULUS
622 754 713 818 VIII·
964 793 1150 875 theologiam
1169 794 1253 857 dona
1276 794 1447 872 excellunt,
1472 794 1518 857 sic
1546 795 1585 857 ad
1609 795 1709 859 divini

168 908 255 975 Quod
282 907 368 965 sicut
397 906 537 964 virtutes
565 904 717 980 efficiunt
746 904 906 963 hominem
964 892 1134 955 instinctus
1163 892 1324 974 sequelam
1349 892 1542 955 eminentius
1568 902 1708 957 mentem

205 998 278 1055 bene
297 994 502 1071 dt'rt'yibt'lem
523 1012 579 1053 seu
598 994 747 1052 mobilem
766 1011 786 1051 a
809 994 908 1052 ratio·
964 998 1123 1073 coaptant,
1144 989 1306 1072 potissime
1326 990 1452 1066 caritaS,
1474 1008 1545 1071 quaa
1568 999 1709 1053 mentem

205 1104 253 1155 oe,
265 1087 312 1144 ⁸5⁶
326 1086 413 1144 <1⁰²²st
428 1102 448 1142 a
462 1084 597 1158 Spiritu
613 1083 745 1144 Saltem·
963 1089 1026 1152 ileo
1050 1088 1161 1151 intime
1181 1088 1297 1169 jungit.
1307 1088 1445 1162 Qualiter
1465 1106 1540 1169 ergo
1559 1089 1709 1170 predicta

963 1186 1125 1249 distinctio
1156 1185 1240 1249 inter
1267 1184 1401 1248 virtutes
1430 1204 1467 1249 ac
1497 1186 1581 1249 dona
1609 1188 1711 1250 salva-

232 1285 319 1348 anto
346 1285 475 1347 demum
506 1284 613 1365 regina
640 1302 676 1346 ac
702 1282 833 1347 domina
853 1300 908 1365 po-
964 1284 1071 1347 hiturt

245 1383 333 1445 nitur
353 1382 496 1445 omnium
520 1381 634 1444 virium
650 1380 774 1444 anima.
792 1381 851 1444 Sed
867 1400 907 1443 ne
1004 1382 1040 1443 Et
1065 1382 1333 1465 respondendum,
1358 1382 1442 1463 quod
1468 1381 1528 1445 ista
1551 1382 1710 1446 distinctio

165 1480 435 1545 homoarationis
451 1498 653 1561 censuraper
668 1478 821 1559 impetum
837 1498 908 1560 pas-
964 1479 1089 1542 subtilis
1116 1498 1153 1541 ac
1181 1478 1301 1559 optima
1334 1486 1393 1541 est.
1422 1478 1629 1559 intelligenda
1663 1488 1712 1542 est

165 1580 286 1642 sionum
302 1577 515 1659 vitiorumque
530 1577 705 1640 abducatur
719 1576 905 1657 impulsum,
963 1576 1112 1658 equidem
1127 1577 1167 1638 de
1190 1576 1244 1638 illa
1265 1575 1397 1657 speciali
1419 1576 1558 1639 motione
1573 1576 1710 1659 Spiritus

165 1677 347 1741 necessarie
382 1684 456 1737 sunt
491 1675 623 1737 virtutes
657 1674 804 1751 morales,
838 1694 907 1756 quaa
964 1674 1070 1737 Sancti
1092 1674 1132 1735 ad
1153 1692 1249 1754 quam
1270 1672 1403 1735 virtutes
1425 1692 1489 1736 non
1510 1673 1710 1738 sufficienter

164 1775 324 1857 passiones
348 1781 507 1851 coercent,
529 1781 622 1854 atque
644 1772 829 1835 sensibilem
854 1792 908 1853 ap
962 1772 1147 1854 disponunt.
1172 1771 1340 1834 Ostensum
1363 1778 1412 1833 est
1434 1771 1521 1833 enim
1546 1790 1604 1835 cnr
1627 1773 1710 1835 ultra
1723 1793 1833 1841 uase.

163 1874 294 1955 petitum
310 1873 376 1954 (qui
400 1872 433 1933 in
456 1871 741 1953 concupiscibilem
765 1870 906 1933 irascibi-
925 1868 949 1931 B
965 1870 1097 1934 virtutes
1120 1869 1203 1931 dona
1224 1868 1434 1949 requirantur.
1455 1868 1594 1933 Virtutes
1613 1870 1710 1933 etiam

163 1973 284 2053 lemque
309 1971 457 2053 partitur)
483 1970 596 2032 rationi
619 1968 806 2050 subjiciunt,
831 1988 907 2051 qua·
965 1968 1147 2031 immediate
1162 1973 1360 2030 concernunt
1374 1966 1544 2049 potentias,
1559 1968 1711 2031 donave-

163 2080 249 2133 tenus
263 2070 336 2151 ejus
352 2070 384 2131 iu
400 2069 548 2131 omnibus
570 2077 720 2151 sequatur
737 2068 905 2149 judicium.
963 2086 998 2131 ro
1014 2066 1186 2149 perficiunt
1207 2066 1292 2146 ipsas
1313 2064 1458 2127 virtutes.
1476 2065 1613 2127 Virtutes
1635 2085 1711 2147 ergo

162 2169 430 2242 Quemadmodum
466 2166 565 2249 igitur
597 2166 693 2230 homo
728 2185 747 2227 a
786 2166 907 2229 ratione
964 2163 1086 2226 iaciunt
1109 2172 1247 2226 mentem
1272 2163 1354 2226 beno
1377 2162 1529 2225 mobilem
1552 2182 1571 2225 a
1592 2161 1711 2244 Spiritu

163 2274 306 2348 pmmpte
321 2273 415 2347 atquo
430 2264 568 2328 faciliter
583 2264 693 2346 nequit
708 2264 827 2328 moveri
844 2262 906 2325 nisi
963 2260 1078 2325 Sancto
1094 2261 1327 2342 quodammodo
1342 2258 1491 2337 mediate,
1507 2260 1591 2323 dona
1604 2267 1710 2322 autem

163 2364 333 2427 virtutibus
355 2362 543 2444 perficiatur
564 2362 749 2440 moralibus,
770 2362 816 2425 sic
838 2361 908 2443 Spi-
963 2359 1156 2422 immediate.
1183 2357 1261 2421 Nam
1287 2358 1420 2420 virtutes
1442 2357 1537 2421 donis
1559 2358 1713 2439 juvantur

163 2464 236 2524 ritus
264 2460 374 2524 Sancti
404 2460 646 2544 inspirationem
681 2480 737 2523 seu
771 2468 905 2537 motum,
963 2465 1056 2539 atque
1071 2464 1236 2535 ornantur,
1252 2464 1288 2517 ut
1308 2453 1471 2517 hominem
1493 2455 1557 2518 Deo
1579 2454 1613 2517 in
1634 2473 1713 2517 eun-

161 2560 239 2623 bene
260 2578 299 2622 ao
320 2558 413 2642 plene
436 2558 575 2640 recipere
598 2557 778 2639 imitarique
798 2557 908 2639 nequit
963 2555 1022 2617 ctis
1037 2553 1178 2636 perlecto
1192 2551 1375 2634 subjiciant.
1388 2552 1452 2615 Nee
1466 2554 1648 2616 mirandum
1663 2560 1712 2616 est

163 2659 220 2721 nisi
244 2657 340 2721 donis
360 2658 532 2720 adornetur
551 2655 715 2733 Paracleti,
732 2654 907 2737 prasertim
963 2654 1034 2717 hoc.
1052 2652 1130 2715 Nam
1146 2651 1227 2713 fides
1249 2658 1280 2713 et
1301 2669 1375 2732 spes
1396 2650 1430 2712 in
1445 2651 1575 2732 propria
1589 2650 1712 2714 ratione

71 2780 127 2819 am
162 2777 255 2839 quum
280 2757 367 2820 dicat
390 2755 558 2838 Apostolus
585 2779 592 2817 ι
615 2754 713 2817 Nemo
737 2762 840 2837 potest
861 2752 908 2815 di·
962 2750 1237 2835 imperfectionem
1260 2748 1427 2811 includunt
1452 2771 1459 2808 :
1483 2750 1567 2811 nude
1592 2768 1651 2811 nec
1677 2748 1711 2811 in

49 2872 54 2883 ·
162 2875 241 2933 cere,
258 2853 413 2918 Dominus
435 2853 535 2932 lesus,
551 2852 613 2914 nisi
637 2852 670 2913 in
690 2852 810 2934 Spiritu
832 2851 908 2913 San·
962 2850 1065 2932 patria
1088 2855 1229 2910 manent.
1254 2846 1372 2909 Caritas
1396 2864 1522 2927 qnoque
1546 2848 1712 2929 praesentis

162 2962 220 3015 cto.
243 2952 399 3033 Denique,
422 2950 460 3013 ad
486 2949 724 3031 suscipiendum
750 2948 906 3011 iniluxum
963 2947 1036 3011 vitea
1058 2945 1246 3028 imperfecta
1265 2943 1396 3024 exsistit,
1413 2961 1511 3024 quum
1533 2942 1573 3005 de
1592 2942 1712 3006 Joanne

161 3051 281 3113 altioris
303 3048 445 3125 motoris,
462 3048 627 3111 sublimior
647 3046 785 3128 exigitur
803 3046 908 3128 diapo-
927 3043 1101 3125 CBaptista
1126 3043 1268 3105 Christus
1292 3048 1423 3104 testatus
1447 3040 1499 3117 sit,
1524 3039 1582 3115 Qui
1609 3039 1713 3103 minor
1727 3066 1857 3117 aaran,

162 3148 232 3210 sitio
257 3146 398 3210 mobilis.
418 3145 689 3219 Quemadmodum
713 3162 788 3225 ergo
810 3144 908 3207 motio
964 3143 1058 3205 estin
1074 3160 1172 3223 reguo
1187 3143 1353 3218 coelorum,
1369 3141 1401 3203 id
1423 3148 1471 3203 est
1486 3140 1618 3202 iniimus
1637 3140 1713 3202 Bea-
1729 3132 1766 3171 ¹¹·

162 3244 296 3327 Spiritus
312 3244 418 3307 Sancti
438 3242 565 3324 dignior
585 3250 685 3305 exstat
708 3242 846 3305 motione
862 3262 910 3303 ra·
965 3241 1201 3322 torum‚ma1'or
1222 3250 1270 3303 est
1292 3240 1366 3317 ilio;
1382 3241 1421 3301 de
1442 3257 1506 3320 quo
1529 3238 1624 3321 paulo
1639 3247 1713 3300 ante

162 3344 266 3421 tioniS,
281 3344 329 3405 sic
344 3343 426 3405 dona
441 3341 658 3424 praestantiora
673 3348 834 3423 ponuntur
848 3341 910 3403 vir·
966 3340 1168 3423 predixerat:
1178 3338 1262 3400 inter
1276 3345 1366 3401 natos
1381 3337 1552 3400 mulierum
1566 3356 1631 3399 non
1645 3356 1714 3399 sur·
1726 3358 1818 3404 raum.

161 3443 278 3505 tutibus
295 3440 480 3504 moralibus.
967 3438 1045 3501 rexit
1066 3436 1170 3517 maior
1191 3435 1310 3497 loanne
1331 3435 1480 3515 Baptista.
1502 3434 1533 3495 Si
1554 3451 1630 3515 ergo
1650 3434 1715 3495 vir-

199 3542 286 3603 Hanc
315 3538 551 3601 distinctionem
576 3538 607 3601 S.
629 3537 777 3615 Thomas,
800 3537 911 3600 doctor
967 3544 1049 3599 tutes
1079 3534 1266 3616 theologicae
1292 3533 1436 3614 indigent
1461 3531 1566 3609 donis,
1595 3540 1713 3614 quanto

44 3648 148 3693 sumen.
163 3638 243 3700 inter
265 3637 437 3700 modemos
459 3634 605 3712 eximius,
628 3634 722 3696 tradit
746 3658 752 3695 ι
776 3652 846 3715 quae
868 3642 912 3696 ta-
967 3632 1068 3715 magis
1083 3632 1175 3695 aliaet

45 3716 148 3819 ι’ῃζζζζζ
163 3756 234 3798 men
256 3736 348 3818 pium
371 3734 600 3797 intellectorem
624 3731 767 3814 requirit.
785 3732 912 3795 Constat
1006 3732 1059 3794 ilis
1074 3738 1180 3793 autem
1195 3728 1508 3792 concordatverbum
1520 3726 1712 3809 Philosophi,

162 3836 246 3897 enim
262 3834 348 3917 quod
363 3831 623 3913 quelibetvirtus
636 3830 910 3893 reddithominem
968 3837 1103 3893 tractatu
1124 3830 1163 3890 de
1183 3829 1270 3890 Bona
1289 3826 1417 3889 fortuna
1436 3825 1570 3888 dicentis
1587 3848 1594 3886 :
1610 3826 1644 3887 ln
1663 3826 1714 3888 his

163 3933 240 3995 bene
270 3931 422 3995 mobilem
455 3950 473 3993 a
507 3929 625 4011 Spiritu
657 3930 784 4005 Sancte,
814 3946 912 4009 quum
968 3948 1038 4010 quaa
1059 3946 1116 4009 per
1135 3926 1279 3988 divinum
1301 3925 1867 3993 instrumentorumoven--m

163 4040 224 4093 tota
248 4038 359 4094 nostra
386 4027 540 4110 perfectio
570 4026 601 4088 in
631 4026 691 4089 hoc
721 4026 779 4088 sita
810 4026 913 4089 cousi·
970 4036 1030 4107 tur,
1046 4024 1208 4089 consiliari
1224 4042 1287 4087 non
1303 4023 1429 4105 expedit
1447 4024 1623 4085 seeundum
1644 4022 1716 4085 rati-

163 4136 221 4189 stat
249 4136 285 4191 ut
315 4126 451 4208 Spiritus
480 4124 585 4187 Sancti
619 4124 781 4187 imitemur
805 4124 915 4185 iustin·
969 4143 1063 4188 onem
1079 4124 1262 4201 humanam,
1276 4122 1331 4184 sed
1346 4129 1381 4184 ut
1400 4120 1716 4202 sequanturinterio

163 4236 248 4290 ctum
265 4250 273 4287 z
291 4226 440 4307 adquam
463 4222 674 4286 imitationem
690 4222 839 4304 quelibet
855 4223 915 4283 vir·
930 4222 954 4283 D
971 4242 1036 4284 rem
1053 4220 1240 4282 instinctum
1252 4244 1259 4281 :
1271 4226 1440 4282 moventur
1453 4218 1540 4281 enim
1557 4237 1576 4279 a
1590 4218 1715 4281 meliori

164 4333 211 4386 tus
226 4344 287 4388 nos
303 4330 469 4407 preparat,
486 4330 520 4383 ut
534 4321 698 4403 patientia,
712 4320 802 4401 juxta
823 4320 911 4397 illud,
969 4319 1129 4403 principio
1155 4336 1250 4399 quam
1276 4317 1416 4378 humana
1443 4317 1483 4378 sit
1509 4316 1599 4379 ratio.
1628 4317 1715 4378 Unde

38 4423 196 4487 mnemia
229 4420 385 4505 patientia
417 4426 521 4482 vestra
553 4418 758 4500 possidebitis
791 4418 914 4480 animas
970 4420 1106 4481 Thomas
1138 4416 1192 4493 ait,
1221 4415 1306 4497 quod
1336 4415 1419 4478 dona
1451 4414 1626 4497 perficiunt
1659 4415 1715 4477 ho-
1729 4435 1850 4481 samu.

38 4538 150 4593 caraem,
166 4528 309 4597 restras3
326 4518 488 4581 humilitas
503 4536 640 4599 quoque,
649 4516 736 4598 juxta
752 4516 842 4594 illud,
859 4516 915 4578 Su·
971 4517 1090 4579 minem
1115 4515 1154 4577 ad
1179 4514 1306 4576 altiores
1330 4520 1419 4575 actus
1447 4531 1542 4593 quam
1567 4520 1642 4573 sunt
1664 4532 1715 4575 ac·
1728 4498 1853 4603 mpii

38 4606 151 4653 tauma.
165 4637 221 4699 per
246 4636 345 4699 quem
370 4616 545 4697 requiescet
569 4614 705 4694 Spiritus
731 4633 832 4690 meus,
853 4613 914 4675 uisi
972 4622 1021 4676 tus
1045 4612 1198 4674 virtutum
1216 4610 1395 4673 :excedunt
1415 4626 1553 4690 namque
1575 4623 1756 4671 commu-na
1770 4590 1817 4667 υἷι.

166 4736 263 4799 super
292 4714 434 4798 quietum
461 4721 492 4775 et
520 4712 703 4774 humilemt
728 4711 915 4795 simplicitas
972 4730 1045 4773 nem
1070 4708 1297 4791 perlectionem
1322 4708 1495 4785 virtutum3
1517 4726 1582 4770 nou
1609 4714 1715 4769 mmon

57 4816 276 4891 stersetiam,
303 4814 390 4894 juxta
420 4811 499 4874 illud
521 4834 527 4872 :
550 4809 686 4891 Spiritus
711 4810 842 4871 Sanctus
870 4810 918 4872 di·
972 4816 1125 4891 quantum
1154 4808 1193 4869 ad
1226 4826 1327 4887 genus
1357 4806 1474 4888 operis,
1504 4805 1587 4867 sicut
1614 4804 1718 4868 eonsi-

166 4912 314 4995 sciplinaa
340 4909 472 4991 effugiet
497 4908 621 4985 fictum,
645 4907 677 4969 id
704 4915 751 4969 est
776 4908 919 4989 hypocri-
973 4908 1026 4983 lia,
1051 4906 1105 4967 sod
1132 4906 1234 4986 quoad
1262 4905 1391 4966 modum
1417 4904 1544 4984 agendi,
1569 4903 1718 4985 quoniam

166 5012 238 5073 sim.
256 5008 407 5073 Omnium
430 5026 566 5089 namque
587 5006 738 5068 virtutum
759 5005 917 5087 generalis
974 5004 1061 5067 nulla
1087 5003 1188 5065 virtus
1215 5002 1259 5065 sic
1284 5001 1412 5085 perlicit
1435 5001 1597 5064 hominem
1621 5020 1720 5082 quan-

165 5128 201 5171 ac
231 5108 367 5171 ultimus
397 5104 485 5183 linis,
511 5112 559 5166 est
588 5104 787 5167 introducere
817 5104 918 5166 homi-
974 5112 1040 5165 tum
1069 5102 1109 5164 ad
1138 5101 1284 5163 ultimum
1301 5099 1399 5161 irnem
1414 5100 1492 5180 quin
1508 5118 1634 5179 semper
1654 5117 1721 5161 mo

165 5228 240 5270 nem
263 5206 307 5269 ad
329 5204 513 5268 felicitatem
538 5201 699 5266 coelestem
718 5226 724 5264 :
741 5202 825 5283 quod
850 5202 918 5264 sinc
975 5200 1041 5263 veri
1064 5200 1206 5281 indigeat
1229 5197 1384 5281 superiori
1410 5198 1560 5260 instinctu
1585 5195 1721 5277 Spiritus

165 5304 346 5370 sectatione
377 5302 511 5385 Spiritus
536 5301 643 5365 Sancti
669 5300 821 5382 compleri
853 5319 916 5363 non
975 5299 1093 5362 Sancti.
