4309 6259
474 519 515 568 aa
534 519 683 569 rassroua
703 520 811 570 nourur
831 520 1019 569 suavisonis
1040 520 1201 569 unrocus.
1224 539 1264 551 -
1285 521 1354 567 aar.
1379 522 1413 567 ιιι
1657 504 1718 567 275

180 707 245 751 mea
257 689 295 752 ad
310 689 454 752 homines
468 690 519 753 bis
534 690 630 754 tantis
643 690 811 754 aetatibus
825 690 918 754 donis
933 693 959 754 A
973 690 1037 755 feci
1057 690 1212 754 miracula
1226 690 1342 773 ubique
1364 699 1530 770 terrarum,
1547 708 1604 772 pro
1626 710 1720 755 evan-

179 786 235 851 fuit
252 791 421 850 eontental
436 786 546 853 Nonne
571 790 703 872 insuper
726 790 919 872 supercoele-
972 787 1075 870 gelica
1097 790 1167 872 lege
1189 788 1436 853 corroboranda!

179 894 237 948 stes
258 883 356 963 cives,
376 884 577 949 beatissimos
601 886 744 968 spiritus,
768 894 918 969 praestan-
1010 888 1049 951 Et
1063 906 1149 949 nune
1165 894 1198 949 tu
1223 886 1290 969 ipse
1315 888 1443 949 adverte
1466 905 1561 968 quam
1584 886 1720 967 gratiose

178 980 310 1045 tissimos
324 983 467 1063 angelos,
477 984 713 1065 preclarissimi
729 1004 918 1067 supermun-
971 994 1003 1048 et
1030 984 1228 1048 beneficiosa
1257 992 1362 1048 tecum
1391 985 1511 1067 peregi,
1542 1003 1560 1046 a
1592 983 1720 1065 quantis

178 1080 246 1143 dani
274 1081 335 1141 mei
370 1080 480 1162 palatii
514 1082 644 1160 milites,
675 1084 714 1145 ad
749 1082 916 1146 bominum
972 1084 1059 1146 vitiis
1076 1093 1106 1146 te
1127 1083 1252 1161 retraxi,
1270 1084 1303 1145 in
1323 1082 1450 1165 quantis
1470 1081 1644 1145 sceleribus
1663 1082 1720 1145 diu

177 1178 312 1258 delegavi
337 1178 513 1242 custodiam
537 1188 631 1261 atque
658 1180 860 1262 obsequium,
885 1188 917 1242 et
953 1190 1002 1245 'te
1016 1181 1160 1245 toleravi.
1174 1182 1218 1243 Ex
1233 1180 1414 1244 christianis
1430 1179 1615 1262 parentibus
1630 1178 1718 1241 nasei

176 1275 342 1356 unicuique
360 1276 483 1339 bomini
503 1277 653 1359 deputavi
672 1296 709 1341 ac
728 1277 802 1339 misi
821 1296 916 1359 ange·
970 1289 1001 1344 te
1021 1280 1106 1343 volui
1121 1303 1128 1357 ;
1144 1280 1336 1362 baptismate
1360 1286 1391 1341 te
1416 1276 1588 1355 mundavi;
1604 1276 1638 1338 in
1664 1276 1719 1339 illo

175 1373 236 1435 lum
255 1373 440 1456 propriuml
454 1373 565 1438 Nonne
580 1375 619 1439 ab
635 1376 764 1439 exordio
785 1376 915 1438 saculo-
971 1386 1001 1441 te
1020 1378 1159 1461 primum
1179 1375 1471 1459 supernaturalibus
1490 1374 1598 1456 gratiae
1616 1372 1718 1437 cbari-

175 1490 239 1533 mm
263 1491 364 1553 usque
387 1474 428 1535 ad
451 1474 721 1555 supernaturalem
746 1472 916 1536 beatitudi-
970 1475 1124 1539 smatibus
1148 1474 1296 1537 decoravi
1328 1498 1335 1536 :
1364 1491 1435 1554 quas
1459 1490 1557 1554 quum
1585 1471 1717 1535 rationis

173 1589 242 1633 nem
252 1572 385 1653 perduxi
399 1590 501 1652 genus
515 1571 701 1649 humanum,
718 1579 753 1634 ut
767 1572 800 1633 in
816 1590 914 1653 regno
970 1592 1063 1637 usum
1089 1573 1218 1637 sortitus
1242 1572 1403 1655 peccando
1427 1570 1600 1647 amisisses,
1617 1570 1719 1652 poeui-

173 1669 334 1746 coelorum,
352 1669 385 1730 in
400 1669 477 1732 orbe
492 1688 640 1752 empyreo
654 1670 802 1733 homines
821 1689 913 1752 pares
968 1672 1047 1735 tenti
1072 1671 1206 1735 restitui.
1227 1670 1366 1749 Quoties,
1383 1688 1481 1750 quum
1505 1669 1644 1751 graviter
1666 1688 1719 1731 ex-

172 1768 232 1828 sint
245 1766 368 1848 angelis
383 1768 502 1830 mactis
514 1786 572 1850 per
584 1768 767 1831 beatificam
782 1766 913 1830 Deitatis
968 1770 1092 1834 cessisti
1114 1788 1151 1833 ac
1175 1770 1301 1852 penitus
1324 1768 1427 1830 deseri
1451 1767 1607 1847 meruisti,
1624 1766 1719 1830 mise-

171 1864 364 1944 lruitionem,
380 1883 437 1946 per
451 1864 570 1927 claram
588 1874 621 1928 et
639 1864 855 1929 immediatam
875 1884 913 1927 ac
928 1873 951 1935 Β
968 1868 1136 1945 ricordius,
1164 1870 1228 1931 imo
1251 1876 1283 1930 et
1307 1865 1603 1929 misericordissime
1626 1865 1665 1927 ad
1687 1874 1717 1929 te

170 1962 312 2025 lacialem
328 1962 445 2026 divina
460 1963 606 2026 essentie
620 1963 799 2027 visioneml
969 1968 1047 2031 redii
1070 1976 1163 2049 teque
1183 1966 1334 2049 praeveni,
1351 1964 1473 2045 ingenti
1497 1964 1606 2028 dolore
1631 1982 1718 2027 com-

206 2059 317 2123 Nonne
333 2061 366 2122 in
381 2061 492 2123 mundi
508 2061 669 2145 principio
683 2061 830 2125 homines
842 2078 913 2142 pro-
969 2067 1067 2147 punxi
1091 2074 1186 2147 atque
1209 2065 1248 2127 ad
1268 2064 1401 2127 meliora
1419 2062 1574 2144 perduxit
1590 2062 1717 2137 Quoties

169 2159 317 2240 teplastes
344 2159 377 2220 in
402 2159 548 2241 paradiso
572 2158 734 2237 constitui,
758 2168 914 2240 quatenus
970 2164 1073 2227 adhuc
1094 2164 1225 2247 puemlo
1244 2170 1276 2225 et
1294 2162 1377 2225 inter
1395 2160 1555 2223 dexteram
1574 2168 1660 2223 tuam
1680 2180 1717 2223 ac

168 2257 242 2319 mibi
261 2257 442 2321 obediendo
460 2258 608 2320 eumdem
632 2257 755 2320 sibiae
779 2256 914 2339 posteris
969 2262 1131 2325 sinistram
1156 2261 1338 2325 discernere
1362 2260 1415 2322 vix
1437 2260 1568 2337 valenti,
1585 2258 1717 2322 internae

168 2354 231 2417 suis
253 2363 466 2434 reservarent,
482 2375 519 2419 ac
543 2356 618 2418 inde
641 2355 709 2418 sine
729 2355 856 2418 tristitia
876 2374 913 2418 ac
969 2360 1170 2437 visitationis,
1201 2378 1345 2441 supemae
1374 2356 1606 2435 illustrationis,
1632 2375 1718 2420 amo-

166 2462 323 2517 tormento
337 2455 377 2517 ad
392 2454 575 2536 paradisum
590 2452 837 2517 transferrentur
851 2471 914 2516 coe·
969 2476 1048 2521 rosae
1077 2456 1352 2536 inflammationis,
1381 2454 1636 2537 contemplativae
1664 2456 1719 2518 ad·

167 2550 298 2613 lesteml
331 2551 443 2615 Nonne
475 2552 508 2613 in
536 2550 685 2634 originali
714 2551 849 2634 justitia,
879 2550 913 2613 in
969 2556 1159 2635 mirationis,
1180 2555 1313 2619 occultae
1338 2552 1566 2617 consolationis
1587 2571 1719 2615 munera

166 2649 337 2733 multiplici
366 2649 468 2731 gratia
496 2649 624 2713 condidi
649 2668 715 2731 eos,
740 2668 913 2731 eorumque
969 2654 1102 2733 contuli,
1120 2656 1203 2717 sieut
1217 2661 1252 2716 tu
1267 2654 1335 2735 ipse
1350 2651 1464 2714 melius
1479 2670 1565 2713 nunc
1580 2650 1719 2713 advertis

166 2755 306 2829 posteros
334 2749 471 2812 condere
495 2748 717 2829 disponebam,
734 2748 761 2810 si
781 2766 846 2811 non
865 2747 914 2809 in·
968 2772 1004 2815 ac
1025 2752 1191 2815 admiraris
1216 2770 1311 2833 quam
1337 2752 1434 2814 tuncl
1454 2750 1520 2812 lmo
1541 2756 1573 2812 et
1592 2748 1644 2813 vix
1666 2749 1721 2812 de·

164 2846 354 2909 wlfeni-5801
367 2865 404 2909 ³⁰
419 2846 639 2929 impedivisset
652 2846 914 2921 OffessstlQssfflft
968 2851 1075 2929 cenni,
1102 2852 1197 2933 hujus
1224 2851 1256 2912 in
1286 2869 1349 2931 qua
1377 2868 1462 2911 nunc
1492 2867 1525 2911 es
1554 2846 1719 2929 religionis

165 2961 223 3024 que
236 2952 512 3026 peccassent,non
526 2964 581 3008 eos
596 2963 668 3008 mox
682 2943 913 3027 irrecuperabi-
968 2949 1167 3032 propositum
1197 2947 1361 3030 inspirari.
1387 2946 1475 3021 Quod
1503 2946 1599 3008 etiam
1628 2944 1655 3006 si
1685 2945 1718 3007 in

164 3042 232 3105 liter
242 3042 458 3107 condemnavi
472 3050 508 3107 ut
521 3042 651 3125 angelos
666 3042 746 3105 mibi
758 3043 911 3124 ingratos,
930 3048 953 3111 C
970 3056 1023 3111 tua
1038 3054 1193 3130 potestate
1212 3046 1337 3123 fuisset,
1354 3045 1430 3109 satis
1451 3044 1516 3108 cito
1538 3044 1716 3125 implesses.

164 3141 216 3201 sed
240 3140 464 3224 temporaliter
486 3141 654 3223 castigavi,
678 3149 711 3204 et
737 3142 777 3204 de
805 3140 912 3203 futura
968 3144 1005 3207 ut
1023 3146 1056 3207 in
1076 3146 1137 3208 boc
1157 3152 1187 3207 tc
1208 3144 1312 3207 laudo.
1328 3142 1397 3207 Non
1417 3142 1503 3206 enim
1527 3142 1614 3204 vales
1637 3139 1718 3205 obli-

163 3257 269 3301 eomm
292 3240 521 3322 redemptione
539 3247 732 3304 contestatus
756 3259 827 3302 sum
851 3238 909 3303 eis.
967 3243 1060 3321 visci,
1071 3243 1194 3325 quoties
1210 3242 1368 3305 interdum
1384 3240 1541 3323 repulsus,
1549 3258 1622 3301 cum
1636 3238 1718 3301 fletu

164 3336 253 3401 l'aria
279 3356 410 3421 quoquc
432 3339 606 3420 gratianum
630 3338 821 3401 charismata
848 3337 912 3401 cle-
966 3360 1003 3405 ac
1023 3342 1144 3423 gemitu
1164 3340 1379 3422 retrospexisti
1399 3340 1438 3401 ad
1458 3339 1646 3401 intuendum
1666 3356 1718 3399 ee·

161 3436 218 3499 etis
233 3456 350 3500 eorum
364 3436 500 3518 posteris
519 3455 590 3499 sum
610 3436 752 3517 largitus.
770 3436 909 3499 Tandem
966 3439 1098 3502 alesiam
1133 3438 1273 3516 claustri,
1309 3455 1474 3519 quousque
1506 3436 1617 3498 turrim
1646 3435 1716 3516 ejus

161 3534 199 3595 ad
221 3553 337 3599 eorum
362 3534 571 3599 salvationem
594 3534 829 3617 complendam,
845 3551 909 3596 non
967 3538 1039 3600 visu
1061 3538 1217 3619 attingere
1242 3535 1386 3617 potuisti.
1404 3535 1628 3597 Verumtamen
1652 3551 1717 3596 non

162 3630 311 3713 legatum,
336 3650 401 3695 non
424 3632 573 3713 angelum
597 3632 684 3709 misi,
705 3632 761 3694 sed
785 3638 911 3713 egomet
967 3636 1171 3699 mediocriter
1190 3632 1274 3697 infra
1293 3641 1419 3714 tempus
1439 3631 1602 3695 dilationis
1628 3630 1716 3693 illius

161 3730 244 3808 veni,
261 3738 411 3793 naturam
427 3739 513 3793 tuam
534 3729 705 3812 assumpsi,
721 3728 824 3791 factus
839 3748 910 3792 sum
967 3734 1127 3817 peccasti;
1157 3732 1319 3813 multoque
1352 3730 1481 3812 gravius
1510 3728 1715 3807 offendisses,

159 3827 264 3906 bomo,
281 3828 370 3891 inter
388 3828 537 3892 homines
556 3847 628 3891 sum
647 3835 851 3890 conversatus
876 3827 909 3889 in
966 3832 1029 3895 nisi
1055 3831 1170 3895 timore
1194 3831 1306 3893 saltem
1333 3827 1441 3892 servili
1467 3834 1634 3890 cortuum
1658 3827 1718 3888 im-

160 3927 283 3991 seculo.
315 3927 439 3989 Deinde
473 3926 612 4009 pretioso
642 3925 797 4007 sanguine
824 3944 908 4004 meo,
966 3931 1103 4013 plessem
1125 3936 1189 3991 tam
1210 3928 1315 3991 valide
1334 3926 1420 4008 quod
1440 3934 1473 3988 tu
1494 3926 1562 4008 ipse
1586 3924 1715 3989 dolebas

158 4026 362 4088 amarissima
376 4033 487 4102 morte,
504 4023 690 4107 turpissimo
709 4024 814 4087 crucis
836 4043 910 4107 sup-
966 4030 1051 4107 inde,
1067 4029 1153 4111 quod
1174 4027 1298 4090 scilicet
1317 4026 1386 4089 sine
1407 4025 1521 4107 grandi
1542 4023 1714 4087 formidine

158 4121 254 4205 plicio
267 4142 376 4205 genus
395 4122 515 4186 redemi
533 4122 721 4185 bumanum.
738 4121 909 4205 Discipulis
965 4148 1002 4192 ac
1018 4146 1161 4193 remorsu
1176 4145 1240 4190 non
1258 4125 1385 4190 valebas
1407 4142 1552 4206 peccare.
1569 4121 1607 4185 Et
1628 4142 1713 4185 nunc

158 4221 237 4283 meis
260 4220 341 4285 misi
366 4228 398 4284 et
422 4220 543 4284 contuli
567 4220 720 4302 Spiritum
744 4220 908 4299 Sanctum,
924 4228 950 4293 Ι)
964 4232 1011 4289 tot
1024 4225 1116 4287 annis
1131 4232 1237 4288 tecum
1252 4223 1314 4286 feei
1330 4242 1367 4285 ac
1382 4221 1478 4302 facio,
1495 4229 1527 4285 et
1540 4240 1591 4285 me
1607 4220 1713 4303 ipsum

159 4326 189 4381 et
211 4338 271 4402 per
296 4320 443 4403 ipsorum
468 4318 739 4401 pradicationem,
762 4319 910 4381 sanctita·
964 4323 1023 4387 tibi
1044 4323 1191 4402 exhibeo,
1208 4323 1291 4385 sicut
1312 4320 1407 4385 nosti.

158 4424 231 4495 tem,
255 4417 428 4496 miracula,
448 4417 605 4480 mundum
629 4417 784 4496 converti,
805 4418 909 4499 legem
1004 4423 1174 4485 Suuvnrus.
1200 4455 1239 4467 -
1268 4420 1333 4483 lieu
1357 4424 1430 4481 met
1455 4417 1588 4481 Domine
1617 4416 1865 4501 Deus,13,r„,12‚0‚

157 4516 378 4598 cvangelicam
406 4515 534 4595 tradidi,
559 4516 692 4578 fundavi
719 4514 907 4594 Ecclesiam,
965 4520 1143 4585 confundor
1158 4529 1189 4583 et
1202 4520 1352 4582 erubesco
1364 4518 1470 4581 levare
1480 4515 1596 4579 faciem
1609 4534 1712 4579 meam

158 4614 370 4678 saluberrima
384 4615 504 4679 contuli
519 4622 728 4696 sacramenta,
738 4634 789 4677 me
804 4613 908 4697 ipsum
965 4622 1004 4683 ad
1025 4627 1067 4698 te,
1083 4619 1234 4701 quoniam
1254 4616 1439 4699 iniquitates
1459 4634 1537 4677 meae
1557 4614 1713 4698 multipli-

157 4710 311 4777 fidelibus
337 4714 398 4776 sub
425 4712 709 4777 sacramentalibus
733 4712 848 4794 reliqui
871 4732 909 4775 ac
965 4726 1041 4783 eatae
1055 4726 1130 4780 sunt
1144 4736 1240 4800 super
1253 4722 1348 4798 caput
1362 4721 1522 4794 meum,et
1535 4714 1617 4777 sicut
1631 4732 1712 4777 onus
1725 4740 1765 4785 ρ..
1778 4752 1858 4797 xxxin,

159 4810 291 4891 prestiti
315 4810 498 4893 speciebus.
965 4814 1166 4899 importabile
1184 4822 1320 4897 gravatae
1344 4820 1418 4875 sunt
1442 4832 1538 4895 super
1560 4830 1621 4875 me.
1639 4811 1712 4875 Pee-
1725 4806 1745 4849 ⁸·

64 4929 144 4985 retr.
195 4908 253 4972 Tot
268 4910 358 4973 bona
378 4928 438 4991 pro
456 4910 550 4973 malis
569 4909 713 4991 rependi.
729 4909 809 4984 Quid
828 4910 911 4974 ultra
965 4916 1034 4977 cavi
1050 4933 1146 4996 super
1160 4932 1328 4976 numerum
1343 4930 1447 4974 arenae
1468 4912 1577 4989 maris,
1594 4918 1626 4973 et
1647 4929 1711 4974 non

158 5006 251 5070 debui
272 5007 384 5071 facere
407 5017 440 5072 et
461 5027 526 5071 non
546 5007 633 5072 fecit
651 5008 805 5083 Quantam
829 5010 912 5073 divi·
965 5022 1013 5077 est
1028 5012 1195 5095 respiratio
1210 5010 1288 5073 mihi
1309 5010 1371 5072 nisi
1391 5009 1424 5070 in
1443 5008 1584 5073 bonitate
1604 5016 1635 5071 et
1654 5008 1714 5070 mi-

156 5123 270 5169 norum
285 5106 517 5171 charismatum
532 5106 753 5171 excellentiam
768 5116 800 5170 et
814 5108 912 5171 abun·
966 5110 1139 5175 sericordia
1153 5118 1206 5173 tua
1221 5110 1348 5192 penitus
1368 5107 1506 5170 infinita.
1523 5108 1601 5187 Heu,
1617 5125 1713 5188 quam

157 5202 299 5267 dantiam
336 5204 397 5269 sub
434 5204 619 5287 evangelica
655 5204 725 5286 lege
762 5207 907 5269 donavit
965 5209 1116 5287 enormis,
1147 5209 1331 5271 detestanda
1365 5226 1402 5269 ae
1438 5206 1614 5288 multiplex,
1649 5206 1714 5269 imo

157 5301 253 5376 Quam
270 5303 639 5367 innumerabiliaetsoli
658 5305 722 5368 [leo
742 5305 910 5387 possibilia
965 5306 1210 5370 innumerabilis
1239 5313 1271 5369 et
1298 5323 1428 5387 prorsus
1463 5302 1638 5366 ineffabilis
1667 5309 1715 5365 est
