4309 6259
486 661 541 710 nae,
561 645 630 711 200,
651 643 766 718 proprie
784 660 861 710 vero,
882 642 952 718 quia
969 660 1021 716 per
1041 642 1199 701 incarnati·

486 751 583 800 onem,
607 736 679 799 200,
697 733 903 799 obedientiam,
923 735 997 801 380,
1020 734 1094 797 394,
1117 734 1147 798 l),
1170 737 1199 791 et

448 829 450 832 ’
486 825 661 897 passionem,
677 824 749 890 388,
768 824 932 881 humanum
953 824 1078 881 redemit
1096 840 1196 897 genus,

484 915 555 981 200,
570 932 587 971 4
601 913 710 987 triplici
732 916 834 978 morte,
849 915 923 979 224,
940 929 957 970 4
976 916 1093 986 peccato
1113 913 1197 986 origi-

485 1000 545 1059 nali
564 1006 594 1059 et
610 1001 726 1065 actuali,
742 1003 777 1057 42
786 1002 827 1063 4“,
842 1001 964 1058 abluens
983 1001 1088 1057 mundi
1107 1000 1196 1065 luem,

1078 472 1172 521 INDEX
1193 474 1381 523 marineus

1323 644 1474 718 Religiosae
1489 644 1519 701 in
1534 646 1635 703 multis
1649 646 1832 707 monasteriis
1843 650 1918 709 raldo
1930 652 1972 710 lre·

1288 738 1410 807 quanter
1424 734 1653 803 communicant,
1669 738 1749 793 4438
1761 756 1768 802 ;
1783 741 1832 797 sed
1845 742 1972 799 414444444-

1287 822 1408 880 444444444
1421 828 1491 880 sunt
1504 823 1664 889 4841444444,
1676 844 1742 899 quae
1757 828 1880 887 nolentes
1893 831 1971 887 minu·

1287 929 1334 970 ere
1348 912 1429 969 illam
1445 912 1648 986 frequentiam,
1664 917 1717 971 443
1726 916 1767 981 4’,
1783 920 1811 975 et
1827 918 1972 977 contessori-

1287 1002 1342 1057 bus
1360 1001 1421 1058 suis
1439 1002 1630 1076 acquiescere,
1645 1005 1744 1071 4438,
1758 1005 1889 1079 sacrilege
1910 1024 1971 1063 con·

1288 1092 1450 1159 munirent,
1461 1094 1551 1158 4450,
1564 1094 1603 1149 8.
1619 1095 1829 1160 -Quamnam
1843 1097 1972 1154 44444444

1287 1182 1412 1237 debeant
1425 1181 1631 1248 obedientiam,
1647 1184 1746 1239 4448.

484 1095 513 1148 44
536 1094 654 1164 peccata
676 1090 781 1148 tollens
804 1090 949 1157 omnium,
967 1090 1054 1147 458.
1074 1121 1109 1131 -
1129 1091 1197 1147 Om-

484 1182 567 1238 nium
591 1182 760 1254 redemptor
786 1184 831 1237 est
856 1182 954 1253 quoad
980 1180 1196 1245 sufficientiam,

485 1270 554 1345 quia
572 1288 625 1344 pro
648 1270 787 1327 omnibus
809 1268 949 1327 satisfecit
970 1273 1000 1327 et
1022 1270 1196 1343 sanguinem
1251 1270 1486 1327 RESURRECllO
1500 1270 1615 1339 Christi,
1630 1288 1696 1345 que
1713 1277 1757 1329 est
1769 1276 1871 1330 nostra
1888 1274 1972 1335 tutus

483 1360 567 1426 ludit,
592 1361 675 1426 208,
698 1361 770 1425 248,
790 1361 844 1416 365
853 1360 893 1424 4’,
914 1359 1073 1417 electorum
1098 1363 1196 1417 autern
1286 1359 1507 1416 resurrectionis
1521 1359 1679 1433 exemplar,
1691 1362 1774 1428 toa‘,
1786 1362 1869 1421 fidem
1883 1366 1972 1422 444144-

483 1452 579 1524 quoad
593 1449 790 1516 efficientiam,
805 1449 883 1514 208,
894 1450 947 1505 365
954 1450 994 1505 4“.
1008 1450 1039 1505 44
1054 1448 1101 1505 die
1114 1449 1198 1505 Para·
1286 1451 1336 1513 tat,
1347 1449 1446 1514 3408,
1463 1448 1527 1506 ideo
1543 1450 1572 1505 in
1587 1466 1698 1509 444444
1712 1452 1805 1509 4144444
1819 1470 1970 1511 commemo

482 1556 579 1597 aceres
600 1539 734 1596 homines
753 1538 878 1597 redemit
896 1542 1039 1611 quantum
1060 1540 1097 1593 ad
1117 1538 1197 1594 su!-
1286 1542 1377 1603 ratur,
1393 1539 1491 1595 3608.

482 1629 629 1693 cientiam,
645 1632 674 1685 et
688 1630 783 1701 patres
798 1628 828 1683 in
843 1627 935 1683 limbo
949 1628 1081 1683 detentos
1099 1628 1195 1701 quoad
1250 1628 1468 1685 8848888414
1487 1632 1620 1702 respectu
1639 1632 1800 1705 mejestatis
1813 1633 1903 1690 Sancti
1918 1636 1971 1691 San·

481 1718 763 1784 448444444444,440;
775 1717 806 1773 44
816 1718 863 1775 4144
875 1716 1096 1775 44444444444444
1110 1734 1195 1789 quos·
1286 1721 1398 1773 ctornm
1423 1720 1604 1775 observanda
1621 1722 1673 1784 est,
1688 1721 1780 1786 4054,
1795 1723 1887 1778 4348.
1901 1724 1971 1795 Opor-

482 1810 551 1865 dam
566 1809 691 1864 viatores
709 1807 798 1864 etiam
818 1810 915 1880 quoad
932 1806 1130 1871 efficientiam,
1146 1807 1195 1880 qui
1286 1811 1328 1864 444
1340 1809 1476 1864 accedere
1490 1808 1527 1863 ad
1542 1824 1655 1865 sacram
1668 1826 1800 1867 mensam
1810 1828 1874 1869 cum
1886 1828 1971 1886 magna

482 1902 553 1955 tunc
572 1898 660 1955 iidem
675 1901 704 1955 et
719 1898 844 1970 gratiam
864 1900 1048 1971 acceperunt,
1063 1897 1146 1953 ttd’.
1161 1928 1195 1939 -
1285 1898 1453 1964 reverentia,
1469 1900 1531 1965 381,
1547 1900 1638 1967 4148,
1653 1902 1706 1957 443
1716 1903 1745 1967 C,
1765 1902 1849 1967 4440,
1862 1904 1901 1969 4’;
1917 1920 1971 1960 narn

482 1988 529 2059 Cf.
546 1988 639 2045 Salus.
1286 1990 1360 2045 Deus
1374 1988 1435 2045 vult
1450 1993 1613 2047 reverenter
1626 1991 1755 2055 tractari.
1771 1992 1863 2049 4384.

444 2078 594 2135 REGlNAE.
610 2077 658 2134 Sic
680 2077 819 2135 dicuntur
840 2076 948 2133 animas
971 2075 1114 2148 perlectae,
1130 2092 1196 2149 quae
1249 2076 1446 2135 8184448008
1462 2080 1509 2150 (414
1530 2080 1557 2135 8.
1575 2080 1708 2152 Victore),
1725 2097 1827 2137 canon.
1842 2099 1907 2155 reg,
1920 2082 1972 2139 alle

480 2170 592 2240 sponso
601 2167 713 2241 jugiter
721 2168 879 2231 adhaerent,
890 2164 984 2230 5330,
1000 2166 1194 2238 paucissima,
1286 2170 1379 2240 gatur,
1401 2169 1486 2224 ddd'.
1504 2168 1651 2225 Disserere
1665 2171 1701 2228 444
1714 2171 1867 2229 dulcedine
1880 2173 1973 2245 sapien·

480 2258 580 2323 5338,
600 2261 629 2315 44
651 2261 785 2330 respectu
807 2260 838 2314 B.
855 2256 982 2329 Virginis
1005 2255 1196 2329 imperfectis·
1286 2256 1341 2319 tite,
1360 2257 1457 2323 1848,
1475 2258 1563 2324 1884,
1579 2275 1647 2315 cum
1663 2260 1812 2318 Beruardo
1828 2263 1971 2325 concordet,

479 2348 564 2404 sima
578 2351 655 2414 sunt,
671 2348 771 2404 5338.
1287 2347 1383 2402 1888.
1400 2347 1483 2403 Adde
1499 2348 1601 2405 l98A'.

446 2436 597 2493 REGNUM.
614 2438 766 2504 Quomodo
781 2436 879 2510 gavise
893 2435 951 2493 sint
966 2435 1029 2495 44444
1045 2454 1135 2510 regna
1154 2454 1197 2495 re·
1249 2435 1446 2493 4410848008
1460 2437 1495 2493 de
1515 2436 1676 2495 lledianilla
1694 2438 1845 2513 allegetur,
1859 2440 1945 2498 4448.

480 2527 544 2584 ditu
557 2527 713 2601 Unigeniti,
724 2529 852 2584 498.-
862 2529 924 2594 044
939 2544 1027 2585 sensu
1041 2527 1194 2585 dicamus:
1250 2524 1385 2581 80444441
1400 2526 1625 2599 praesumptuosi
1636 2529 1895 2603 erantacsuperbi,
1904 2531 1971 2593 4040,

480 2618 621 2675 Adueniet
635 2634 760 2691 regnum
775 2622 871 2684 tunm,
886 2618 980 2673 3460.

443 2707 740 2765 antenodorum
760 2707 867 2763 divinis
886 2706 953 2763 lacit
972 2707 1193 2764 distinctionem

478 2797 597 2865 realem,
613 2797 669 2855 nisi
688 2798 775 2855 realis
799 2796 910 2862 relatio,
925 2796 1001 2853 sicut
1024 2796 1192 2870 paterniter,

480 2885 591 2953 liliatio,
607 2888 762 2960 processio,
782 2887 876 2944 3514.
893 2887 983 2953 Unde,
999 2886 1097 2943 omnis
1120 2886 1193 2944 rela-

478 2976 519 3032 tio
533 2993 600 3049 quae
613 2980 657 3034 444
671 2976 748 3034 inter
762 2976 853 3033 lleum
864 2980 893 3034 et
902 2979 1100 3043 creaturas,ex
1113 2979 1192 3048 parte

1284 2618 1313 2672 et
1334 2617 1406 2673 adeo
1430 2618 1526 2683 rudes,
1546 2620 1579 2674 ut
1601 2636 1631 2676 se
1655 2620 1781 2693 propriis
1797 2619 1909 2687 viribus,
1927 2636 1972 2677 non

1285 2704 1377 2778 gratia
1393 2705 1451 2771 Dei,
1466 2710 1582 2763 vocatos
1596 2712 1740 2780 putarent,
1754 2711 1850 2778 4948,
1863 2714 1973 2783 propter·

1283 2811 1317 2851 ea
1340 2794 1493 2852 coercendi
1514 2801 1597 2853 erant
1620 2814 1638 2855 4
1663 2798 1830 2857 divinorum
1855 2799 1973 2859 444444ιί4

1283 2886 1472 2950 secretorum,
1490 2886 1576 2941 4910.

1247 2972 1476 3030 8048880804(
1488 2974 1644 3050 (loannes),
1655 2997 1669 3029 a
1680 2978 1724 3035 444
1734 2978 1876 3037 mirabilis
1884 2978 1974 3038 etalter

480 3065 530 3122 044
545 3069 590 3122 est
603 3065 698 3123 solum
714 3064 845 3129 rationis,
861 3066 950 3121 3518.

442 3154 583 3212 anslaro
599 3159 643 3212 est
661 3155 752 3211 virtus
770 3171 837 3227 quae
855 3155 912 3211 044
930 3153 1044 3211 cultum
1063 3153 1193 3210 caerimo-

481 3245 620 3318 niamque
632 3246 724 3309 altert,
738 3247 768 3301 et
781 3244 940 3317 aliquando
957 3248 1078 3301 vocatur
1096 3243 1190 3310 latria,

478 3335 567 3399 3428,
583 3335 673 3399 5500,
684 3336 735 3391 551
746 3337 810 3401 4;4
824 3334 981 3407 relegando
995 3333 1111 3400 dicitur,
1122 3333 1192 3406 quia

478 3428 608 3481 mentem
636 3441 654 3481 a
681 3423 783 3482 ceteris
811 3423 929 3496 relegat,
953 3426 985 3480 ut
1012 3424 1069 3480 Deo
1098 3422 1190 3489 uniat,

476 3513 578 3570 oool'.
594 3515 711 3571 —Tres
728 3516 797 3569 sunt
816 3512 955 3585 precipui
975 3516 1057 3569 actus
1076 3511 1192 3585 religio·

478 3603 533 3667 nis,
553 3603 673 3667 scilicet,
698 3601 919 3659 honoriticentia
943 3602 1003 3667 844,
1025 3601 1191 3674 impetratio

478 3693 570 3751 444444
583 3696 612 3750 44
626 3692 742 3767 adeptio
753 3691 925 3765 gratiarum,
934 3692 1031 3757 3428,
1040 3692 1130 3748 3968.

513 3784 611 3840 Status
637 3782 792 3855 religiosus
815 3784 860 3839 444
880 3784 975 3838 status
995 3779 1189 3853 perfectionis,

477 3874 580 3929 saltem
605 3874 801 3946 acquirendae,
822 3871 930 3937 4450’;
950 3873 1038 3934 44414,
1063 3870 1190 3943 religiosi

477 3980 508 4021 44
523 3981 541 4020 4
554 3965 641 4021 rebus
654 3964 773 4021 caducis
785 3963 954 4028 alienantes,
965 3963 1066 4026 4444’,
1078 3964 1111 4019 44
1124 3962 1192 4018 libc-

477 4071 507 4110 re
522 4054 580 4109 Deo
593 4056 705 4118 vacent,
716 4053 819 4118 soon,
831 4068 890 4109 non
903 4053 1010 4109 debent
1023 4052 1101 4108 circa
1115 4068 1192 4107 com·

477 4143 581 4200 munia
594 4143 742 4215 languere,
753 4143 854 4207 toor’,
864 4146 894 4199 et
907 4159 969 4199 esse
984 4142 1111 4198 contenti
1127 4158 1190 4215 per·

476 4232 601 4290 lectione
624 4232 821 4296 secularium,
845 4233 937 4298 4440,
960 4232 1059 4296 4488,
1088 4230 1188 4297 4408,

475 4324 565 4388 loos,
581 4322 679 4387 4408,
694 4322 778 4377 4444
798 4325 827 4379 44
845 4338 868 4377 s.
885 4352 918 4363 -
938 4320 1057 4387 ldcirco,
1073 4319 1190 4393 religio·

474 4430 507 4471 so
532 4429 591 4470 non
610 4411 693 4469 valde
714 4412 872 4469 exercitato
891 4428 950 4467 non
970 4411 1088 4484 expedit
1111 4427 1189 4467 com-

1285 3061 1437 3135 Dionysius
1447 3083 1471 3129 4,
1481 3065 1579 3131 1848,
1593 3084 1608 3119 a
1620 3068 1723 3124 Doctor
1737 3068 1854 3126 divinus
1864 3089 1887 3134 r,
1895 3068 1972 3131 1848,

1283 3150 1328 3207 vir
1350 3154 1474 3226 desuper
1493 3157 1607 3221 unctus,
1622 3157 1714 3223 4340,
1727 3158 1879 3232 religiosus
1900 3160 1973 3231 pater,

1282 3242 1336 3298 434
1343 3241 1385 3309 4’,
1397 3241 1487 3301 idiota
1501 3247 1530 3301 44
1538 3244 1713 3312 illitteratus,
1726 3248 1822 3315 4848,
1836 3250 1913 3323 cujus
1924 3264 1973 3303 ma·

1283 3347 1341 3404 gna
1367 3332 1524 3390 auctoritas
1553 3337 1631 3408 apud
1664 3338 1877 3402 Certusianum,
1901 3336 1972 3401 2280,

1282 3436 1495 3494 nonnunquam
1515 3422 1561 3496 ple
1580 3423 1818 3499 interpretandus
1836 3431 1885 3494 444,
1900 3425 1972 3489 2200,

1280 3512 1371 3575 2450,
1392 3511 1509 3569 difficile
1533 3512 1715 3588 intelligitur,
1734 3517 1827 3584 2248,
1848 3517 1972 3587 modoque

1281 3601 1418 3674 loquendi
1433 3602 1484 3659 tali
1505 3602 1597 3660 utitur
1611 3607 1689 3677 qnod
1702 3610 1798 3678 posset
1812 3605 1974 3679 simplicibus

1281 3706 1343 3747 esse
1365 3691 1471 3747 erroris
1493 3692 1614 3756 occasio,
1630 3693 1719 3759 4340,
1734 3696 1807 3753 44144
1832 3700 1864 3753 44
1883 3712 1899 3751 4
1917 3692 1973 3750 viris

1282 3779 1375 3835 doctis
1389 3779 1578 3838 insimulatus
1592 3782 1630 3837 sit
1645 3784 1797 3849 hereseos,
1811 3786 1900 3850 4378
1914 3783 1973 3855 ipsc-

1284 3871 1343 3925 met
1357 3872 1456 3926 tamen
1471 3886 1502 3927 se
1521 3873 1648 3943 exponit,
1664 3874 1761 3930 4358.
1777 3906 1812 3917 -
1826 3874 1973 3931 Notabilis:

1281 3958 1316 4015 de
1331 3959 1408 4014 douo
1420 3959 1580 4032 sapientie,
1593 3962 1644 4018 184
1652 3962 1683 4018 8
1694 3967 1722 4020 44
1736 3981 1771 4031 4.,
1783 3965 1819 4022 (14
1834 3966 1907 4021 41444
1920 3978 1974 4018 con·

1280 4048 1347 4112 silii,
1362 4050 1442 4105 2408
1457 4054 1486 4107 44
1504 4067 1539 4117 4.,
1556 4052 1591 4109 414
1611 4053 1687 4109 dono
1706 4054 1893 4119 tortitudinis,
1906 4052 1973 4107 2208

1281 4140 1309 4195 44
1323 4154 1358 4203 4.,
1374 4138 1409 4195 de
1425 4139 1502 4195 dono
1515 4140 1652 4205 scientias,
1668 4143 1759 4198 2258
1774 4146 1802 4201 44
1817 4162 1850 4206 4.,
1866 4146 1898 4199 414
1911 4143 1974 4198 dono

1281 4226 1404 4301 pictatis,
1421 4228 1511 4285 2348
1525 4233 1554 4286 44
1567 4247 1601 4297 4.,
1617 4232 1652 4288 414
1667 4232 1745 4289 44444
1764 4232 1886 4298 timoris,
1899 4230 1973 4287 2408

1280 4320 1309 4371 44
1330 4332 1353 4373 s.
1378 4348 1413 4357 -
1435 4318 1520 4375 Adde
1543 4320 1631 4387 4904,
1658 4321 1759 4389 1944’,
1779 4324 1869 4391 2030,
1886 4320 1972 4387 sold,

1279 4407 1380 4463 2448.

474 4503 552 4561 mitti
571 4502 699 4559 officium
720 4502 907 4567 exteriorum,
922 4502 1012 4557 stoc.
1028 4532 1064 4542 -
1081 4502 1189 4559 Tenen·

473 4598 523 4650 tur
535 4593 574 4648 ad
588 4592 689 4649 omnia
703 4591 904 4665 consiliaque
919 4595 1067 4656 voverunt,
1083 4592 1136 4646 212
1145 4590 1187 4658 8,
1606 4597 1633 4672 S

472 4682 819 4754 2434,4448,4ιι444444
834 4681 936 4754 regula
950 4680 1081 4753 requirit,
1090 4680 1187 4748 2428,

473 4770 593 4835 scilicet,
614 4771 689 4827 rotis
712 4771 861 4835 castitatis,
881 4772 975 4835 2134,
1000 4770 1187 4843 paupertatis,
1242 4766 1428 4824 8488440441
1447 4765 1477 4823 14
1497 4768 1672 4827 memoriam
1692 4772 1847 4830 creationis
1863 4768 1972 4829 sanctii-

472 4864 563 4927 2438,
580 4861 760 4925 obedientiae,
777 4862 857 4917 4484
873 4864 901 4917 44
920 4878 954 4925 4.,
970 4861 1010 4923 4’,
1027 4861 1065 4925 8,
1082 4862 1134 4917 440
1142 4860 1173 4915 8
1180 4878 1187 4927 ;
1279 4860 1370 4922 catur,
1388 4858 1480 4913 1004.

471 4955 564 5011 vitare
586 4952 693 5009 debent
712 4951 840 5007 maxime
860 4955 978 5023 peccate
996 4954 1097 5007 contra
1116 4950 1189 5007 cari·
1243 4947 1439 5012 succutitis,
1451 4948 1656 5017 heresiarcha,
1665 4950 1714 5007 354
1725 4952 1755 5019 0,
1765 4952 1860 5024 posuit
1873 4953 1972 5009 Patrem

472 5048 574 5110 tatem,
591 5042 688 5108 4208,
704 5041 797 5097 4418
811 5043 840 5097 44
857 5058 880 5096 s.
898 5072 930 5083 -
949 5040 1189 5112 Recepitulantur
1277 5053 1339 5093 esse
1355 5036 1540 5093 incarnatum
1555 5040 1651 5096 :unde
1666 5040 1823 5098 Sabelliani
1837 5042 1903 5099 dicti
1916 5042 1974 5097 sunt

473 5134 575 5192 omnia
603 5132 698 5189 officia
725 5130 853 5203 religiosi
881 5130 979 5186 stricte
1005 5130 1186 5202 obligatoria,
1277 5125 1495 5198 Patripassiani,
1511 5128 1603 5185 3540.

473 5224 554 5280 46544
577 5226 606 5281 44
626 5240 661 5289 4.,
677 5221 782 5278 41444414
802 5219 1068 5292 supererogationis
1082 5218 1185 5286 officia,
1241 5215 1971 5287 8408800808444444444444444114441444,4440.

472 5313 564 5373 4658·
578 5315 608 5370 44
621 5329 644 5368 a,
1277 5307 1478 5364 Sacerdotium
1498 5308 1603 5365 Christi
1622 5308 1741 5384 dignius
1763 5316 1807 5369 est
1827 5309 1972 5371 sacerdotio
