4309 6259
426 473 485 539 lta

830 486 988 535 exrostrto
1009 485 1109 531 mhi
1132 485 1140 528 Ζ
1163 482 1290 529 AE'l'ssllNE
1310 483 1414 531 mult
1434 484 1584 532 connixos

426 684 464 727 ac
490 660 699 725 miserationis
729 668 790 723 tuae
818 658 980 721 immensae
1005 675 1063 719 nos
1088 676 1106 714 a
1132 655 1176 716 la·
1190 653 1216 716 A
1230 655 1391 736 gando,ex
1406 655 1521 736 quibus
1531 657 1676 721 oriuntur
1688 658 1817 722 timores
1829 657 1981 740 pueriles,

427 764 538 825 bentes
556 784 585 839 a,
602 760 632 823 id
647 769 696 824 est
711 766 879 841 peccantes
894 755 1045 838 quotidie,
1060 755 1125 816 imo
1144 760 1177 815 et

426 860 514 924 omni
529 878 611 942 pene
626 858 715 938 bora,
734 856 845 919 saltem
860 856 893 917 in
915 853 1103 931 venialibus,
1119 871 1175 933 per

427 958 543 1021 mentis
582 956 813 1034 distractiones,
855 951 1065 1016 incustodiam
1104 970 1175 1011 seu-

427 1076 532 1134 suum,
550 1074 606 1137 per
627 1053 723 1117 verba
744 1051 952 1127 infructuosa,
969 1068 1005 1111 ac
1021 1047 1090 1110 aliis
1109 1066 1175 1109 mo

277 1174 344 1217 Prot.
357 1186 411 1223 xxiv,
427 1154 486 1231 dis,
503 1154 542 1215 de
562 1152 676 1233 quibus
699 1151 730 1211 in
750 1148 925 1212 Proverbiis
945 1146 1083 1227 legitur:
1101 1146 1176 1224 Sep-

280 1240 313 1280 ¹⁸·
428 1253 485 1315 ties
509 1250 542 1313 in
564 1252 614 1313 die
636 1250 726 1313 cadet
750 1248 863 1329 justus
887 1246 1022 1308 loannes
1049 1261 1175 1324 quoque

279 1369 412 1416 ravennas.
428 1349 588 1431 apostolus
607 1371 614 1408 ε
632 1348 663 1408 Si
679 1345 849 1408 dixerimus
865 1342 994 1423 (inquit)
1009 1340 1083 1422 quia
1103 1358 1177 1421 pec-

427 1457 532 1511 catum
553 1466 615 1509 uon
637 1444 802 1523 habemus,
823 1442 881 1524 ipsi
905 1460 962 1503 nos
983 1438 1173 1503 seducimus.

426 1546 542 1627 Estque
560 1545 655 1607 miser
676 1552 707 1605 et
728 1542 799 1603 vilis
821 1540 928 1621 lapsus
949 1539 1025 1600 dum
1047 1537 1087 1599 ab
1108 1536 1177 1597 alti-

426 1646 533 1707 tudine
558 1642 688 1705 actualis
711 1638 898 1717 devotioniS,
922 1637 1052 1698 sincerae
1078 1634 1176 1696 medi-

426 1744 562 1819 tationis,
593 1742 739 1803 virtuosae
768 1735 958 1811 affectionis
985 1732 1175 1815 exemplaris

1230 752 1360 815 tristitiae
1374 754 1660 835 deprimenteS,aut
1672 775 1775 838 pravae
1790 765 1822 819 et
1836 757 1983 820 carnales

1229 849 1416 913 affectiones
1444 875 1450 913 :
1480 853 1519 915 ad
1547 873 1682 933 querum
1711 854 1854 917 omnium
1879 855 1984 917 eradi-

1230 948 1386 1011 cationem
1401 970 1438 1011 ac
1460 950 1684 1014 devitationem
1705 953 1884 1034 indigemus
1906 953 1984 1014 visi-

1230 1046 1347 1109 tatione
1372 1067 1510 1129 superna
1533 1068 1569 1110 ac
1595 1049 1802 1113 illustratione
1823 1050 1979 1132 piissima,

1228 1145 1312 1225 quia,
1340 1155 1374 1207 ut
1398 1146 1550 1227 scriptum
1575 1156 1633 1225 est,
1657 1148 1739 1211 sicut
1763 1149 1980 1230 parturientis,
2012 1173 2085 1216 refrt.
2136 1157 2137 1192 ἓ

1230 1262 1285 1305 cor
1310 1253 1398 1304 tuum
1428 1244 1609 1324 phantasias
1638 1247 1765 1327 patitur,
1792 1247 1852 1309 uisi
1883 1246 1982 1310 fuerit
1997 1241 2101 1279 ¹¹¹¹⁸'·⁶·

1230 1341 1270 1404 ab
1285 1341 1445 1405 uilissima
1460 1344 1576 1405 emissa
1596 1343 1743 1407 visitatio.
1761 1344 1888 1407 Talibus
1902 1365 1982 1427 ergo

1230 1458 1293 1502 non
1319 1440 1507 1521 immoreriS,
1528 1461 1627 1523 quum
1653 1463 1710 1524 per
1730 1444 1898 1506 Jcremiam
1920 1445 1984 1508 Do-

1230 1538 1335 1599 minus
1357 1538 1440 1600 dicat
1457 1562 1464 1600 :
1482 1540 1649 1622 l'squcquo
1671 1542 1880 1604 morabuntur
1901 1543 1934 1603 in
1949 1551 1982 1605 te
1998 1560 2048 1603 cer.
2061 1565 2122 1608 mu.

1229 1636 1434 1716 cogitationes
1455 1638 1576 1700 noxiaet
1598 1640 1664 1702 lmo
1686 1639 1828 1721 protinus
1852 1649 1886 1701 ut
1909 1660 1984 1703 sen—

1231 1734 1308 1795 seris
1332 1734 1493 1815 quidpiam
1519 1737 1592 1815 tale,
1619 1738 1659 1799 ad
1689 1738 1827 1801 salubria
1850 1747 1881 1801 te
1905 1758 1985 1801 con-

426 1840 605 1920 locutionis,
622 1836 788 1901 laudabilis
810 1835 925 1916 operis,
942 1831 1120 1895 delabimur
1134 1830 1172 1892 ad
1192 1834 1329 1909 Bverte,
1360 1832 1400 1893 ad
1430 1834 1666 1898 meditationem
1695 1836 1850 1917 passionis
1880 1838 1984 1900 domi-

426 1940 528 2003 cordis
544 1937 774 2019 evagationem,
783 1932 926 1995 inutilem
939 1931 1172 2011 cogitationem,

425 2038 580 2121 puerilem
605 2034 808 2098 allectionem
838 2030 1094 2113 operationcmvc
1120 2026 1174 2089 fri-

285 2137 542 2207 rs.m=1=.volam.
561 2135 639 2196 Hinc
660 2132 761 2195 oravit
781 2130 944 2193 Psalmista
961 2152 967 2189 :
985 2128 1119 2208 Adspice
1141 2126 1174 2187 in

279 2220 326 2262 ¹³³·
427 2254 488 2313 mc,
511 2243 542 2296 et
566 2232 714 2294 miserere
739 2228 822 2307 mei3
843 2237 874 2291 et
896 2228 929 2288 in
953 2224 1173 2288 Ecclesiastico

318 2357 391 2402 sau
426 2340 494 2396 orat
523 2331 570 2394 vir
598 2329 724 2411 sapiens
751 2352 758 2389 ε
785 2328 928 2389 Miserere
954 2324 1065 2402 nostri,
1092 2324 1173 2386 Deus

305 2434 377 2473 '¹¹⁸¹’
390 2424 409 2463 ¹·
426 2431 580 2508 omnium,
598 2437 629 2492 et
651 2428 771 2509 respice
793 2445 863 2503 nos,
880 2434 911 2487 et
932 2424 1061 2488 ostende
1082 2422 1174 2485 nobis

426 2531 530 2594 lucem
553 2527 791 2592 miserationum
816 2534 950 2586 tuarum.
978 2527 1021 2584 Εῖ
1046 2543 1103 2583 nos
1127 2523 1173 2581 ci·

425 2633 531 2690 dendo
555 2629 694 2703 corrige,
719 2624 750 2685 id
775 2633 832 2701 est,
860 2620 1103 2684 misericorditer
1126 2620 1174 2681 in-

425 2728 543 2791 tuendo
558 2725 692 2789 emenda
708 2741 777 2803 nos,
794 2729 888 2801 atque
910 2720 941 2780 in
964 2720 1027 2781 vita
1041 2720 1100 2781 bac
1122 2720 1173 2799 pie

425 2846 461 2889 ac
479 2824 682 2907 paternaliter
696 2839 754 2884 nos
770 2818 899 2901 castiga,
916 2837 955 2880 ne
971 2818 1172 2898 postmodum

426 2925 525 2986 multo
546 2922 649 2985 acrius
671 2940 707 2983 ac
729 2918 846 2981 diutius
868 2916 1046 2997 puniamur,
1064 2934 1174 2996 quem-

1231 1930 1367 2007 nicae,ad
1383 1931 1567 1993 memoriam
1579 1933 1823 1996 novissimorum
1839 1943 1980 2014 tuorum,

1230 2030 1268 2090 ad
1291 2029 1575 2093 considerationem
1596 2031 1711 2094 divinae
1732 2033 1918 2114 presentiae,
1938 2034 1982 2095 ad

1229 2126 1378 2190 orationis
1408 2127 1578 2209 refugium,
1609 2131 1648 2192 ad
1683 2130 1864 2211 psalmodiae
1897 2132 1983 2193 sola·

1230 2226 1319 2287 tium.
1343 2226 1494 2307 lienique,
1516 2246 1616 2309 quum
1637 2229 1794 2310 appetitus
1815 2229 1981 2311 objectum

1230 2324 1269 2386 sit
1298 2324 1417 2386 bouum
1451 2325 1685 2405 apprehensum
1717 2345 1772 2389 seu
1802 2327 1978 2407 cognitum,
2008 2328 2012 2333 ’

1229 2422 1302 2484 hinc
1326 2422 1369 2482 nil
1394 2423 1499 2504 appeti
1522 2432 1637 2504 potest,
1661 2433 1715 2486 aut
1737 2424 1900 2487 abhorreri
1920 2446 1982 2487 seu

1230 2519 1402 2599 formidari,
1416 2521 1475 2583 nisi
1490 2521 1555 2601 jam
1572 2523 1806 2603 apprehensum
1821 2542 1876 2586 seu
1892 2524 1982 2605 cogi-

1230 2627 1328 2680 tatum
1359 2643 1366 2680 :
1397 2620 1515 2682 idcirco
1543 2621 1598 2701 qui
1627 2621 1695 2683 vult
1722 2621 1763 2684 ab
1792 2621 1981 2685 inordinatis

1229 2717 1428 2797 passionibus
1458 2718 1588 2781 tristitia
1614 2728 1646 2781 et
1670 2720 1791 2782 timoris
1815 2728 1847 2782 et
1871 2720 1980 2801 pravis

1229 2814 1398 2878 aflectibus
1422 2836 1480 2879 seu
1504 2818 1768 2899 concupiscentiis
1793 2820 1981 2899 praeservari

1229 2923 1283 2976 aut
1298 2915 1435 2994 liberari,
1453 2916 1576 2978 studeat
1590 2936 1609 2978 a
1630 2916 1786 2997 praetactis
1801 2917 1981 2999 apprehen-

277 3039 324 3085 rer.
339 3053 361 3092 ι,
376 3042 410 3084 ar.
426 3023 597 3086 admodum
621 3018 770 3083 ieremias
797 3016 897 3079 oravit
923 3038 930 3076 :
957 3014 1084 3096 Corripe
1109 3034 1171 3095 me,
1189 3014 1212 3079 (l
1230 3013 1382 3093 sionibus,
1418 3014 1703 3095 imaginationibus,
1736 3016 1979 3097 cogitationibus

427 3122 570 3199 Domine,
598 3125 815 3182 verumtamen
844 3115 877 3176 in
904 3112 1023 3195 judicic
1051 3113 1096 3193 (id
1126 3121 1175 3176 est

427 3221 479 3303 pio
494 3214 692 3281 discretionis
714 3213 953 3291 moderamine),
971 3230 1010 3275 ne
1032 3210 1114 3275 forte
1134 3212 1173 3273 ad

427 3318 560 3381 nibilum
576 3314 699 3395 redigas
715 3330 777 3375 me.

465 3418 506 3477 Si
520 3416 665 3491 respicis,
682 3410 787 3488 idest,
804 3408 829 3471 si
846 3415 909 3470 tam
925 3406 1027 3489 pieac
1043 3415 1173 3487 paterne

425 3531 484 3575 nos
498 3510 645 3593 adspicis,
656 3513 766 3585 lapsus
780 3510 916 3576 cadunt,
926 3505 956 3567 id
972 3512 1030 3584 est,
1043 3511 1173 3585 peccata

424 3619 532 3675 nostra
552 3608 706 3672 deficiunt
726 3626 764 3669 ac
785 3605 941 3681 delentur,
958 3603 1109 3685 quoniam
1130 3602 1173 3663 ita

424 3708 598 3790 adspicere,
615 3714 663 3769 est
685 3704 822 3786 peccatis
844 3703 1007 3785 ignoscere
1026 3700 1173 3782 gratiam-

423 3826 484 3889 que
513 3814 672 3888 praestare,
699 3806 843 3881 fictuque
871 3804 967 3875 culpa
994 3802 1135 3859 solvitur
1161 3819 1173 3857 .·

423 3906 501 3967 dum
530 3904 614 3967 enim
646 3901 690 3963 sic
720 3898 863 3980 respiciS,
895 3916 950 3959 cor
978 3896 1057 3977 lapsi
1088 3914 1173 3958 com-

424 4002 586 4086 pungitur,
612 3998 783 4074 emollitur,
809 4005 839 4058 et
864 3996 897 4056 iu
922 3994 1172 4075 poenitentialem

424 4101 538 4163 fletum
560 4097 671 4160 saltem
693 4095 875 4158 interiorem
895 4093 1047 4170 solvitur;
1064 4094 1173 4175 sicque

1230 3132 1264 3175 sc
1279 3132 1413 3195 purgare
1428 3122 1459 3175 et
1474 3132 1677 3195 praeservare.

1268 3213 1453 3290 Mentisque
1487 3231 1635 3272 somnum
1670 3215 1806 3273 discute.
1841 3212 1980 3276 Somnus

1230 3308 1356 3390 proprie
1385 3310 1424 3372 ad
1460 3318 1580 3390 partem
1613 3311 1750 3391 pertinet
1781 3310 1978 3375 sensitivam.

1229 3407 1323 3470 Porro
1349 3425 1479 3469 somnus
1503 3409 1618 3471 mentis
1644 3418 1692 3471 est
1716 3408 1833 3491 duplex
1857 3432 1866 3471 ε
1893 3429 1979 3472 unus

1230 3505 1406 3584 laudabilis,
1415 3505 1470 3587 qui
1485 3514 1533 3568 est
1547 3508 1705 3588 soporatio
1720 3508 1836 3571 mentis
1850 3508 1883 3569 in
1897 3508 1977 3586 lico,

1229 3621 1359 3665 somnus
1375 3604 1648 3685 contemplationis
1663 3607 1795 3688 (dequo
1810 3605 1980 3687 exponitur

1228 3701 1305 3764 illud
1329 3701 1487 3765 Geucseos
1513 3726 1520 3763 :
1547 3703 1679 3766 Immisit
1703 3703 1854 3767 Dominus
1883 3722 1979 3786 sopo-
1997 3730 2129 3782 offla,

1229 3818 1296 3861 rem
1311 3800 1343 3861 in
1358 3801 1477 3879 Adam3
1495 3802 1579 3863 unde
1600 3803 1713 3884 exponi
1729 3812 1832 3885 potest
1850 3812 1883 3865 et
1896 3802 1977 3867 illud

1228 3898 1260 3959 in
1275 3897 1397 3962 Psalmo
1414 3921 1421 3960 :
1439 3899 1473 3959 ln
1496 3918 1574 3979 pace
1596 3900 1628 3961 in
1651 3900 1681 3962 id
1701 3901 1805 3981 ipsum
1820 3901 1977 3963 dormiam
1995 3922 2112 3972 ranst.

1228 4004 1259 4058 et
1273 3996 1482 4077 requiescam)
1496 4019 1504 4073 3
1521 3998 1601 4059 alius
1616 3999 1843 4080 vituperabilis,
1859 3999 1913 4081 qui
1928 4008 1980 4062 est

1228 4094 1431 4175 negligentia,
1458 4104 1577 4177 torpor,
1603 4096 1744 4159 otiositas
1769 4097 1873 4160 cordis
1902 4098 1979 4159 inti-

425 4197 520 4279 culpa
534 4195 604 4277 ejus
620 4192 801 4256 dissolvitur
816 4200 847 4254 et
862 4191 1052 4273 indulgetur,
1063 4212 1173 4273 quem-
1187 4197 1213 4259 Ι)
1228 4192 1351 4270 morati,
1374 4193 1567 4271 incustoditi,
1592 4213 1651 4256 nec
1673 4212 1779 4257 coram
1802 4195 1866 4259 Deo
1891 4195 1980 4258 solli-

281 4324 335 4368 aaa.
350 4336 401 4376 nu,
424 4296 594 4360 admodum
623 4293 730 4355 Petrus
764 4312 782 4354 a
816 4299 846 4353 te
879 4300 1052 4371 respectus,
1083 4290 1173 4353 flevit

276 4389 310 4437 ⁶¹·
320 4388 354 4429 ⁶¹·
424 4414 531 4459 arnare
547 4412 583 4456 ac
599 4391 724 4454 veniam
740 4388 929 4471 impetravit.

337 4504 355 4559 8
467 4498 527 4563 Tu,
543 4496 615 4561 tac,
627 4493 756 4567 refulge
769 4490 926 4558 scnsibus,
937 4487 969 4549 id
985 4494 1042 4563 est,
1056 4508 1073 4545 u
1092 4495 1125 4548 tu
1141 4508 1170 4563 u,

274 4617 407 4671 reanum
423 4592 555 4670 Christe,
573 4612 590 4649 u
607 4588 660 4650 lux
676 4610 692 4647 n
709 4608 793 4665 vera,
812 4585 1000 4663 luxmundi,
1018 4584 1172 4665 sapientia

274 4683 366 4733 '¹'¹·¹²·
423 4690 521 4755 Patris
549 4688 668 4764 aeterni,
694 4686 808 4748 irradia
836 4694 867 4746 et
897 4684 1062 4765 resplende
1093 4682 1173 4745 iute-

423 4788 557 4853 rioribus
580 4810 596 4846 u
619 4786 763 4849 sensibus
787 4806 802 4843 n
825 4783 950 4860 nostris,
975 4781 1171 4844 intellectum

422 4890 454 4951 in
471 4886 617 4951 omuibus
633 4882 829 4961 illustrando,
848 4881 999 4943 rationem
1014 4881 1169 4960 docendo,

423 4988 488 5050 vim
513 5003 640 5066 quoque
661 4980 861 5063 cogitativam
884 4986 914 5041 et
936 4978 1170 5059 imaginativam

422 5104 441 5149 a
462 5084 549 5147 tranis
571 5090 602 5145 et
624 5080 726 5143 stultis
749 5076 1052 5159 apprehensionibus
1071 5078 1171 5157 phau-

423 5182 551 5259 tasticiS,
573 5176 849 5261 imaginationibus
871 5175 1026 5257 turpibus,
1047 5174 1170 5238 involu-

422 5281 558 5347 tionibus
577 5276 745 5341 insensatis
767 5276 987 5357 praescrvando
1007 5282 1038 5337 et
1058 5293 1171 5356 expur-

1227 4291 1288 4352 cite
1303 4289 1503 4353 ambulantis.
1521 4292 1619 4365 Quem
1634 4293 1808 4373 pessimum
1824 4312 1975 4357 somnum

1227 4406 1394 4469 precamur
1419 4387 1587 4453 discutiet
1616 4390 1731 4471 expelli
1760 4392 1904 4469 anobis,
1931 4392 1978 4454 ita

1227 4487 1311 4567 quod
1323 4488 1404 4549 Deus
1420 4488 1532 4550 excitet
1548 4507 1605 4551 uos
1621 4498 1653 4551 et
1667 4488 1803 4551 illustret
1817 4490 1856 4552 ad
1871 4490 1977 4552 consi-

1227 4586 1401 4648 derandum
1416 4587 1529 4649 idonee
1549 4595 1626 4668 quot
1647 4596 1678 4649 et
1693 4588 1818 4668 quantis
1839 4587 1977 4651 circum-

1226 4683 1289 4745 dati
1323 4692 1355 4746 ct
1387 4685 1517 4766 expositi
1537 4676 1650 4747 ‘simus
1685 4685 1843 4766 periculis,
1876 4702 1975 4766 quam

1227 4785 1433 4846 metuendum
1472 4784 1626 4865 judicium
1667 4783 1758 4846 uobis
1797 4784 1973 4863 immineat,

1225 4900 1320 4961 quam
1337 4882 1561 4943 crudelissimis
1576 4880 1712 4944 inimicis
1728 4881 1894 4959 vallemur,
1912 4882 1976 4944 sic-

1225 4998 1288 5059 que
1303 4999 1376 5041 cum
1392 4988 1488 5058 metu,
1507 4988 1643 5043 tremore
1659 4989 1690 5041 et
1706 4980 1817 5043 timore
1833 4988 1974 5043 nostram
1992 4997 2136 5057 restans.

1226 5096 1393 5158 operemur
1414 5077 1560 5156 salutem,
1584 5079 1744 5141 residuum
1765 5078 1836 5142 vitae
1857 5087 1975 5142 nostrae
1992 5063 2030 5104 ¹²·

1227 5176 1393 5257 spatiolum
1410 5175 1570 5239 fructuose
1585 5176 1701 5257 jugiter
1716 5178 1939 5258 expendentes.

1268 5279 1311 5337 Tc
1334 5284 1447 5335 nostra
1468 5296 1530 5335 voc
1549 5278 1699 5351 primum
1718 5286 1806 5337 sonet
1826 5296 1838 5335 .·
1858 5274 1974 5357 idest,
