<?xml version="1.0" encoding="UTF-8"?>
<!DOCTYPE html PUBLIC "-//W3C//DTD XHTML 1.0 Transitional//EN"
    "http://www.w3.org/TR/xhtml1/DTD/xhtml1-transitional.dtd">
<html xmlns="http://www.w3.org/1999/xhtml" xml:lang="en" lang="en">
 <head>
  <title>
</title>
<meta http-equiv="Content-Type" content="text/html;charset=utf-8" />
  <meta name='ocr-system' content='tesseract 3.04.00' />
  <meta name='ocr-capabilities' content='ocr_page ocr_carea ocr_par ocr_line ocrx_word'/>
</head>
<body>
  <div class='ocr_page' id='page_1' title='image "./doctorisecstati02unkngoog_0509.png"; bbox 0 0 4309 6259; ppageno 0'>
   <div class='ocr_carea' id='block_1_1' title="bbox 457 486 1721 569">
    <p class='ocr_par' dir='ltr' id='par_1_1' title="bbox 457 486 1721 569">
     <span class='ocr_line' id='line_1_1' title="bbox 457 486 1721 569; baseline -0.003 -10"><span class='ocrx_word' id='word_1_1' title='bbox 457 512 497 559; x_wconf 84' lang='lat' dir='ltr'><strong>na</strong></span> <span class='ocrx_word' id='word_1_2' title='bbox 516 510 674 559; x_wconf 72' lang='lat' dir='ltr'><strong>rancorem</strong></span> <span class='ocrx_word' id='word_1_3' title='bbox 694 510 732 557; x_wconf 82' lang='lat' dir='ltr'><strong>ar</strong></span> <span class='ocrx_word' id='word_1_4' title='bbox 751 508 915 557; x_wconf 75' lang='lat' dir='ltr'><strong>occurram</strong></span> <span class='ocrx_word' id='word_1_5' title='bbox 933 510 1050 569; x_wconf 74' lang='lat' dir='ltr'><strong>nara,</strong></span> <span class='ocrx_word' id='word_1_6' title='bbox 1071 510 1160 557; x_wconf 79' lang='lat' dir='ltr'><strong>amau</strong></span> <span class='ocrx_word' id='word_1_7' title='bbox 1181 512 1202 557; x_wconf 92' lang='lat'><strong>1.</strong></span> <span class='ocrx_word' id='word_1_8' title='bbox 1225 531 1264 542; x_wconf 94' lang='lat'><em>-</em></span> <span class='ocrx_word' id='word_1_9' title='bbox 1285 512 1355 559; x_wconf 73' lang='lat' dir='ltr'><strong>aar.</strong></span> <span class='ocrx_word' id='word_1_10' title='bbox 1378 512 1442 559; x_wconf 87' lang='lat' dir='ltr'><strong>xvu</strong></span> <span class='ocrx_word' id='word_1_11' title='bbox 1661 486 1721 555; x_wconf 78' lang='lat' dir='ltr'><strong>lea</strong></span> 
     </span>
    </p>
   </div>
   <div class='ocr_carea' id='block_1_2' title="bbox 45 680 1866 5373">
    <p class='ocr_par' dir='ltr' id='par_1_2' title="bbox 45 680 1866 5373">
     <span class='ocr_line' id='line_1_2' title="bbox 177 680 1721 767; baseline -0.005 -18"><span class='ocrx_word' id='word_1_12' title='bbox 177 683 322 749; x_wconf 78' lang='lat' dir='ltr'><strong>exteriori</strong></span> <span class='ocrx_word' id='word_1_13' title='bbox 338 684 446 765; x_wconf 88' lang='lat' dir='ltr'><strong>utique</strong></span> <span class='ocrx_word' id='word_1_14' title='bbox 461 682 632 767; x_wconf 88' lang='lat' dir='ltr'><strong>culpabilis</strong></span> <span class='ocrx_word' id='word_1_15' title='bbox 651 701 791 765; x_wconf 85' lang='lat' dir='ltr'><strong>unquam</strong></span> <span class='ocrx_word' id='word_1_16' title='bbox 809 682 922 747; x_wconf 77' lang='lat' dir='ltr'><strong>motio</strong></span> <span class='ocrx_word' id='word_1_17' title='bbox 935 680 962 743; x_wconf 85' lang='grc' dir='ltr'><strong>Α</strong></span> <span class='ocrx_word' id='word_1_18' title='bbox 976 682 1103 764; x_wconf 89' lang='lat' dir='ltr'><strong>genitus</strong></span> <span class='ocrx_word' id='word_1_19' title='bbox 1129 682 1198 761; x_wconf 89' lang='lat' dir='ltr'><strong>luit,</strong></span> <span class='ocrx_word' id='word_1_20' title='bbox 1224 682 1294 746; x_wconf 87' lang='lat' dir='ltr'><strong>sine</strong></span> <span class='ocrx_word' id='word_1_21' title='bbox 1318 691 1407 767; x_wconf 89' lang='lat' dir='ltr'><strong>patre</strong></span> <span class='ocrx_word' id='word_1_22' title='bbox 1429 701 1555 767; x_wconf 90' lang='lat' dir='ltr'><strong>quoque</strong></span> <span class='ocrx_word' id='word_1_23' title='bbox 1578 701 1597 744; x_wconf 90' lang='lat' dir='ltr'><strong>a</strong></span> <span class='ocrx_word' id='word_1_24' title='bbox 1621 688 1721 745; x_wconf 89' lang='lat' dir='ltr'><strong>matre</strong></span> 
     </span>
     <span class='ocr_line' id='line_1_3' title="bbox 176 778 1722 865; baseline -0.005 -18"><span class='ocrx_word' id='word_1_25' title='bbox 176 784 228 847; x_wconf 91' lang='lat' dir='ltr'><strong>nis</strong></span> <span class='ocrx_word' id='word_1_26' title='bbox 242 784 397 865; x_wconf 86' lang='lat' dir='ltr'><strong>impetum</strong></span> <span class='ocrx_word' id='word_1_27' title='bbox 413 790 579 863; x_wconf 85' lang='lat' dir='ltr'><strong>expertum</strong></span> <span class='ocrx_word' id='word_1_28' title='bbox 592 789 652 861; x_wconf 89' lang='lat' dir='ltr'><strong>est,</strong></span> <span class='ocrx_word' id='word_1_29' title='bbox 669 782 725 846; x_wconf 88' lang='lat' dir='ltr'><strong>sed</strong></span> <span class='ocrx_word' id='word_1_30' title='bbox 744 800 782 845; x_wconf 92' lang='lat' dir='ltr'><strong>eo</strong></span> <span class='ocrx_word' id='word_1_31' title='bbox 796 782 922 845; x_wconf 88' lang='lat' dir='ltr'><strong>coelitus</strong></span> <span class='ocrx_word' id='word_1_32' title='bbox 976 780 1155 862; x_wconf 78' lang='lat' dir='ltr'>gignendus</span> <span class='ocrx_word' id='word_1_33' title='bbox 1179 781 1300 845; x_wconf 84' lang='lat' dir='ltr'><strong>exstitit</strong></span> <span class='ocrx_word' id='word_1_34' title='bbox 1320 805 1327 844; x_wconf 90' lang='lat'>:</span> <span class='ocrx_word' id='word_1_35' title='bbox 1349 790 1505 864; x_wconf 88' lang='lat' dir='ltr'><strong>quatenus</strong></span> <span class='ocrx_word' id='word_1_36' title='bbox 1524 778 1722 864; x_wconf 88' lang='lat' dir='ltr'><strong>generationi</strong></span> 
     </span>
     <span class='ocr_line' id='line_1_4' title="bbox 175 868 1722 965; baseline -0.003 -20"><span class='ocrx_word' id='word_1_37' title='bbox 175 881 345 965; x_wconf 76' lang='lat' dir='ltr'><strong>gratiosius</strong></span> <span class='ocrx_word' id='word_1_38' title='bbox 360 888 575 963; x_wconf 89' lang='lat' dir='ltr'><strong>perornatum,</strong></span> <span class='ocrx_word' id='word_1_39' title='bbox 591 899 655 962; x_wconf 92' lang='lat' dir='ltr'><strong>qno</strong></span> <span class='ocrx_word' id='word_1_40' title='bbox 669 878 807 962; x_wconf 90' lang='lat' dir='ltr'><strong>amplius</strong></span> <span class='ocrx_word' id='word_1_41' title='bbox 821 878 923 960; x_wconf 79' lang='lat' dir='ltr'><strong>aguis</strong></span> <span class='ocrx_word' id='word_1_42' title='bbox 975 868 1098 942; x_wconf 87' lang='lat' dir='ltr'><strong>coelesti</strong></span> <span class='ocrx_word' id='word_1_43' title='bbox 1113 887 1208 962; x_wconf 90' lang='lat' dir='ltr'><strong>atque</strong></span> <span class='ocrx_word' id='word_1_44' title='bbox 1223 888 1374 962; x_wconf 79' lang='lat' dir='ltr'><strong>paterna,</strong></span> <span class='ocrx_word' id='word_1_45' title='bbox 1385 880 1568 963; x_wconf 87' lang='lat' dir='ltr'><strong>temporalis</strong></span> <span class='ocrx_word' id='word_1_46' title='bbox 1582 879 1722 959; x_wconf 89' lang='lat' dir='ltr'><strong>itemque</strong></span> 
     </span>
     <span class='ocr_line' id='line_1_5' title="bbox 176 977 1723 1061; baseline -0.003 -19"><span class='ocrx_word' id='word_1_47' title='bbox 176 999 210 1042; x_wconf 88' lang='lat' dir='ltr'><strong>se</strong></span> <span class='ocrx_word' id='word_1_48' title='bbox 225 980 367 1043; x_wconf 89' lang='lat' dir='ltr'><strong>cernitur</strong></span> <span class='ocrx_word' id='word_1_49' title='bbox 382 1001 390 1041; x_wconf 91' lang='lat'><strong>:</strong></span> <span class='ocrx_word' id='word_1_50' title='bbox 406 979 535 1057; x_wconf 89' lang='lat' dir='ltr'><strong>etenim,</strong></span> <span class='ocrx_word' id='word_1_51' title='bbox 551 979 578 1041; x_wconf 91' lang='lat' dir='ltr'><strong>si</strong></span> <span class='ocrx_word' id='word_1_52' title='bbox 592 978 725 1060; x_wconf 89' lang='lat' dir='ltr'><strong>gratiam</strong></span> <span class='ocrx_word' id='word_1_53' title='bbox 740 977 843 1057; x_wconf 91' lang='lat' dir='ltr'><strong>tollas,</strong></span> <span class='ocrx_word' id='word_1_54' title='bbox 856 995 921 1041; x_wconf 90' lang='lat' dir='ltr'><strong>non</strong></span> <span class='ocrx_word' id='word_1_55' title='bbox 975 985 1119 1040; x_wconf 89' lang='lat' dir='ltr'><strong>matema</strong></span> <span class='ocrx_word' id='word_1_56' title='bbox 1129 977 1291 1058; x_wconf 87' lang='lat' dir='ltr'><strong>generatio</strong></span> <span class='ocrx_word' id='word_1_57' title='bbox 1306 997 1364 1061; x_wconf 90' lang='lat' dir='ltr'><strong>pro</strong></span> <span class='ocrx_word' id='word_1_58' title='bbox 1378 978 1501 1042; x_wconf 88' lang='lat' dir='ltr'><strong>viribus</strong></span> <span class='ocrx_word' id='word_1_59' title='bbox 1516 986 1548 1041; x_wconf 88' lang='lat' dir='ltr'><strong>et</strong></span> <span class='ocrx_word' id='word_1_60' title='bbox 1561 985 1596 1039; x_wconf 90' lang='lat' dir='ltr'><strong>ut</strong></span> <span class='ocrx_word' id='word_1_61' title='bbox 1610 977 1659 1039; x_wconf 86' lang='lat' dir='ltr'><strong>ias</strong></span> <span class='ocrx_word' id='word_1_62' title='bbox 1675 983 1723 1038; x_wconf 89' lang='lat' dir='ltr'><strong>cst</strong></span> 
     </span>
     <span class='ocr_line' id='line_1_6' title="bbox 175 1076 1247 1160; baseline -0.002 -19"><span class='ocrx_word' id='word_1_63' title='bbox 175 1078 237 1141; x_wconf 88' lang='lat' dir='ltr'><strong>erit</strong></span> <span class='ocrx_word' id='word_1_64' title='bbox 263 1078 298 1140; x_wconf 93' lang='lat' dir='ltr'><strong>in</strong></span> <span class='ocrx_word' id='word_1_65' title='bbox 325 1096 388 1159; x_wconf 92' lang='lat' dir='ltr'><strong>quo</strong></span> <span class='ocrx_word' id='word_1_66' title='bbox 415 1098 435 1141; x_wconf 93' lang='lat' dir='ltr'><strong>a</strong></span> <span class='ocrx_word' id='word_1_67' title='bbox 461 1077 576 1142; x_wconf 86' lang='lat' dir='ltr'><strong>ceteris</strong></span> <span class='ocrx_word' id='word_1_68' title='bbox 603 1077 710 1160; x_wconf 90' lang='lat' dir='ltr'><strong>ipsum</strong></span> <span class='ocrx_word' id='word_1_69' title='bbox 742 1076 921 1139; x_wconf 88' lang='lat' dir='ltr'><strong>discernere</strong></span> <span class='ocrx_word' id='word_1_70' title='bbox 976 1076 1247 1158; x_wconf 79' lang='lat' dir='ltr'><strong>corresponderet.</strong></span> 
     </span>
     <span class='ocr_line' id='line_1_7' title="bbox 176 1173 1723 1258; baseline -0.001 -20"><span class='ocrx_word' id='word_1_71' title='bbox 176 1194 285 1257; x_wconf 85' lang='lat' dir='ltr'><strong>queas.</strong></span> <span class='ocrx_word' id='word_1_72' title='bbox 311 1176 418 1253; x_wconf 88' lang='lat' dir='ltr'><strong>Porro,</strong></span> <span class='ocrx_word' id='word_1_73' title='bbox 445 1174 687 1258; x_wconf 74' lang='lat' dir='ltr'><strong>incomparabili</strong></span> <span class='ocrx_word' id='word_1_74' title='bbox 709 1173 922 1254; x_wconf 89' lang='lat' dir='ltr'><strong>deilormique</strong></span> <span class='ocrx_word' id='word_1_75' title='bbox 1014 1174 1285 1249; x_wconf 83' lang='lat' dir='ltr'><strong>Quemadmodum</strong></span> <span class='ocrx_word' id='word_1_76' title='bbox 1310 1176 1426 1257; x_wconf 90' lang='lat' dir='ltr'><strong>itaque,</strong></span> <span class='ocrx_word' id='word_1_77' title='bbox 1451 1174 1639 1258; x_wconf 87' lang='lat' dir='ltr'><strong>dignissima</strong></span> <span class='ocrx_word' id='word_1_78' title='bbox 1661 1174 1723 1237; x_wconf 88' lang='lat' dir='ltr'><strong>lda-</strong></span> 
     </span>
     <span class='ocr_line' id='line_1_8' title="bbox 174 1271 1723 1356; baseline 0.001 -21"><span class='ocrx_word' id='word_1_79' title='bbox 174 1272 369 1337; x_wconf 84' lang='lat' dir='ltr'><strong>fecuuditate</strong></span> <span class='ocrx_word' id='word_1_80' title='bbox 383 1273 569 1337; x_wconf 89' lang='lat' dir='ltr'><strong>benedictus</strong></span> <span class='ocrx_word' id='word_1_81' title='bbox 584 1272 725 1355; x_wconf 82' lang='lat' dir='ltr'><strong>Virginis</strong></span> <span class='ocrx_word' id='word_1_82' title='bbox 738 1280 851 1336; x_wconf 90' lang='lat' dir='ltr'><strong>venter</strong></span> <span class='ocrx_word' id='word_1_83' title='bbox 869 1291 922 1335; x_wconf 92' lang='lat' dir='ltr'><strong>ve-</strong></span> <span class='ocrx_word' id='word_1_84' title='bbox 975 1271 1034 1351; x_wconf 92' lang='lat' dir='ltr'><strong>ria,</strong></span> <span class='ocrx_word' id='word_1_85' title='bbox 1050 1272 1085 1334; x_wconf 92' lang='lat' dir='ltr'><strong>in</strong></span> <span class='ocrx_word' id='word_1_86' title='bbox 1100 1272 1308 1356; x_wconf 81' lang='lat' dir='ltr'><strong>conceptione</strong></span> <span class='ocrx_word' id='word_1_87' title='bbox 1329 1274 1442 1338; x_wconf 80' lang='lat' dir='ltr'><strong>Christi</strong></span> <span class='ocrx_word' id='word_1_88' title='bbox 1465 1274 1602 1337; x_wconf 88' lang='lat' dir='ltr'><strong>claustra</strong></span> <span class='ocrx_word' id='word_1_89' title='bbox 1624 1272 1723 1355; x_wconf 93' lang='lat' dir='ltr'><strong>pudo-</strong></span> 
     </span>
     <span class='ocr_line' id='line_1_9' title="bbox 175 1370 1723 1454; baseline -0.001 -21"><span class='ocrx_word' id='word_1_90' title='bbox 175 1379 304 1434; x_wconf 91' lang='lat' dir='ltr'><strong>neratus</strong></span> <span class='ocrx_word' id='word_1_91' title='bbox 318 1380 367 1434; x_wconf 88' lang='lat' dir='ltr'><strong>est</strong></span> <span class='ocrx_word' id='word_1_92' title='bbox 382 1396 389 1433; x_wconf 92' lang='lat'><strong>:</strong></span> <span class='ocrx_word' id='word_1_93' title='bbox 407 1371 525 1454; x_wconf 87' lang='lat' dir='ltr'><strong>quippe</strong></span> <span class='ocrx_word' id='word_1_94' title='bbox 538 1371 594 1454; x_wconf 89' lang='lat' dir='ltr'><strong>qui</strong></span> <span class='ocrx_word' id='word_1_95' title='bbox 608 1390 681 1435; x_wconf 86' lang='lat' dir='ltr'><strong>eum</strong></span> <span class='ocrx_word' id='word_1_96' title='bbox 695 1371 796 1434; x_wconf 88' lang='lat' dir='ltr'><strong>edidit</strong></span> <span class='ocrx_word' id='word_1_97' title='bbox 808 1370 863 1452; x_wconf 91' lang='lat' dir='ltr'><strong>qui</strong></span> <span class='ocrx_word' id='word_1_98' title='bbox 883 1390 921 1433; x_wconf 79' lang='lat' dir='ltr'><strong>ex</strong></span> <span class='ocrx_word' id='word_1_99' title='bbox 975 1370 1018 1431; x_wconf 93' lang='lat' dir='ltr'><strong>ris</strong></span> <span class='ocrx_word' id='word_1_100' title='bbox 1043 1378 1241 1452; x_wconf 83' lang='lat' dir='ltr'><strong>permanent,</strong></span> <span class='ocrx_word' id='word_1_101' title='bbox 1258 1371 1304 1435; x_wconf 92' lang='lat' dir='ltr'><strong>sic</strong></span> <span class='ocrx_word' id='word_1_102' title='bbox 1325 1372 1434 1454; x_wconf 91' lang='lat' dir='ltr'><strong>utique</strong></span> <span class='ocrx_word' id='word_1_103' title='bbox 1452 1372 1486 1433; x_wconf 93' lang='lat' dir='ltr'><strong>in</strong></span> <span class='ocrx_word' id='word_1_104' title='bbox 1505 1380 1609 1454; x_wconf 90' lang='lat' dir='ltr'><strong>partu,</strong></span> <span class='ocrx_word' id='word_1_105' title='bbox 1626 1371 1723 1452; x_wconf 90' lang='lat' dir='ltr'><strong>virgi-</strong></span> 
     </span>
     <span class='ocr_line' id='line_1_10' title="bbox 173 1466 1722 1553; baseline -0.003 -20"><span class='ocrx_word' id='word_1_106' title='bbox 173 1470 284 1533; x_wconf 78' lang='lat' dir='ltr'><strong>aetcrui</strong></span> <span class='ocrx_word' id='word_1_107' title='bbox 298 1469 397 1533; x_wconf 87' lang='lat' dir='ltr'><strong>Patris</strong></span> <span class='ocrx_word' id='word_1_108' title='bbox 412 1479 518 1533; x_wconf 89' lang='lat' dir='ltr'><strong>mente</strong></span> <span class='ocrx_word' id='word_1_109' title='bbox 532 1469 835 1553; x_wconf 81' lang='lat' dir='ltr'><strong>profluxitllemum</strong></span> <span class='ocrx_word' id='word_1_110' title='bbox 849 1469 920 1551; x_wconf 89' lang='lat' dir='ltr'><strong>ejus</strong></span> <span class='ocrx_word' id='word_1_111' title='bbox 974 1467 1027 1529; x_wconf 91' lang='lat' dir='ltr'><strong>nei</strong></span> <span class='ocrx_word' id='word_1_112' title='bbox 1061 1466 1181 1531; x_wconf 87' lang='lat' dir='ltr'><strong>ventris</strong></span> <span class='ocrx_word' id='word_1_113' title='bbox 1214 1476 1304 1549; x_wconf 88' lang='lat' dir='ltr'><strong>porta</strong></span> <span class='ocrx_word' id='word_1_114' title='bbox 1332 1469 1440 1532; x_wconf 90' lang='lat' dir='ltr'><strong>clausa</strong></span> <span class='ocrx_word' id='word_1_115' title='bbox 1472 1468 1722 1549; x_wconf 74' lang='lat' dir='ltr'><strong>intemerataque</strong></span> 
     </span>
     <span class='ocr_line' id='line_1_11' title="bbox 173 1565 1721 1649; baseline -0.002 -19"><span class='ocrx_word' id='word_1_116' title='bbox 173 1568 261 1631; x_wconf 87' lang='lat' dir='ltr'><strong>bunc</strong></span> <span class='ocrx_word' id='word_1_117' title='bbox 282 1568 381 1631; x_wconf 87' lang='lat' dir='ltr'><strong>ubera</strong></span> <span class='ocrx_word' id='word_1_118' title='bbox 398 1568 556 1631; x_wconf 87' lang='lat' dir='ltr'><strong>lactarunt</strong></span> <span class='ocrx_word' id='word_1_119' title='bbox 573 1568 628 1649; x_wconf 91' lang='lat' dir='ltr'><strong>qui</strong></span> <span class='ocrx_word' id='word_1_120' title='bbox 647 1566 796 1631; x_wconf 90' lang='lat' dir='ltr'><strong>omnibus</strong></span> <span class='ocrx_word' id='word_1_121' title='bbox 814 1566 921 1648; x_wconf 87' lang='lat' dir='ltr'><strong>provi·</strong></span> <span class='ocrx_word' id='word_1_122' title='bbox 974 1566 1160 1647; x_wconf 89' lang='lat' dir='ltr'><strong>permansit.</strong></span> <span class='ocrx_word' id='word_1_123' title='bbox 1190 1566 1228 1627; x_wconf 87' lang='lat' dir='ltr'><strong>Et</strong></span> <span class='ocrx_word' id='word_1_124' title='bbox 1260 1565 1293 1627; x_wconf 91' lang='lat' dir='ltr'><strong>in</strong></span> <span class='ocrx_word' id='word_1_125' title='bbox 1326 1566 1375 1628; x_wconf 89' lang='lat' dir='ltr'><strong>his</strong></span> <span class='ocrx_word' id='word_1_126' title='bbox 1409 1567 1536 1648; x_wconf 87' lang='lat' dir='ltr'><strong>quidem</strong></span> <span class='ocrx_word' id='word_1_127' title='bbox 1572 1574 1603 1629; x_wconf 92' lang='lat' dir='ltr'><strong>te</strong></span> <span class='ocrx_word' id='word_1_128' title='bbox 1639 1566 1721 1628; x_wconf 84' lang='lat' dir='ltr'><strong>Deus</strong></span> 
     </span>
     <span class='ocr_line' id='line_1_12' title="bbox 47 1663 1722 1748; baseline -0.001 -20"><span class='ocrx_word' id='word_1_129' title='bbox 47 1686 159 1735; x_wconf 59' lang='lat' dir='ltr'><strong>raama</strong></span> <span class='ocrx_word' id='word_1_130' title='bbox 172 1667 238 1743; x_wconf 94' lang='lat' dir='ltr'><strong>det,</strong></span> <span class='ocrx_word' id='word_1_131' title='bbox 268 1667 376 1729; x_wconf 89' lang='lat' dir='ltr'><strong>omnia</strong></span> <span class='ocrx_word' id='word_1_132' title='bbox 402 1674 578 1743; x_wconf 82' lang='lat' dir='ltr'><strong>sustentat3</strong></span> <span class='ocrx_word' id='word_1_133' title='bbox 607 1665 660 1748; x_wconf 93' lang='lat' dir='ltr'><strong>qui</strong></span> <span class='ocrx_word' id='word_1_134' title='bbox 687 1665 741 1727; x_wconf 90' lang='lat' dir='ltr'><strong>dat</strong></span> <span class='ocrx_word' id='word_1_135' title='bbox 767 1663 920 1746; x_wconf 87' lang='lat' dir='ltr'><strong>jumentis</strong></span> <span class='ocrx_word' id='word_1_136' title='bbox 974 1672 1105 1727; x_wconf 84' lang='lat' dir='ltr'><strong>eatenus</strong></span> <span class='ocrx_word' id='word_1_137' title='bbox 1123 1665 1316 1747; x_wconf 88' lang='lat' dir='ltr'><strong>possidebat,</strong></span> <span class='ocrx_word' id='word_1_138' title='bbox 1338 1673 1372 1729; x_wconf 91' lang='lat' dir='ltr'><strong>ut</strong></span> <span class='ocrx_word' id='word_1_139' title='bbox 1393 1665 1473 1728; x_wconf 92' lang='lat' dir='ltr'><strong>nulli</strong></span> <span class='ocrx_word' id='word_1_140' title='bbox 1497 1664 1650 1747; x_wconf 87' lang='lat' dir='ltr'><strong>deinceps</strong></span> <span class='ocrx_word' id='word_1_141' title='bbox 1676 1664 1722 1727; x_wconf 76' lang='lat' dir='ltr'><strong>le</strong></span> 
     </span>
     <span class='ocr_line' id='line_1_13' title="bbox 48 1762 1722 1847; baseline -0.002 -20"><span class='ocrx_word' id='word_1_142' title='bbox 48 1784 281 1837; x_wconf 69' lang='lat' dir='ltr'><strong>a.m1v,escam</strong></span> <span class='ocrx_word' id='word_1_143' title='bbox 303 1765 457 1847; x_wconf 90' lang='lat' dir='ltr'><strong>ipsorum,</strong></span> <span class='ocrx_word' id='word_1_144' title='bbox 473 1782 630 1845; x_wconf 88' lang='lat' dir='ltr'><strong>omneque</strong></span> <span class='ocrx_word' id='word_1_145' title='bbox 649 1762 767 1825; x_wconf 92' lang='lat' dir='ltr'><strong>animal</strong></span> <span class='ocrx_word' id='word_1_146' title='bbox 791 1762 921 1825; x_wconf 89' lang='lat' dir='ltr'><strong>benedi·</strong></span> <span class='ocrx_word' id='word_1_147' title='bbox 975 1762 1083 1826; x_wconf 91' lang='lat' dir='ltr'><strong>mineo</strong></span> <span class='ocrx_word' id='word_1_148' title='bbox 1102 1770 1132 1825; x_wconf 88' lang='lat' dir='ltr'><strong>ta</strong></span> <span class='ocrx_word' id='word_1_149' title='bbox 1151 1763 1196 1825; x_wconf 93' lang='lat' dir='ltr'><strong>uti</strong></span> <span class='ocrx_word' id='word_1_150' title='bbox 1217 1784 1277 1827; x_wconf 93' lang='lat' dir='ltr'><strong>usu</strong></span> <span class='ocrx_word' id='word_1_151' title='bbox 1297 1764 1417 1826; x_wconf 86' lang='lat' dir='ltr'><strong>liceret.</strong></span> <span class='ocrx_word' id='word_1_152' title='bbox 1435 1763 1614 1826; x_wconf 86' lang='lat' dir='ltr'><strong>Divinitatis</strong></span> <span class='ocrx_word' id='word_1_153' title='bbox 1634 1782 1722 1825; x_wconf 91' lang='lat' dir='ltr'><strong>nem-</strong></span> 
     </span>
     <span class='ocr_line' id='line_1_14' title="bbox 47 1850 1723 1945; baseline -0.002 -20"><span class='ocrx_word' id='word_1_154' title='bbox 47 1850 71 1889; x_wconf 74' lang='lat'><strong>&#39;⁶·</strong></span> <span class='ocrx_word' id='word_1_155' title='bbox 172 1863 281 1927; x_wconf 88' lang='lat' dir='ltr'><strong>ctione</strong></span> <span class='ocrx_word' id='word_1_156' title='bbox 295 1862 456 1945; x_wconf 89' lang='lat' dir='ltr'><strong>adimplet.</strong></span> <span class='ocrx_word' id='word_1_157' title='bbox 464 1862 579 1943; x_wconf 88' lang='lat' dir='ltr'><strong>Sicque</strong></span> <span class='ocrx_word' id='word_1_158' title='bbox 594 1880 734 1940; x_wconf 90' lang='lat' dir='ltr'><strong>carnem,</strong></span> <span class='ocrx_word' id='word_1_159' title='bbox 751 1860 919 1941; x_wconf 89' lang='lat' dir='ltr'><strong>carnisque</strong></span> <span class='ocrx_word' id='word_1_160' title='bbox 937 1863 960 1925; x_wconf 93' lang='lat' dir='ltr'>B</span> <span class='ocrx_word' id='word_1_161' title='bbox 975 1880 1015 1942; x_wconf 89' lang='lat' dir='ltr'><strong>pe</strong></span> <span class='ocrx_word' id='word_1_162' title='bbox 1034 1862 1200 1944; x_wconf 87' lang='lat' dir='ltr'><strong>templum,</strong></span> <span class='ocrx_word' id='word_1_163' title='bbox 1217 1861 1375 1925; x_wconf 84' lang='lat' dir='ltr'><strong>Trinitatis</strong></span> <span class='ocrx_word' id='word_1_164' title='bbox 1397 1861 1608 1939; x_wconf 87' lang='lat' dir='ltr'><strong>domicilium,</strong></span> <span class='ocrx_word' id='word_1_165' title='bbox 1625 1860 1723 1942; x_wconf 88' lang='lat' dir='ltr'><strong>Spiri-</strong></span> 
     </span>
     <span class='ocr_line' id='line_1_15' title="bbox 171 1958 1722 2042; baseline -0.003 -18"><span class='ocrx_word' id='word_1_166' title='bbox 171 1970 234 2025; x_wconf 76' lang='lat' dir='ltr'><strong>tum</strong></span> <span class='ocrx_word' id='word_1_167' title='bbox 249 1962 402 2042; x_wconf 90' lang='lat' dir='ltr'><strong>membra,</strong></span> <span class='ocrx_word' id='word_1_168' title='bbox 417 1979 437 2024; x_wconf 91' lang='lat' dir='ltr'><strong>o</strong></span> <span class='ocrx_word' id='word_1_169' title='bbox 451 1960 557 2041; x_wconf 89' lang='lat' dir='ltr'><strong>llaria,</strong></span> <span class='ocrx_word' id='word_1_170' title='bbox 570 1960 836 2023; x_wconf 89' lang='lat' dir='ltr'><strong>clementissimus</strong></span> <span class='ocrx_word' id='word_1_171' title='bbox 850 1958 921 2021; x_wconf 85' lang='lat' dir='ltr'><strong>Cre-</strong></span> <span class='ocrx_word' id='word_1_172' title='bbox 974 1967 1025 2021; x_wconf 90' lang='lat' dir='ltr'><strong>tus</strong></span> <span class='ocrx_word' id='word_1_173' title='bbox 1050 1959 1155 2022; x_wconf 89' lang='lat' dir='ltr'><strong>Sancti</strong></span> <span class='ocrx_word' id='word_1_174' title='bbox 1180 1961 1363 2039; x_wconf 89' lang='lat' dir='ltr'><strong>sacrarium,</strong></span> <span class='ocrx_word' id='word_1_175' title='bbox 1380 1959 1450 2021; x_wconf 80' lang='lat' dir='ltr'><strong>Filii</strong></span> <span class='ocrx_word' id='word_1_176' title='bbox 1474 1958 1529 2022; x_wconf 83' lang='lat' dir='ltr'><strong>llei</strong></span> <span class='ocrx_word' id='word_1_177' title='bbox 1549 1958 1722 2022; x_wconf 85' lang='lat' dir='ltr'><strong>matemala</strong></span> 
     </span>
     <span class='ocr_line' id='line_1_16' title="bbox 171 2056 1722 2141; baseline -0.002 -20"><span class='ocrx_word' id='word_1_178' title='bbox 171 2067 241 2122; x_wconf 88' lang='lat' dir='ltr'><strong>ator</strong></span> <span class='ocrx_word' id='word_1_179' title='bbox 263 2058 422 2137; x_wconf 83' lang='lat' dir='ltr'><strong>exaltavit,</strong></span> <span class='ocrx_word' id='word_1_180' title='bbox 438 2066 594 2141; x_wconf 88' lang='lat' dir='ltr'><strong>quatenus</strong></span> <span class='ocrx_word' id='word_1_181' title='bbox 620 2077 679 2140; x_wconf 90' lang='lat' dir='ltr'><strong>per</strong></span> <span class='ocrx_word' id='word_1_182' title='bbox 701 2077 772 2121; x_wconf 90' lang='lat' dir='ltr'><strong>eam</strong></span> <span class='ocrx_word' id='word_1_183' title='bbox 795 2056 921 2119; x_wconf 74' lang='lat' dir='ltr'><strong>univer</strong></span> <span class='ocrx_word' id='word_1_184' title='bbox 974 2058 1227 2137; x_wconf 84' lang='lat' dir='ltr'><strong>tabernaculum,</strong></span> <span class='ocrx_word' id='word_1_185' title='bbox 1265 2058 1426 2140; x_wconf 88' lang='lat' dir='ltr'><strong>impudica</strong></span> <span class='ocrx_word' id='word_1_186' title='bbox 1462 2057 1534 2139; x_wconf 90' lang='lat' dir='ltr'><strong>quis</strong></span> <span class='ocrx_word' id='word_1_187' title='bbox 1572 2056 1722 2119; x_wconf 87' lang='lat' dir='ltr'><strong>libidino-</strong></span> 
     </span>
     <span class='ocr_line' id='line_1_17' title="bbox 172 2154 1722 2239; baseline -0.002 -20"><span class='ocrx_word' id='word_1_188' title='bbox 172 2176 281 2219; x_wconf 90' lang='lat' dir='ltr'><strong>sorum</strong></span> <span class='ocrx_word' id='word_1_189' title='bbox 300 2156 471 2239; x_wconf 89' lang='lat' dir='ltr'><strong>spirituum</strong></span> <span class='ocrx_word' id='word_1_190' title='bbox 494 2158 667 2219; x_wconf 89' lang='lat' dir='ltr'><strong>electorum</strong></span> <span class='ocrx_word' id='word_1_191' title='bbox 692 2154 920 2219; x_wconf 89' lang='lat' dir='ltr'><strong>beatitudinem</strong></span> <span class='ocrx_word' id='word_1_192' title='bbox 974 2174 1048 2217; x_wconf 90' lang='lat' dir='ltr'><strong>save</strong></span> <span class='ocrx_word' id='word_1_193' title='bbox 1072 2173 1168 2217; x_wconf 87' lang='lat' dir='ltr'><strong>came</strong></span> <span class='ocrx_word' id='word_1_194' title='bbox 1197 2155 1395 2237; x_wconf 87' lang='lat' dir='ltr'><strong>contingeret</strong></span> <span class='ocrx_word' id='word_1_195' title='bbox 1427 2163 1482 2218; x_wconf 87' lang='lat' dir='ltr'><strong>aut</strong></span> <span class='ocrx_word' id='word_1_196' title='bbox 1516 2162 1601 2217; x_wconf 87' lang='lat' dir='ltr'><strong>certe</strong></span> <span class='ocrx_word' id='word_1_197' title='bbox 1632 2172 1722 2217; x_wconf 88' lang='lat' dir='ltr'><strong>accc·</strong></span> 
     </span>
     <span class='ocr_line' id='line_1_18' title="bbox 172 2252 1082 2336; baseline -0.003 -19"><span class='ocrx_word' id='word_1_198' title='bbox 172 2263 335 2336; x_wconf 84' lang='lat' dir='ltr'><strong>repararet</strong></span> <span class='ocrx_word' id='word_1_199' title='bbox 354 2254 388 2315; x_wconf 92' lang='lat' dir='ltr'><strong>in</strong></span> <span class='ocrx_word' id='word_1_200' title='bbox 412 2253 606 2334; x_wconf 89' lang='lat' dir='ltr'><strong>bominibus,</strong></span> <span class='ocrx_word' id='word_1_201' title='bbox 623 2254 786 2335; x_wconf 84' lang='lat' dir='ltr'><strong>suppleret</strong></span> <span class='ocrx_word' id='word_1_202' title='bbox 808 2252 842 2313; x_wconf 92' lang='lat' dir='ltr'><strong>iu</strong></span> <span class='ocrx_word' id='word_1_203' title='bbox 866 2271 921 2313; x_wconf 93' lang='lat' dir='ltr'><strong>an·</strong></span> <span class='ocrx_word' id='word_1_204' title='bbox 973 2254 1082 2316; x_wconf 82' lang='lat' dir='ltr'><strong>deretl</strong></span> 
     </span>
     <span class='ocr_line' id='line_1_19' title="bbox 171 2350 1722 2435; baseline -0.002 -20"><span class='ocrx_word' id='word_1_205' title='bbox 171 2353 263 2433; x_wconf 88' lang='lat' dir='ltr'><strong>galis.</strong></span> <span class='ocrx_word' id='word_1_206' title='bbox 279 2353 335 2433; x_wconf 75' lang='lat' dir='ltr'><strong>l&#39;e,</strong></span> <span class='ocrx_word' id='word_1_207' title='bbox 351 2370 476 2435; x_wconf 88' lang='lat' dir='ltr'><strong>precor,</strong></span> <span class='ocrx_word' id='word_1_208' title='bbox 492 2352 734 2435; x_wconf 87' lang='lat' dir='ltr'><strong>contempletur,</strong></span> <span class='ocrx_word' id='word_1_209' title='bbox 758 2359 789 2413; x_wconf 85' lang='lat' dir='ltr'><strong>tc</strong></span> <span class='ocrx_word' id='word_1_210' title='bbox 808 2350 920 2431; x_wconf 90' lang='lat' dir='ltr'><strong>diligat</strong></span> <span class='ocrx_word' id='word_1_211' title='bbox 1014 2352 1071 2432; x_wconf 85' lang='lat' dir='ltr'><strong>Tu,</strong></span> <span class='ocrx_word' id='word_1_212' title='bbox 1087 2369 1106 2414; x_wconf 95' lang='lat' dir='ltr'><strong>o</strong></span> <span class='ocrx_word' id='word_1_213' title='bbox 1128 2350 1313 2414; x_wconf 82' lang='lat' dir='ltr'><strong>felicissima</strong></span> <span class='ocrx_word' id='word_1_214' title='bbox 1335 2350 1440 2429; x_wconf 87' lang='lat' dir='ltr'><strong>llaria,</strong></span> <span class='ocrx_word' id='word_1_215' title='bbox 1457 2351 1567 2414; x_wconf 88' lang='lat' dir='ltr'><strong>bortus</strong></span> <span class='ocrx_word' id='word_1_216' title='bbox 1593 2350 1722 2413; x_wconf 91' lang='lat' dir='ltr'><strong>conclu-</strong></span> 
     </span>
     <span class='ocr_line' id='line_1_20' title="bbox 171 2447 1721 2531; baseline -0.001 -18"><span class='ocrx_word' id='word_1_217' title='bbox 171 2458 267 2531; x_wconf 91' lang='lat' dir='ltr'><strong>teque</strong></span> <span class='ocrx_word' id='word_1_218' title='bbox 302 2458 472 2514; x_wconf 88' lang='lat' dir='ltr'><strong>veneretur</strong></span> <span class='ocrx_word' id='word_1_219' title='bbox 505 2451 611 2513; x_wconf 90' lang='lat' dir='ltr'><strong>anima</strong></span> <span class='ocrx_word' id='word_1_220' title='bbox 646 2469 727 2530; x_wconf 89' lang='lat' dir='ltr'><strong>mea,</strong></span> <span class='ocrx_word' id='word_1_221' title='bbox 757 2468 777 2513; x_wconf 92' lang='lat' dir='ltr'><strong>o</strong></span> <span class='ocrx_word' id='word_1_222' title='bbox 809 2448 919 2511; x_wconf 90' lang='lat' dir='ltr'><strong>divina</strong></span> <span class='ocrx_word' id='word_1_223' title='bbox 973 2469 1039 2530; x_wconf 92' lang='lat' dir='ltr'><strong>sus,</strong></span> <span class='ocrx_word' id='word_1_224' title='bbox 1060 2449 1120 2513; x_wconf 92' lang='lat' dir='ltr'><strong>soli</strong></span> <span class='ocrx_word' id='word_1_225' title='bbox 1144 2450 1209 2512; x_wconf 83' lang='lat' dir='ltr'><strong>lleo</strong></span> <span class='ocrx_word' id='word_1_226' title='bbox 1232 2457 1355 2531; x_wconf 88' lang='lat' dir='ltr'><strong>patens,</strong></span> <span class='ocrx_word' id='word_1_227' title='bbox 1371 2468 1435 2512; x_wconf 92' lang='lat' dir='ltr'><strong>non</strong></span> <span class='ocrx_word' id='word_1_228' title='bbox 1459 2448 1570 2530; x_wconf 92' lang='lat' dir='ltr'><strong>utique</strong></span> <span class='ocrx_word' id='word_1_229' title='bbox 1594 2447 1721 2511; x_wconf 92' lang='lat' dir='ltr'><strong>aliunde</strong></span> 
     </span>
     <span class='ocr_line' id='line_1_21' title="bbox 171 2546 1722 2629; baseline 0 -20"><span class='ocrx_word' id='word_1_230' title='bbox 171 2547 279 2610; x_wconf 87' lang='lat' dir='ltr'><strong>llaria.</strong></span> <span class='ocrx_word' id='word_1_231' title='bbox 972 2555 1101 2628; x_wconf 87' lang='lat' dir='ltr'><strong>apertus</strong></span> <span class='ocrx_word' id='word_1_232' title='bbox 1115 2570 1122 2609; x_wconf 92' lang='lat'><strong>:</strong></span> <span class='ocrx_word' id='word_1_233' title='bbox 1134 2565 1173 2609; x_wconf 85' lang='lat' dir='ltr'><strong>ex</strong></span> <span class='ocrx_word' id='word_1_234' title='bbox 1187 2564 1250 2629; x_wconf 91' lang='lat' dir='ltr'><strong>quo</strong></span> <span class='ocrx_word' id='word_1_235' title='bbox 1266 2546 1328 2611; x_wconf 89' lang='lat' dir='ltr'><strong>ilos</strong></span> <span class='ocrx_word' id='word_1_236' title='bbox 1343 2546 1397 2609; x_wconf 90' lang='lat' dir='ltr'><strong>ille</strong></span> <span class='ocrx_word' id='word_1_237' title='bbox 1410 2546 1637 2611; x_wconf 83' lang='lat' dir='ltr'><strong>floridissimus</strong></span> <span class='ocrx_word' id='word_1_238' title='bbox 1652 2564 1722 2628; x_wconf 78' lang='lat' dir='ltr'><strong>pro</strong></span> 
     </span>
     <span class='ocr_line' id='line_1_22' title="bbox 972 2643 1718 2727; baseline -0.003 -19"><span class='ocrx_word' id='word_1_239' title='bbox 972 2644 1076 2725; x_wconf 80' lang='lat' dir='ltr'><strong>lluxit,</strong></span> <span class='ocrx_word' id='word_1_240' title='bbox 1098 2646 1190 2727; x_wconf 86' lang='lat' dir='ltr'><strong>cujus</strong></span> <span class='ocrx_word' id='word_1_241' title='bbox 1212 2644 1323 2726; x_wconf 90' lang='lat' dir='ltr'><strong>utique</strong></span> <span class='ocrx_word' id='word_1_242' title='bbox 1347 2644 1452 2708; x_wconf 89' lang='lat' dir='ltr'><strong>virore</strong></span> <span class='ocrx_word' id='word_1_243' title='bbox 1475 2643 1563 2707; x_wconf 87' lang='lat' dir='ltr'><strong>crida</strong></span> <span class='ocrx_word' id='word_1_244' title='bbox 1586 2643 1718 2707; x_wconf 90' lang='lat' dir='ltr'><strong>humani</strong></span> 
     </span>
     <span class='ocr_line' id='line_1_23' title="bbox 972 2742 1721 2825; baseline -0.003 -19"><span class='ocrx_word' id='word_1_245' title='bbox 972 2743 1099 2825; x_wconf 88' lang='lat' dir='ltr'><strong>generis</strong></span> <span class='ocrx_word' id='word_1_246' title='bbox 1120 2751 1232 2807; x_wconf 87' lang='lat' dir='ltr'><strong>natura</strong></span> <span class='ocrx_word' id='word_1_247' title='bbox 1257 2742 1413 2821; x_wconf 82' lang='lat' dir='ltr'><strong>refloruit,</strong></span> <span class='ocrx_word' id='word_1_248' title='bbox 1430 2750 1524 2823; x_wconf 89' lang='lat' dir='ltr'><strong>atque</strong></span> <span class='ocrx_word' id='word_1_249' title='bbox 1547 2742 1587 2804; x_wconf 92' lang='lat' dir='ltr'><strong>ad</strong></span> <span class='ocrx_word' id='word_1_250' title='bbox 1611 2760 1721 2823; x_wconf 91' lang='lat' dir='ltr'><strong>super·</strong></span> 
     </span>
     <span class='ocr_line' id='line_1_24' title="bbox 358 2839 1719 2918; baseline -0.003 -12"><span class='ocrx_word' id='word_1_251' title='bbox 358 2853 604 2918; x_wconf 82' lang='lat' dir='ltr'><strong>ARTICULUS</strong></span> <span class='ocrx_word' id='word_1_252' title='bbox 626 2854 735 2917; x_wconf 77' lang='lat' dir='ltr'><strong>XVII,</strong></span> <span class='ocrx_word' id='word_1_253' title='bbox 972 2842 1112 2905; x_wconf 84' lang='lat' dir='ltr'><strong>coelestis</strong></span> <span class='ocrx_word' id='word_1_254' title='bbox 1127 2840 1334 2904; x_wconf 83' lang='lat' dir='ltr'><strong>refloritionis</strong></span> <span class='ocrx_word' id='word_1_255' title='bbox 1353 2839 1569 2903; x_wconf 73' lang='lat' dir='ltr'><strong>amoenitatem</strong></span> <span class='ocrx_word' id='word_1_256' title='bbox 1589 2841 1719 2902; x_wconf 88' lang='lat' dir='ltr'><strong>reducta</strong></span> 
     </span>
     <span class='ocr_line' id='line_1_25' title="bbox 973 2937 1719 3022; baseline -0.004 -20"><span class='ocrx_word' id='word_1_257' title='bbox 973 2946 1030 3002; x_wconf 89' lang='lat' dir='ltr'><strong>cst.</strong></span> <span class='ocrx_word' id='word_1_258' title='bbox 1057 2938 1129 3002; x_wconf 83' lang='lat' dir='ltr'><strong>Flos</strong></span> <span class='ocrx_word' id='word_1_259' title='bbox 1152 2957 1283 3021; x_wconf 88' lang='lat' dir='ltr'><strong>prorsus</strong></span> <span class='ocrx_word' id='word_1_260' title='bbox 1306 2937 1589 3022; x_wconf 77' lang='lat' dir='ltr'><strong>fragrantissimus,</strong></span> <span class='ocrx_word' id='word_1_261' title='bbox 1614 2937 1719 3000; x_wconf 90' lang='lat' dir='ltr'><strong>omnis</strong></span> 
     </span>
     <span class='ocr_line' id='line_1_26' title="bbox 219 3026 1722 3130; baseline -0.007 -24"><span class='ocrx_word' id='word_1_262' title='bbox 219 3032 269 3092; x_wconf 67' lang='lat' dir='ltr'><strong>De</strong></span> <span class='ocrx_word' id='word_1_263' title='bbox 280 3037 441 3106; x_wconf 62' lang='lat' dir='ltr'><strong>perpetua</strong></span> <span class='ocrx_word' id='word_1_264' title='bbox 451 3026 734 3130; x_wconf 49' lang='lat' dir='ltr'><strong>Ptffliiqmt&#39;fflmoe</strong></span> <span class='ocrx_word' id='word_1_265' title='bbox 748 3028 870 3088; x_wconf 60' lang='lat' dir='ltr'><strong>Matris</strong></span> <span class='ocrx_word' id='word_1_266' title='bbox 933 3036 955 3099; x_wconf 86' lang='lat' dir='ltr'>C</span> <span class='ocrx_word' id='word_1_267' title='bbox 973 3036 1105 3101; x_wconf 91' lang='lat' dir='ltr'><strong>omnino</strong></span> <span class='ocrx_word' id='word_1_268' title='bbox 1120 3035 1243 3120; x_wconf 88' lang='lat' dir='ltr'><strong>peccati</strong></span> <span class='ocrx_word' id='word_1_269' title='bbox 1258 3036 1463 3119; x_wconf 82' lang='lat' dir='ltr'><strong>exstinguens</strong></span> <span class='ocrx_word' id='word_1_270' title='bbox 1477 3034 1607 3116; x_wconf 89' lang='lat' dir='ltr'><strong>propria</strong></span> <span class='ocrx_word' id='word_1_271' title='bbox 1621 3034 1722 3097; x_wconf 91' lang='lat' dir='ltr'><strong>suavi-</strong></span> 
     </span>
     <span class='ocr_line' id='line_1_27' title="bbox 443 3118 1721 3215; baseline -0.004 -15"><span class='ocrx_word' id='word_1_272' title='bbox 443 3118 647 3193; x_wconf 60' lang='lat' dir='ltr'><strong>vifflimmie·</strong></span> <span class='ocrx_word' id='word_1_273' title='bbox 973 3145 1036 3199; x_wconf 86' lang='lat' dir='ltr'><strong>tate</strong></span> <span class='ocrx_word' id='word_1_274' title='bbox 1059 3136 1217 3215; x_wconf 82' lang='lat' dir='ltr'><strong>lectorem,</strong></span> <span class='ocrx_word' id='word_1_275' title='bbox 1234 3135 1343 3198; x_wconf 85' lang='lat' dir='ltr'><strong>orbem</strong></span> <span class='ocrx_word' id='word_1_276' title='bbox 1368 3152 1425 3196; x_wconf 86' lang='lat' dir='ltr'><strong>sua</strong></span> <span class='ocrx_word' id='word_1_277' title='bbox 1448 3134 1606 3197; x_wconf 89' lang='lat' dir='ltr'><strong>adornans</strong></span> <span class='ocrx_word' id='word_1_278' title='bbox 1631 3132 1721 3195; x_wconf 89' lang='lat' dir='ltr'><strong>item-</strong></span> 
     </span>
     <span class='ocr_line' id='line_1_28' title="bbox 973 3231 1717 3315; baseline -0.004 -19"><span class='ocrx_word' id='word_1_279' title='bbox 973 3252 1035 3315; x_wconf 91' lang='lat' dir='ltr'><strong>que</strong></span> <span class='ocrx_word' id='word_1_280' title='bbox 1063 3233 1246 3295; x_wconf 84' lang='lat' dir='ltr'><strong>salvificans</strong></span> <span class='ocrx_word' id='word_1_281' title='bbox 1274 3231 1442 3295; x_wconf 88' lang='lat' dir='ltr'><strong>dulcedine</strong></span> <span class='ocrx_word' id='word_1_282' title='bbox 1474 3240 1569 3313; x_wconf 89' lang='lat' dir='ltr'><strong>atque</strong></span> <span class='ocrx_word' id='word_1_283' title='bbox 1598 3231 1717 3313; x_wconf 89' lang='lat' dir='ltr'><strong>vigore.</strong></span> 
     </span>
     <span class='ocr_line' id='line_1_29' title="bbox 45 3330 1859 3411; baseline -0.003 -15"><span class='ocrx_word' id='word_1_284' title='bbox 45 3330 156 3382; x_wconf 67' lang='lat'><strong>⁶¹⁸‘=¹&#39;·¹²</strong></span> <span class='ocrx_word' id='word_1_285' title='bbox 246 3334 389 3396; x_wconf 80' lang='lat' dir='ltr'><em>ORTUS</em></span> <span class='ocrx_word' id='word_1_286' title='bbox 402 3335 571 3391; x_wconf 81' lang='lat' dir='ltr'><strong>conclusus</strong></span> <span class='ocrx_word' id='word_1_287' title='bbox 584 3349 727 3400; x_wconf 82' lang='lat' dir='ltr'><strong>es‚aoror</strong></span> <span class='ocrx_word' id='word_1_288' title='bbox 741 3348 920 3406; x_wconf 66' lang='lat' dir='ltr'><strong>memspon·</strong></span> <span class='ocrx_word' id='word_1_289' title='bbox 972 3331 1110 3409; x_wconf 83' lang='lat' dir='ltr'><strong>Etenim,</strong></span> <span class='ocrx_word' id='word_1_290' title='bbox 1127 3331 1210 3393; x_wconf 90' lang='lat' dir='ltr'><strong>sicut</strong></span> <span class='ocrx_word' id='word_1_291' title='bbox 1228 3331 1331 3393; x_wconf 90' lang='lat' dir='ltr'><strong>malus</strong></span> <span class='ocrx_word' id='word_1_292' title='bbox 1352 3330 1435 3393; x_wconf 86' lang='lat' dir='ltr'><strong>inter</strong></span> <span class='ocrx_word' id='word_1_293' title='bbox 1453 3330 1539 3411; x_wconf 85' lang='lat' dir='ltr'><strong>ligna</strong></span> <span class='ocrx_word' id='word_1_294' title='bbox 1553 3330 1718 3407; x_wconf 88' lang='lat' dir='ltr'><strong>silvarum,</strong></span> <span class='ocrx_word' id='word_1_295' title='bbox 1735 3355 1859 3405; x_wconf 64' lang='lat' dir='ltr'><strong>canarno.</strong></span> 
     </span>
     <span class='ocr_line' id='line_1_30' title="bbox 258 3428 1718 3507; baseline -0.001 -16"><span class='ocrx_word' id='word_1_296' title='bbox 258 3452 307 3501; x_wconf 81' lang='lat' dir='ltr'><strong>aa,</strong></span> <span class='ocrx_word' id='word_1_297' title='bbox 328 3432 443 3490; x_wconf 70' lang='lat' dir='ltr'><strong>tortus</strong></span> <span class='ocrx_word' id='word_1_298' title='bbox 464 3431 646 3497; x_wconf 80' lang='lat' dir='ltr'><strong>conclusus,</strong></span> <span class='ocrx_word' id='word_1_299' title='bbox 664 3430 740 3505; x_wconf 78' lang='lat' dir='ltr'><strong>sona</strong></span> <span class='ocrx_word' id='word_1_300' title='bbox 756 3430 916 3506; x_wconf 74' lang='lat' dir='ltr'><strong>signatus.</strong></span> <span class='ocrx_word' id='word_1_301' title='bbox 973 3430 1019 3491; x_wconf 94' lang='lat' dir='ltr'><strong>sic</strong></span> <span class='ocrx_word' id='word_1_302' title='bbox 1048 3429 1130 3491; x_wconf 89' lang='lat' dir='ltr'><strong>inter</strong></span> <span class='ocrx_word' id='word_1_303' title='bbox 1156 3428 1255 3507; x_wconf 85' lang='lat' dir='ltr'><strong>lilios,</strong></span> <span class='ocrx_word' id='word_1_304' title='bbox 1285 3447 1304 3491; x_wconf 95' lang='lat' dir='ltr'><strong>o</strong></span> <span class='ocrx_word' id='word_1_305' title='bbox 1331 3428 1438 3506; x_wconf 87' lang='lat' dir='ltr'><strong>Maria,</strong></span> <span class='ocrx_word' id='word_1_306' title='bbox 1468 3428 1604 3490; x_wconf 90' lang='lat' dir='ltr'><strong>dilectus</strong></span> <span class='ocrx_word' id='word_1_307' title='bbox 1634 3435 1718 3490; x_wconf 89' lang='lat' dir='ltr'><strong>tuus.</strong></span> 
     </span>
     <span class='ocr_line' id='line_1_31' title="bbox 168 3524 1721 3612; baseline -0.003 -19"><span class='ocrx_word' id='word_1_308' title='bbox 168 3530 246 3612; x_wconf 84' lang='lat' dir='ltr'><strong>Ejus</strong></span> <span class='ocrx_word' id='word_1_309' title='bbox 272 3546 402 3611; x_wconf 89' lang='lat' dir='ltr'><strong>prorsus</strong></span> <span class='ocrx_word' id='word_1_310' title='bbox 421 3526 467 3605; x_wconf 94' lang='lat' dir='ltr'><strong>(ni</strong></span> <span class='ocrx_word' id='word_1_311' title='bbox 486 3524 594 3605; x_wconf 89' lang='lat' dir='ltr'><strong>lallor)</strong></span> <span class='ocrx_word' id='word_1_312' title='bbox 619 3526 651 3587; x_wconf 90' lang='lat' dir='ltr'><strong>in</strong></span> <span class='ocrx_word' id='word_1_313' title='bbox 671 3536 829 3607; x_wconf 88' lang='lat' dir='ltr'><strong>conceptu</strong></span> <span class='ocrx_word' id='word_1_314' title='bbox 852 3546 920 3589; x_wconf 87' lang='lat' dir='ltr'><strong>car·</strong></span> <span class='ocrx_word' id='word_1_315' title='bbox 973 3526 1126 3607; x_wconf 80' lang='lat' dir='ltr'><strong>lienique,</strong></span> <span class='ocrx_word' id='word_1_316' title='bbox 1142 3544 1162 3589; x_wconf 92' lang='lat' dir='ltr'><strong>o</strong></span> <span class='ocrx_word' id='word_1_317' title='bbox 1176 3525 1344 3587; x_wconf 90' lang='lat' dir='ltr'><strong>mitissima</strong></span> <span class='ocrx_word' id='word_1_318' title='bbox 1359 3546 1461 3603; x_wconf 88' lang='lat' dir='ltr'><strong>mens,</strong></span> <span class='ocrx_word' id='word_1_319' title='bbox 1477 3544 1497 3590; x_wconf 93' lang='lat' dir='ltr'><strong>o</strong></span> <span class='ocrx_word' id='word_1_320' title='bbox 1516 3525 1721 3589; x_wconf 89' lang='lat' dir='ltr'><strong>serenissima</strong></span> 
     </span>
     <span class='ocr_line' id='line_1_32' title="bbox 168 3622 1721 3708; baseline -0.003 -16"><span class='ocrx_word' id='word_1_321' title='bbox 168 3648 243 3692; x_wconf 90' lang='lat' dir='ltr'><strong>uem</strong></span> <span class='ocrx_word' id='word_1_322' title='bbox 260 3624 634 3707; x_wconf 88' lang='lat' dir='ltr'><strong>incorruptam,inpartu</strong></span> <span class='ocrx_word' id='word_1_323' title='bbox 650 3624 780 3687; x_wconf 75' lang='lat' dir='ltr'><strong>illaesam</strong></span> <span class='ocrx_word' id='word_1_324' title='bbox 795 3626 917 3689; x_wconf 88' lang='lat' dir='ltr'><strong>etitem</strong></span> <span class='ocrx_word' id='word_1_325' title='bbox 973 3624 1080 3702; x_wconf 90' lang='lat' dir='ltr'><strong>llaria,</strong></span> <span class='ocrx_word' id='word_1_326' title='bbox 1104 3633 1138 3686; x_wconf 87' lang='lat' dir='ltr'><strong>tu</strong></span> <span class='ocrx_word' id='word_1_327' title='bbox 1160 3622 1233 3686; x_wconf 86' lang='lat' dir='ltr'><strong>lons</strong></span> <span class='ocrx_word' id='word_1_328' title='bbox 1259 3624 1402 3705; x_wconf 89' lang='lat' dir='ltr'><strong>signatus</strong></span> <span class='ocrx_word' id='word_1_329' title='bbox 1429 3648 1435 3686; x_wconf 93' lang='lat'><strong>:</strong></span> <span class='ocrx_word' id='word_1_330' title='bbox 1457 3624 1530 3687; x_wconf 86' lang='lat' dir='ltr'><strong>lons</strong></span> <span class='ocrx_word' id='word_1_331' title='bbox 1550 3626 1659 3708; x_wconf 90' lang='lat' dir='ltr'><strong>utique</strong></span> <span class='ocrx_word' id='word_1_332' title='bbox 1682 3644 1721 3687; x_wconf 86' lang='lat' dir='ltr'><strong>ex</strong></span> 
     </span>
     <span class='ocr_line' id='line_1_33' title="bbox 168 3721 1720 3810; baseline -0.003 -21"><span class='ocrx_word' id='word_1_333' title='bbox 168 3736 240 3810; x_wconf 92' lang='lat' dir='ltr'><strong>post</strong></span> <span class='ocrx_word' id='word_1_334' title='bbox 254 3734 381 3809; x_wconf 91' lang='lat' dir='ltr'><strong>partum</strong></span> <span class='ocrx_word' id='word_1_335' title='bbox 397 3724 548 3786; x_wconf 89' lang='lat' dir='ltr'><strong>intactam</strong></span> <span class='ocrx_word' id='word_1_336' title='bbox 562 3741 632 3785; x_wconf 90' lang='lat' dir='ltr'><strong>esse</strong></span> <span class='ocrx_word' id='word_1_337' title='bbox 652 3724 832 3803; x_wconf 88' lang='lat' dir='ltr'><strong>condecuit,</strong></span> <span class='ocrx_word' id='word_1_338' title='bbox 848 3743 918 3805; x_wconf 72' lang='lat' dir='ltr'><strong>quae</strong></span> <span class='ocrx_word' id='word_1_339' title='bbox 972 3722 1066 3802; x_wconf 86' lang='lat' dir='ltr'><strong>cujus</strong></span> <span class='ocrx_word' id='word_1_340' title='bbox 1099 3721 1260 3803; x_wconf 75' lang='lat' dir='ltr'><strong>profluvio</strong></span> <span class='ocrx_word' id='word_1_341' title='bbox 1294 3722 1522 3785; x_wconf 89' lang='lat' dir='ltr'><strong>mundissimus</strong></span> <span class='ocrx_word' id='word_1_342' title='bbox 1551 3723 1605 3785; x_wconf 89' lang='lat' dir='ltr'><strong>ille</strong></span> <span class='ocrx_word' id='word_1_343' title='bbox 1634 3722 1720 3785; x_wconf 89' lang='lat' dir='ltr'><strong>rivus</strong></span> 
     </span>
     <span class='ocr_line' id='line_1_34' title="bbox 168 3819 1721 3902; baseline -0.003 -14"><span class='ocrx_word' id='word_1_344' title='bbox 168 3825 418 3901; x_wconf 83' lang='lat' dir='ltr'><strong>confractorum,</strong></span> <span class='ocrx_word' id='word_1_345' title='bbox 447 3820 678 3883; x_wconf 89' lang='lat' dir='ltr'><strong>maculatorum</strong></span> <span class='ocrx_word' id='word_1_346' title='bbox 706 3828 738 3883; x_wconf 89' lang='lat' dir='ltr'><strong>et</strong></span> <span class='ocrx_word' id='word_1_347' title='bbox 769 3820 917 3885; x_wconf 76' lang='lat' dir='ltr'><strong>lasarum</strong></span> <span class='ocrx_word' id='word_1_348' title='bbox 972 3819 1026 3899; x_wconf 92' lang='lat' dir='ltr'><strong>qui</strong></span> <span class='ocrx_word' id='word_1_349' title='bbox 1040 3838 1079 3882; x_wconf 88' lang='lat' dir='ltr'><strong>ex</strong></span> <span class='ocrx_word' id='word_1_350' title='bbox 1093 3819 1216 3902; x_wconf 87' lang='lat' dir='ltr'><strong>paterni</strong></span> <span class='ocrx_word' id='word_1_351' title='bbox 1231 3837 1358 3900; x_wconf 90' lang='lat' dir='ltr'><strong>quoque</strong></span> <span class='ocrx_word' id='word_1_352' title='bbox 1380 3819 1483 3882; x_wconf 89' lang='lat' dir='ltr'><strong>cordis</strong></span> <span class='ocrx_word' id='word_1_353' title='bbox 1506 3820 1627 3883; x_wconf 91' lang='lat' dir='ltr'><strong>lumine</strong></span> <span class='ocrx_word' id='word_1_354' title='bbox 1649 3840 1721 3902; x_wconf 86' lang='lat' dir='ltr'><strong>pro-</strong></span> 
     </span>
     <span class='ocr_line' id='line_1_35' title="bbox 167 3917 1721 4000; baseline -0.003 -14"><span class='ocrx_word' id='word_1_355' title='bbox 167 3923 281 3986; x_wconf 91' lang='lat' dir='ltr'><strong>salutis</strong></span> <span class='ocrx_word' id='word_1_356' title='bbox 296 3927 458 3984; x_wconf 86' lang='lat' dir='ltr'><strong>auctorem</strong></span> <span class='ocrx_word' id='word_1_357' title='bbox 472 3917 603 3999; x_wconf 80' lang='lat' dir='ltr'><strong>gignere</strong></span> <span class='ocrx_word' id='word_1_358' title='bbox 618 3918 743 3980; x_wconf 90' lang='lat' dir='ltr'><strong>meruit.</strong></span> <span class='ocrx_word' id='word_1_359' title='bbox 761 3918 915 4000; x_wconf 79' lang='lat' dir='ltr'><strong>lienique,</strong></span> <span class='ocrx_word' id='word_1_360' title='bbox 971 3919 1043 3997; x_wconf 89' lang='lat' dir='ltr'><strong>diit,</strong></span> <span class='ocrx_word' id='word_1_361' title='bbox 1072 3919 1243 3981; x_wconf 90' lang='lat' dir='ltr'><strong>emanavit.</strong></span> <span class='ocrx_word' id='word_1_362' title='bbox 1269 3918 1381 3981; x_wconf 82' lang='lat' dir='ltr'><strong>Annon</strong></span> <span class='ocrx_word' id='word_1_363' title='bbox 1409 3918 1510 3981; x_wconf 84' lang='lat' dir='ltr'><strong>ldariae</strong></span> <span class='ocrx_word' id='word_1_364' title='bbox 1537 3919 1650 3981; x_wconf 79' lang='lat' dir='ltr'><strong>Filium</strong></span> <span class='ocrx_word' id='word_1_365' title='bbox 1679 3920 1721 3982; x_wconf 91' lang='lat' dir='ltr'><strong>ri-</strong></span> 
     </span>
     <span class='ocr_line' id='line_1_36' title="bbox 166 4015 1718 4102; baseline -0.002 -18"><span class='ocrx_word' id='word_1_366' title='bbox 166 4040 236 4102; x_wconf 80' lang='lat' dir='ltr'><strong>qum</strong></span> <span class='ocrx_word' id='word_1_367' title='bbox 251 4021 403 4083; x_wconf 91' lang='lat' dir='ltr'><strong>Sanctum</strong></span> <span class='ocrx_word' id='word_1_368' title='bbox 418 4017 605 4079; x_wconf 88' lang='lat' dir='ltr'><strong>Sanctorum</strong></span> <span class='ocrx_word' id='word_1_369' title='bbox 620 4015 788 4096; x_wconf 92' lang='lat' dir='ltr'><strong>omnisque</strong></span> <span class='ocrx_word' id='word_1_370' title='bbox 803 4015 918 4079; x_wconf 89' lang='lat' dir='ltr'><strong>nobili·</strong></span> <span class='ocrx_word' id='word_1_371' title='bbox 971 4036 1047 4079; x_wconf 91' lang='lat' dir='ltr'><strong>vum</strong></span> <span class='ocrx_word' id='word_1_372' title='bbox 1063 4036 1187 4095; x_wconf 90' lang='lat' dir='ltr'><strong>censes,</strong></span> <span class='ocrx_word' id='word_1_373' title='bbox 1204 4018 1257 4097; x_wconf 91' lang='lat' dir='ltr'><strong>qui</strong></span> <span class='ocrx_word' id='word_1_374' title='bbox 1274 4016 1375 4081; x_wconf 90' lang='lat' dir='ltr'><strong>siccas</strong></span> <span class='ocrx_word' id='word_1_375' title='bbox 1391 4026 1513 4080; x_wconf 88' lang='lat' dir='ltr'><strong>mentes</strong></span> <span class='ocrx_word' id='word_1_376' title='bbox 1529 4017 1650 4101; x_wconf 88' lang='lat' dir='ltr'><strong>irrigat,</strong></span> <span class='ocrx_word' id='word_1_377' title='bbox 1663 4020 1718 4100; x_wconf 93' lang='lat' dir='ltr'><strong>qui</strong></span> 
     </span>
     <span class='ocr_line' id='line_1_37' title="bbox 167 4113 1720 4198; baseline -0.001 -17"><span class='ocrx_word' id='word_1_378' title='bbox 167 4119 239 4181; x_wconf 90' lang='lat' dir='ltr'><strong>tatis</strong></span> <span class='ocrx_word' id='word_1_379' title='bbox 253 4118 386 4181; x_wconf 85' lang='lat' dir='ltr'><strong>Fontem</strong></span> <span class='ocrx_word' id='word_1_380' title='bbox 400 4133 511 4198; x_wconf 89' lang='lat' dir='ltr'><strong>parere</strong></span> <span class='ocrx_word' id='word_1_381' title='bbox 530 4122 599 4176; x_wconf 87' lang='lat' dir='ltr'><strong>erat</strong></span> <span class='ocrx_word' id='word_1_382' title='bbox 616 4113 727 4192; x_wconf 88' lang='lat' dir='ltr'><strong>electa,</strong></span> <span class='ocrx_word' id='word_1_383' title='bbox 744 4134 782 4176; x_wconf 83' lang='lat' dir='ltr'><strong>ex</strong></span> <span class='ocrx_word' id='word_1_384' title='bbox 804 4131 918 4177; x_wconf 79' lang='lat' dir='ltr'><strong>conce</strong></span> <span class='ocrx_word' id='word_1_385' title='bbox 971 4116 1114 4178; x_wconf 89' lang='lat' dir='ltr'><strong>sordidas</strong></span> <span class='ocrx_word' id='word_1_386' title='bbox 1143 4116 1239 4195; x_wconf 90' lang='lat' dir='ltr'><strong>lavat,</strong></span> <span class='ocrx_word' id='word_1_387' title='bbox 1264 4115 1319 4196; x_wconf 91' lang='lat' dir='ltr'><strong>qui</strong></span> <span class='ocrx_word' id='word_1_388' title='bbox 1345 4116 1469 4179; x_wconf 87' lang='lat' dir='ltr'><strong>steriles</strong></span> <span class='ocrx_word' id='word_1_389' title='bbox 1492 4117 1645 4180; x_wconf 80' lang='lat' dir='ltr'><strong>fecundat</strong></span> <span class='ocrx_word' id='word_1_390' title='bbox 1674 4126 1720 4181; x_wconf 90' lang='lat' dir='ltr'><strong>at-</strong></span> 
     </span>
     <span class='ocr_line' id='line_1_38' title="bbox 167 4211 1716 4299; baseline 0 -20"><span class='ocrx_word' id='word_1_391' title='bbox 167 4225 222 4299; x_wconf 91' lang='lat' dir='ltr'><strong>ptu</strong></span> <span class='ocrx_word' id='word_1_392' title='bbox 243 4224 379 4299; x_wconf 87' lang='lat' dir='ltr'><strong>partuve</strong></span> <span class='ocrx_word' id='word_1_393' title='bbox 398 4232 462 4276; x_wconf 91' lang='lat' dir='ltr'><strong>non</strong></span> <span class='ocrx_word' id='word_1_394' title='bbox 482 4211 593 4293; x_wconf 90' lang='lat' dir='ltr'><strong>utique</strong></span> <span class='ocrx_word' id='word_1_395' title='bbox 612 4211 837 4275; x_wconf 87' lang='lat' dir='ltr'><strong>detrimentum</strong></span> <span class='ocrx_word' id='word_1_396' title='bbox 862 4221 917 4275; x_wconf 91' lang='lat' dir='ltr'><strong>aut</strong></span> <span class='ocrx_word' id='word_1_397' title='bbox 931 4219 955 4280; x_wconf 88' lang='lat' dir='ltr'>D</span> <span class='ocrx_word' id='word_1_398' title='bbox 971 4231 1032 4293; x_wconf 91' lang='lat' dir='ltr'><strong>quc</strong></span> <span class='ocrx_word' id='word_1_399' title='bbox 1047 4213 1245 4276; x_wconf 78' lang='lat' dir='ltr'><strong>sanctificati</strong></span> <span class='ocrx_word' id='word_1_400' title='bbox 1256 4213 1435 4295; x_wconf 87' lang='lat' dir='ltr'><strong>Enimvero,</strong></span> <span class='ocrx_word' id='word_1_401' title='bbox 1450 4217 1716 4296; x_wconf 91' lang='lat' dir='ltr'><strong>quemadmodum</strong></span> 
     </span>
     <span class='ocr_line' id='line_1_39' title="bbox 167 4310 1866 4396; baseline -0.002 -17"><span class='ocrx_word' id='word_1_402' title='bbox 167 4324 252 4379; x_wconf 87' lang='lat' dir='ltr'><strong>certe</strong></span> <span class='ocrx_word' id='word_1_403' title='bbox 288 4311 497 4396; x_wconf 89' lang='lat' dir='ltr'><strong>ignobilitatis</strong></span> <span class='ocrx_word' id='word_1_404' title='bbox 529 4310 636 4373; x_wconf 92' lang='lat' dir='ltr'><strong>labem</strong></span> <span class='ocrx_word' id='word_1_405' title='bbox 669 4318 737 4374; x_wconf 89' lang='lat' dir='ltr'><strong>erat</strong></span> <span class='ocrx_word' id='word_1_406' title='bbox 770 4330 912 4392; x_wconf 89' lang='lat' dir='ltr'><strong>passura.</strong></span> <span class='ocrx_word' id='word_1_407' title='bbox 970 4310 1088 4373; x_wconf 89' lang='lat' dir='ltr'><strong>clausis</strong></span> <span class='ocrx_word' id='word_1_408' title='bbox 1109 4310 1233 4375; x_wconf 83' lang='lat' dir='ltr'><strong>loribus</strong></span> <span class='ocrx_word' id='word_1_409' title='bbox 1253 4312 1405 4375; x_wconf 90' lang='lat' dir='ltr'><strong>conclave</strong></span> <span class='ocrx_word' id='word_1_410' title='bbox 1429 4313 1570 4376; x_wconf 85' lang='lat' dir='ltr'><strong>Christus</strong></span> <span class='ocrx_word' id='word_1_411' title='bbox 1595 4314 1718 4378; x_wconf 91' lang='lat' dir='ltr'><strong>introiit</strong></span> <span class='ocrx_word' id='word_1_412' title='bbox 1740 4333 1824 4375; x_wconf 67' lang='lat' dir='ltr'><strong>amaa.</strong></span> <span class='ocrx_word' id='word_1_413' title='bbox 1860 4362 1866 4383; x_wconf 82' lang='lat'><strong>,</strong></span> 
     </span>
     <span class='ocr_line' id='line_1_40' title="bbox 166 4397 1812 4496; baseline -0.001 -19"><span class='ocrx_word' id='word_1_414' title='bbox 166 4414 288 4496; x_wconf 78' lang='lat' dir='ltr'><strong>Nempe</strong></span> <span class='ocrx_word' id='word_1_415' title='bbox 301 4409 467 4473; x_wconf 81' lang='lat' dir='ltr'><strong>munditia</strong></span> <span class='ocrx_word' id='word_1_416' title='bbox 481 4408 585 4473; x_wconf 88' lang='lat' dir='ltr'><strong>omnis</strong></span> <span class='ocrx_word' id='word_1_417' title='bbox 599 4426 728 4471; x_wconf 89' lang='lat' dir='ltr'><strong>causam</strong></span> <span class='ocrx_word' id='word_1_418' title='bbox 743 4417 837 4492; x_wconf 90' lang='lat' dir='ltr'><strong>atque</strong></span> <span class='ocrx_word' id='word_1_419' title='bbox 855 4409 917 4472; x_wconf 91' lang='lat' dir='ltr'><strong>ori·</strong></span> <span class='ocrx_word' id='word_1_420' title='bbox 969 4416 1063 4490; x_wconf 90' lang='lat' dir='ltr'><strong>atque</strong></span> <span class='ocrx_word' id='word_1_421' title='bbox 1088 4409 1196 4489; x_wconf 86' lang='lat' dir='ltr'><strong>exivit,</strong></span> <span class='ocrx_word' id='word_1_422' title='bbox 1219 4410 1264 4472; x_wconf 91' lang='lat' dir='ltr'><strong>sic</strong></span> <span class='ocrx_word' id='word_1_423' title='bbox 1287 4429 1417 4491; x_wconf 91' lang='lat' dir='ltr'><strong>prorsus</strong></span> <span class='ocrx_word' id='word_1_424' title='bbox 1442 4410 1585 4493; x_wconf 89' lang='lat' dir='ltr'><strong>virginea</strong></span> <span class='ocrx_word' id='word_1_425' title='bbox 1610 4412 1718 4475; x_wconf 91' lang='lat' dir='ltr'><strong>clausa</strong></span> <span class='ocrx_word' id='word_1_426' title='bbox 1732 4398 1766 4449; x_wconf 73' lang='lat'><strong>&#39;⁹&#39;</strong></span> <span class='ocrx_word' id='word_1_427' title='bbox 1778 4397 1812 4440; x_wconf 78' lang='lat'><strong>²⁶·</strong></span> 
     </span>
     <span class='ocr_line' id='line_1_41' title="bbox 164 4506 1719 4593; baseline 0 -20"><span class='ocrx_word' id='word_1_428' title='bbox 164 4512 275 4593; x_wconf 91' lang='lat' dir='ltr'><strong>giuem</strong></span> <span class='ocrx_word' id='word_1_429' title='bbox 293 4517 394 4572; x_wconf 86' lang='lat' dir='ltr'><strong>mater</strong></span> <span class='ocrx_word' id='word_1_430' title='bbox 418 4507 550 4572; x_wconf 90' lang='lat' dir='ltr'><strong>omniuo</strong></span> <span class='ocrx_word' id='word_1_431' title='bbox 574 4525 655 4589; x_wconf 86' lang='lat' dir='ltr'><strong>pura</strong></span> <span class='ocrx_word' id='word_1_432' title='bbox 679 4507 820 4569; x_wconf 89' lang='lat' dir='ltr'><strong>decebat.</strong></span> <span class='ocrx_word' id='word_1_433' title='bbox 837 4508 916 4569; x_wconf 77' lang='lat' dir='ltr'><strong>Prae·</strong></span> <span class='ocrx_word' id='word_1_434' title='bbox 969 4506 1154 4588; x_wconf 87' lang='lat' dir='ltr'><strong>integraque</strong></span> <span class='ocrx_word' id='word_1_435' title='bbox 1169 4516 1376 4590; x_wconf 89' lang='lat' dir='ltr'><strong>permanente</strong></span> <span class='ocrx_word' id='word_1_436' title='bbox 1393 4509 1498 4588; x_wconf 93' lang='lat' dir='ltr'><strong>vulva,</strong></span> <span class='ocrx_word' id='word_1_437' title='bbox 1508 4510 1672 4591; x_wconf 91' lang='lat' dir='ltr'><strong>ingressus</strong></span> <span class='ocrx_word' id='word_1_438' title='bbox 1687 4520 1719 4573; x_wconf 89' lang='lat' dir='ltr'><strong>et</strong></span> 
     </span>
     <span class='ocr_line' id='line_1_42' title="bbox 166 4603 1718 4687; baseline 0.001 -16"><span class='ocrx_word' id='word_1_439' title='bbox 166 4616 265 4686; x_wconf 88' lang='lat' dir='ltr'><strong>terea,</strong></span> <span class='ocrx_word' id='word_1_440' title='bbox 281 4608 367 4669; x_wconf 90' lang='lat' dir='ltr'><strong>buno</strong></span> <span class='ocrx_word' id='word_1_441' title='bbox 381 4605 450 4669; x_wconf 89' lang='lat' dir='ltr'><strong>sine</strong></span> <span class='ocrx_word' id='word_1_442' title='bbox 461 4604 548 4668; x_wconf 93' lang='lat' dir='ltr'><strong>omni</strong></span> <span class='ocrx_word' id='word_1_443' title='bbox 562 4603 651 4666; x_wconf 88' lang='lat' dir='ltr'><strong>nasci</strong></span> <span class='ocrx_word' id='word_1_444' title='bbox 667 4603 761 4685; x_wconf 93' lang='lat' dir='ltr'><strong>culpa</strong></span> <span class='ocrx_word' id='word_1_445' title='bbox 776 4623 833 4685; x_wconf 90' lang='lat' dir='ltr'><strong>par</strong></span> <span class='ocrx_word' id='word_1_446' title='bbox 854 4614 912 4685; x_wconf 89' lang='lat' dir='ltr'><strong>est,</strong></span> <span class='ocrx_word' id='word_1_447' title='bbox 969 4604 1045 4668; x_wconf 89' lang='lat' dir='ltr'><strong>item</strong></span> <span class='ocrx_word' id='word_1_448' title='bbox 1060 4624 1208 4687; x_wconf 89' lang='lat' dir='ltr'><strong>egressus</strong></span> <span class='ocrx_word' id='word_1_449' title='bbox 1222 4606 1364 4670; x_wconf 86' lang='lat' dir='ltr'><strong>Christus</strong></span> <span class='ocrx_word' id='word_1_450' title='bbox 1380 4608 1556 4670; x_wconf 88' lang='lat' dir='ltr'><strong>credendus</strong></span> <span class='ocrx_word' id='word_1_451' title='bbox 1577 4616 1636 4671; x_wconf 91' lang='lat' dir='ltr'><strong>est.</strong></span> <span class='ocrx_word' id='word_1_452' title='bbox 1653 4610 1718 4673; x_wconf 88' lang='lat' dir='ltr'><strong>lloc</strong></span> 
     </span>
     <span class='ocr_line' id='line_1_43' title="bbox 165 4701 1717 4790; baseline 0.001 -20"><span class='ocrx_word' id='word_1_453' title='bbox 165 4707 219 4787; x_wconf 93' lang='lat' dir='ltr'><strong>qui</strong></span> <span class='ocrx_word' id='word_1_454' title='bbox 233 4704 341 4771; x_wconf 89' lang='lat' dir='ltr'><strong>omnis</strong></span> <span class='ocrx_word' id='word_1_455' title='bbox 356 4703 479 4786; x_wconf 88' lang='lat' dir='ltr'><strong>peccati</strong></span> <span class='ocrx_word' id='word_1_456' title='bbox 500 4709 682 4783; x_wconf 90' lang='lat' dir='ltr'><strong>peremptor</strong></span> <span class='ocrx_word' id='word_1_457' title='bbox 700 4709 759 4780; x_wconf 91' lang='lat' dir='ltr'><strong>est,</strong></span> <span class='ocrx_word' id='word_1_458' title='bbox 776 4701 914 4783; x_wconf 86' lang='lat' dir='ltr'><strong>itemque</strong></span> <span class='ocrx_word' id='word_1_459' title='bbox 970 4704 1071 4785; x_wconf 91' lang='lat' dir='ltr'><strong>potuit</strong></span> <span class='ocrx_word' id='word_1_460' title='bbox 1089 4704 1144 4783; x_wconf 91' lang='lat' dir='ltr'><strong>qui</strong></span> <span class='ocrx_word' id='word_1_461' title='bbox 1164 4723 1203 4766; x_wconf 82' lang='lat' dir='ltr'><strong>ex</strong></span> <span class='ocrx_word' id='word_1_462' title='bbox 1221 4704 1323 4767; x_wconf 90' lang='lat' dir='ltr'><strong>nihilo</strong></span> <span class='ocrx_word' id='word_1_463' title='bbox 1350 4712 1463 4768; x_wconf 88' lang='lat' dir='ltr'><strong>cuncta</strong></span> <span class='ocrx_word' id='word_1_464' title='bbox 1488 4706 1646 4786; x_wconf 84' lang='lat' dir='ltr'><strong>produxit,</strong></span> <span class='ocrx_word' id='word_1_465' title='bbox 1663 4709 1717 4790; x_wconf 91' lang='lat' dir='ltr'><strong>qui</strong></span> 
     </span>
     <span class='ocr_line' id='line_1_44' title="bbox 167 4800 1720 4886; baseline 0.001 -19"><span class='ocrx_word' id='word_1_466' title='bbox 167 4812 371 4886; x_wconf 87' lang='lat' dir='ltr'><strong>peccatorum</strong></span> <span class='ocrx_word' id='word_1_467' title='bbox 396 4801 589 4883; x_wconf 89' lang='lat' dir='ltr'><strong>redemptor.</strong></span> <span class='ocrx_word' id='word_1_468' title='bbox 605 4800 696 4862; x_wconf 89' lang='lat' dir='ltr'><strong>llunc</strong></span> <span class='ocrx_word' id='word_1_469' title='bbox 721 4818 798 4863; x_wconf 91' lang='lat' dir='ltr'><strong>vero</strong></span> <span class='ocrx_word' id='word_1_470' title='bbox 819 4801 914 4863; x_wconf 89' lang='lat' dir='ltr'><strong>llaria</strong></span> <span class='ocrx_word' id='word_1_471' title='bbox 969 4802 1119 4864; x_wconf 89' lang='lat' dir='ltr'><strong>universa</strong></span> <span class='ocrx_word' id='word_1_472' title='bbox 1134 4800 1301 4883; x_wconf 89' lang='lat' dir='ltr'><strong>disposuit,</strong></span> <span class='ocrx_word' id='word_1_473' title='bbox 1316 4804 1370 4885; x_wconf 93' lang='lat' dir='ltr'><strong>qui</strong></span> <span class='ocrx_word' id='word_1_474' title='bbox 1387 4804 1512 4866; x_wconf 88' lang='lat' dir='ltr'><strong>cunctis</strong></span> <span class='ocrx_word' id='word_1_475' title='bbox 1527 4804 1720 4886; x_wconf 65' lang='lat' dir='ltr'><strong>imperabat</strong></span> 
     </span>
     <span class='ocr_line' id='line_1_45' title="bbox 165 4896 1719 4986; baseline -0.001 -19"><span class='ocrx_word' id='word_1_476' title='bbox 165 4902 315 4986; x_wconf 89' lang='lat' dir='ltr'><strong>concepit</strong></span> <span class='ocrx_word' id='word_1_477' title='bbox 347 4900 544 4984; x_wconf 80' lang='lat' dir='ltr'><strong>peperitque.</strong></span> <span class='ocrx_word' id='word_1_478' title='bbox 575 4896 644 4961; x_wconf 89' lang='lat' dir='ltr'><strong>Non</strong></span> <span class='ocrx_word' id='word_1_479' title='bbox 679 4898 776 4980; x_wconf 88' lang='lat' dir='ltr'><strong>igitur</strong></span> <span class='ocrx_word' id='word_1_480' title='bbox 808 4899 913 4961; x_wconf 89' lang='lat' dir='ltr'><strong>virum</strong></span> <span class='ocrx_word' id='word_1_481' title='bbox 969 4900 1021 4962; x_wconf 90' lang='lat' dir='ltr'><strong>cui</strong></span> <span class='ocrx_word' id='word_1_482' title='bbox 1036 4900 1144 4961; x_wconf 91' lang='lat' dir='ltr'><strong>omnia</strong></span> <span class='ocrx_word' id='word_1_483' title='bbox 1159 4908 1272 4981; x_wconf 90' lang='lat' dir='ltr'><strong>parent</strong></span> <span class='ocrx_word' id='word_1_484' title='bbox 1286 4901 1396 4982; x_wconf 87' lang='lat' dir='ltr'><strong>nilque</strong></span> <span class='ocrx_word' id='word_1_485' title='bbox 1411 4901 1540 4965; x_wconf 89' lang='lat' dir='ltr'><strong>resistit.</strong></span> <span class='ocrx_word' id='word_1_486' title='bbox 1557 4903 1645 4981; x_wconf 86' lang='lat' dir='ltr'><strong>Vale,</strong></span> <span class='ocrx_word' id='word_1_487' title='bbox 1661 4905 1719 4967; x_wconf 90' lang='lat' dir='ltr'><strong>lda-</strong></span> 
     </span>
     <span class='ocr_line' id='line_1_46' title="bbox 164 4996 1716 5083; baseline -0.001 -19"><span class='ocrx_word' id='word_1_488' title='bbox 164 5020 301 5083; x_wconf 87' lang='lat' dir='ltr'><strong>usquam</strong></span> <span class='ocrx_word' id='word_1_489' title='bbox 316 4998 484 5081; x_wconf 82' lang='lat' dir='ltr'><strong>cognovit3</strong></span> <span class='ocrx_word' id='word_1_490' title='bbox 501 5006 533 5061; x_wconf 88' lang='lat' dir='ltr'><strong>et</strong></span> <span class='ocrx_word' id='word_1_491' title='bbox 552 5015 622 5078; x_wconf 82' lang='lat' dir='ltr'><strong>qua</strong></span> <span class='ocrx_word' id='word_1_492' title='bbox 637 5004 710 5060; x_wconf 88' lang='lat' dir='ltr'><strong>ante</strong></span> <span class='ocrx_word' id='word_1_493' title='bbox 724 4997 794 5061; x_wconf 91' lang='lat' dir='ltr'><strong>sine</strong></span> <span class='ocrx_word' id='word_1_494' title='bbox 809 4996 915 5060; x_wconf 93' lang='lat' dir='ltr'><strong>libidi-</strong></span> <span class='ocrx_word' id='word_1_495' title='bbox 969 4996 1028 5073; x_wconf 92' lang='lat' dir='ltr'><strong>ria,</strong></span> <span class='ocrx_word' id='word_1_496' title='bbox 1052 4996 1141 5060; x_wconf 92' lang='lat' dir='ltr'><strong>omni</strong></span> <span class='ocrx_word' id='word_1_497' title='bbox 1166 4997 1258 5061; x_wconf 89' lang='lat' dir='ltr'><strong>laude</strong></span> <span class='ocrx_word' id='word_1_498' title='bbox 1288 4999 1505 5080; x_wconf 62' lang='lat' dir='ltr'><strong>praestantium</strong></span> <span class='ocrx_word' id='word_1_499' title='bbox 1525 5002 1640 5081; x_wconf 89' lang='lat' dir='ltr'><strong>gaude,</strong></span> <span class='ocrx_word' id='word_1_500' title='bbox 1661 5000 1716 5064; x_wconf 85' lang='lat' dir='ltr'><strong>Ilei</strong></span> 
     </span>
     <span class='ocr_line' id='line_1_47' title="bbox 164 5094 1716 5179; baseline -0.003 -16"><span class='ocrx_word' id='word_1_501' title='bbox 164 5120 204 5163; x_wconf 90' lang='lat' dir='ltr'><strong>ne</strong></span> <span class='ocrx_word' id='word_1_502' title='bbox 219 5106 252 5163; x_wconf 88' lang='lat' dir='ltr'><strong>et</strong></span> <span class='ocrx_word' id='word_1_503' title='bbox 270 5098 390 5177; x_wconf 89' lang='lat' dir='ltr'><strong>absque</strong></span> <span class='ocrx_word' id='word_1_504' title='bbox 411 5095 543 5178; x_wconf 90' lang='lat' dir='ltr'><strong>pudoris</strong></span> <span class='ocrx_word' id='word_1_505' title='bbox 563 5103 650 5158; x_wconf 89' lang='lat' dir='ltr'><strong>tactu</strong></span> <span class='ocrx_word' id='word_1_506' title='bbox 671 5095 829 5176; x_wconf 85' lang='lat' dir='ltr'><strong>concepit,</strong></span> <span class='ocrx_word' id='word_1_507' title='bbox 846 5095 913 5158; x_wconf 89' lang='lat' dir='ltr'><strong>siue</strong></span> <span class='ocrx_word' id='word_1_508' title='bbox 968 5094 1147 5176; x_wconf 76' lang='lat' dir='ltr'><strong>praeelecta,</strong></span> <span class='ocrx_word' id='word_1_509' title='bbox 1163 5095 1251 5157; x_wconf 90' lang='lat' dir='ltr'><strong>omni</strong></span> <span class='ocrx_word' id='word_1_510' title='bbox 1266 5096 1387 5160; x_wconf 90' lang='lat' dir='ltr'><strong>honore</strong></span> <span class='ocrx_word' id='word_1_511' title='bbox 1402 5097 1585 5175; x_wconf 82' lang='lat' dir='ltr'><strong>sublimior3</strong></span> <span class='ocrx_word' id='word_1_512' title='bbox 1602 5099 1716 5179; x_wconf 87' lang='lat' dir='ltr'><strong>gaude,</strong></span> 
     </span>
     <span class='ocr_line' id='line_1_48' title="bbox 164 5191 1718 5280; baseline -0.002 -22"><span class='ocrx_word' id='word_1_513' title='bbox 164 5214 260 5280; x_wconf 86' lang='lat' dir='ltr'><strong>poena</strong></span> <span class='ocrx_word' id='word_1_514' title='bbox 274 5202 306 5258; x_wconf 91' lang='lat' dir='ltr'><strong>et</strong></span> <span class='ocrx_word' id='word_1_515' title='bbox 320 5194 389 5257; x_wconf 88' lang='lat' dir='ltr'><strong>sine</strong></span> <span class='ocrx_word' id='word_1_516' title='bbox 404 5193 608 5275; x_wconf 86' lang='lat' dir='ltr'><strong>corruptione</strong></span> <span class='ocrx_word' id='word_1_517' title='bbox 622 5210 748 5275; x_wconf 91' lang='lat' dir='ltr'><strong>quoque</strong></span> <span class='ocrx_word' id='word_1_518' title='bbox 762 5210 913 5273; x_wconf 88' lang='lat' dir='ltr'><strong>generare</strong></span> <span class='ocrx_word' id='word_1_519' title='bbox 968 5191 1209 5270; x_wconf 89' lang='lat' dir='ltr'><strong>amabilissima,</strong></span> <span class='ocrx_word' id='word_1_520' title='bbox 1245 5194 1332 5256; x_wconf 92' lang='lat' dir='ltr'><strong>omni</strong></span> <span class='ocrx_word' id='word_1_521' title='bbox 1366 5195 1521 5258; x_wconf 90' lang='lat' dir='ltr'><strong>suavitate</strong></span> <span class='ocrx_word' id='word_1_522' title='bbox 1556 5194 1652 5276; x_wconf 91' lang='lat' dir='ltr'><strong>plena</strong></span> <span class='ocrx_word' id='word_1_523' title='bbox 1687 5201 1718 5255; x_wconf 90' lang='lat' dir='ltr'><strong>et</strong></span> 
     </span>
     <span class='ocr_line' id='line_1_49' title="bbox 164 5290 1314 5373; baseline -0.004 -14"><span class='ocrx_word' id='word_1_524' title='bbox 164 5294 310 5359; x_wconf 88' lang='lat' dir='ltr'><strong>debebat.</strong></span> <span class='ocrx_word' id='word_1_525' title='bbox 336 5293 457 5373; x_wconf 62' lang='lat' dir='ltr'><strong>Mauo,</strong></span> <span class='ocrx_word' id='word_1_526' title='bbox 482 5292 539 5373; x_wconf 92' lang='lat' dir='ltr'><strong>qui</strong></span> <span class='ocrx_word' id='word_1_527' title='bbox 564 5291 634 5355; x_wconf 90' lang='lat' dir='ltr'><strong>sine</strong></span> <span class='ocrx_word' id='word_1_528' title='bbox 656 5298 758 5354; x_wconf 88' lang='lat' dir='ltr'><strong>matre</strong></span> <span class='ocrx_word' id='word_1_529' title='bbox 780 5310 799 5353; x_wconf 91' lang='lat' dir='ltr'><strong>a</strong></span> <span class='ocrx_word' id='word_1_530' title='bbox 822 5290 912 5353; x_wconf 89' lang='lat' dir='ltr'><strong>Patre</strong></span> <span class='ocrx_word' id='word_1_531' title='bbox 969 5291 1094 5353; x_wconf 90' lang='lat' dir='ltr'><strong>cunctis</strong></span> <span class='ocrx_word' id='word_1_532' title='bbox 1117 5290 1314 5356; x_wconf 87' lang='lat' dir='ltr'><strong>clementior.</strong></span> 
     </span>
    </p>
   </div>
   <div class='ocr_carea' id='block_1_3' title="bbox 0 0 2160 6259">
    <p class='ocr_par' dir='ltr' id='par_1_3' title="bbox 0 0 2160 6259">
     <span class='ocr_line' id='line_1_50' title="bbox 0 0 2160 6259; baseline 0 2"><span class='ocrx_word' id='word_1_533' title='bbox 0 0 2160 6259; x_wconf 95' lang='lat' dir='ltr'><strong> </strong></span> 
     </span>
    </p>
   </div>
  </div>
 </body>
</html>
