<?xml version="1.0" encoding="UTF-8"?>
<!DOCTYPE html PUBLIC "-//W3C//DTD XHTML 1.0 Transitional//EN"
    "http://www.w3.org/TR/xhtml1/DTD/xhtml1-transitional.dtd">
<html xmlns="http://www.w3.org/1999/xhtml" xml:lang="en" lang="en">
 <head>
  <title>
</title>
<meta http-equiv="Content-Type" content="text/html;charset=utf-8" />
  <meta name='ocr-system' content='tesseract 3.04.00' />
  <meta name='ocr-capabilities' content='ocr_page ocr_carea ocr_par ocr_line ocrx_word'/>
</head>
<body>
  <div class='ocr_page' id='page_1' title='image "./doctorisecstati02unkngoog_0214.png"; bbox 0 0 4309 6259; ppageno 0'>
   <div class='ocr_carea' id='block_1_1' title="bbox 369 462 1665 541">
    <p class='ocr_par' dir='ltr' id='par_1_1' title="bbox 369 462 1665 541">
     <span class='ocr_line' id='line_1_1' title="bbox 369 462 1665 541; baseline 0.002 -14"><span class='ocrx_word' id='word_1_1' title='bbox 369 462 428 527; x_wconf 70' lang='lat'><strong>200</strong></span> <span class='ocrx_word' id='word_1_2' title='bbox 622 482 663 529; x_wconf 70' lang='lat' dir='ltr'><strong>ll!</strong></span> <span class='ocrx_word' id='word_1_3' title='bbox 682 482 773 530; x_wconf 71' lang='lat' dir='ltr'><strong>00le</strong></span> <span class='ocrx_word' id='word_1_4' title='bbox 794 483 927 529; x_wconf 64' lang='lat' dir='ltr'><strong>summos</strong></span> <span class='ocrx_word' id='word_1_5' title='bbox 948 481 1067 541; x_wconf 76' lang='lat' dir='ltr'><strong>sauma,</strong></span> <span class='ocrx_word' id='word_1_6' title='bbox 1089 480 1264 529; x_wconf 73' lang='lat' dir='ltr'><strong>moranus</strong></span> <span class='ocrx_word' id='word_1_7' title='bbox 1286 482 1317 528; x_wconf 87' lang='lat' dir='ltr'><strong>ll.</strong></span> <span class='ocrx_word' id='word_1_8' title='bbox 1339 499 1380 511; x_wconf 90' lang='lat'><strong>·-</strong></span> <span class='ocrx_word' id='word_1_9' title='bbox 1400 481 1471 526; x_wconf 74' lang='lat' dir='ltr'><strong>Atax.</strong></span> <span class='ocrx_word' id='word_1_10' title='bbox 1493 482 1580 539; x_wconf 76' lang='lat' dir='ltr'><strong>XXlX,</strong></span> <span class='ocrx_word' id='word_1_11' title='bbox 1602 482 1665 529; x_wconf 78' lang='lat' dir='ltr'><strong>XXX</strong></span> 
     </span>
    </p>
   </div>
   <div class='ocr_carea' id='block_1_2' title="bbox 218 649 2131 5673">
    <p class='ocr_par' dir='ltr' id='par_1_2' title="bbox 218 649 2129 2893">
     <span class='ocr_line' id='line_1_2' title="bbox 1131 649 1927 715; baseline 0.001 -2"><span class='ocrx_word' id='word_1_12' title='bbox 1131 649 1156 713; x_wconf 85' lang='grc' dir='ltr'>Α</span> <span class='ocrx_word' id='word_1_13' title='bbox 1195 649 1374 713; x_wconf 78' lang='lat' dir='ltr'><strong>remittitur</strong></span> <span class='ocrx_word' id='word_1_14' title='bbox 1400 650 1529 713; x_wconf 83' lang='lat' dir='ltr'>Initium</span> <span class='ocrx_word' id='word_1_15' title='bbox 1556 649 1718 715; x_wconf 76' lang='lat' dir='ltr'><strong>calentia</strong></span> <span class='ocrx_word' id='word_1_16' title='bbox 1741 649 1839 713; x_wconf 89' lang='lat' dir='ltr'><strong>timor</strong></span> <span class='ocrx_word' id='word_1_17' title='bbox 1863 650 1927 713; x_wconf 88' lang='lat' dir='ltr'><strong>Do-</strong></span> 
     </span>
     <span class='ocr_line' id='line_1_3' title="bbox 545 670 1927 831; baseline 0.001 -23"><span class='ocrx_word' id='word_1_18' title='bbox 545 709 790 775; x_wconf 68' lang='lat' dir='ltr'><strong>ARTIGULUS</strong></span> <span class='ocrx_word' id='word_1_19' title='bbox 813 709 940 773; x_wconf 70' lang='lat' dir='ltr'><strong>XXIX·</strong></span> <span class='ocrx_word' id='word_1_20' title='bbox 1171 670 1272 825; x_wconf 63' lang='lat' dir='ltr'><strong>ianm</strong></span> <span class='ocrx_word' id='word_1_21' title='bbox 1290 698 1425 829; x_wconf 69' lang='lat' dir='ltr'><strong>moxtiue</strong></span> <span class='ocrx_word' id='word_1_22' title='bbox 1445 670 1642 831; x_wconf 69' lang='lat' dir='ltr'><strong>adjungitiir,</strong></span> <span class='ocrx_word' id='word_1_23' title='bbox 1662 748 1846 812; x_wconf 76' lang='lat' dir='ltr'><strong>Intellectus</strong></span> <span class='ocrx_word' id='word_1_24' title='bbox 1867 748 1927 810; x_wconf 92' lang='lat' dir='ltr'><strong>bo-</strong></span> 
     </span>
     <span class='ocr_line' id='line_1_4' title="bbox 409 845 1923 937; baseline 0.001 -30"><span class='ocrx_word' id='word_1_25' title='bbox 409 859 466 919; x_wconf 73' lang='grc' dir='ltr'><strong>Αη</strong></span> <span class='ocrx_word' id='word_1_26' title='bbox 494 858 678 919; x_wconf 61' lang='lat' dir='ltr'><strong>intellectus</strong></span> <span class='ocrx_word' id='word_1_27' title='bbox 709 861 769 937; x_wconf 69' lang='lat' dir='ltr'><strong>qm·</strong></span> <span class='ocrx_word' id='word_1_28' title='bbox 797 867 844 918; x_wconf 64' lang='lat' dir='ltr'><strong>esc</strong></span> <span class='ocrx_word' id='word_1_29' title='bbox 871 860 1005 927; x_wconf 70' lang='lat' dir='ltr'><strong>donum,</strong></span> <span class='ocrx_word' id='word_1_30' title='bbox 1033 858 1076 917; x_wconf 80' lang='lat' dir='ltr'><strong>stt</strong></span> <span class='ocrx_word' id='word_1_31' title='bbox 1171 865 1232 908; x_wconf 91' lang='lat' dir='ltr'><strong>nus</strong></span> <span class='ocrx_word' id='word_1_32' title='bbox 1246 845 1395 909; x_wconf 90' lang='lat' dir='ltr'><strong>omnibus</strong></span> <span class='ocrx_word' id='word_1_33' title='bbox 1410 846 1602 910; x_wconf 80' lang='lat' dir='ltr'><strong>facientibus</strong></span> <span class='ocrx_word' id='word_1_34' title='bbox 1616 866 1701 925; x_wconf 90' lang='lat' dir='ltr'><strong>eum,</strong></span> <span class='ocrx_word' id='word_1_35' title='bbox 1711 846 1744 910; x_wconf 95' lang='lat' dir='ltr'><strong>id</strong></span> <span class='ocrx_word' id='word_1_36' title='bbox 1758 856 1807 910; x_wconf 87' lang='lat' dir='ltr'><strong>est</strong></span> <span class='ocrx_word' id='word_1_37' title='bbox 1820 847 1923 909; x_wconf 84' lang='lat' dir='ltr'><strong>Deum</strong></span> 
     </span>
     <span class='ocr_line' id='line_1_5' title="bbox 499 944 1923 1025; baseline 0.001 -19"><span class='ocrx_word' id='word_1_38' title='bbox 499 949 719 1023; x_wconf 77' lang='lat' dir='ltr'><strong>speculativas</strong></span> <span class='ocrx_word' id='word_1_39' title='bbox 742 967 786 1007; x_wconf 80' lang='grc' dir='ltr'><strong>αιι</strong></span> <span class='ocrx_word' id='word_1_40' title='bbox 806 949 985 1024; x_wconf 82' lang='lat' dir='ltr'><strong>practicus.</strong></span> <span class='ocrx_word' id='word_1_41' title='bbox 1171 944 1353 1007; x_wconf 91' lang='lat' dir='ltr'><strong>timentibus</strong></span> <span class='ocrx_word' id='word_1_42' title='bbox 1367 969 1374 1007; x_wconf 79' lang='grc' dir='ltr'><strong>ι</strong></span> <span class='ocrx_word' id='word_1_43' title='bbox 1387 945 1463 1025; x_wconf 89' lang='lat' dir='ltr'><strong>quia</strong></span> <span class='ocrx_word' id='word_1_44' title='bbox 1477 946 1622 1009; x_wconf 80' lang='lat' dir='ltr'><strong>timorate</strong></span> <span class='ocrx_word' id='word_1_45' title='bbox 1640 945 1789 1025; x_wconf 84' lang='lat' dir='ltr'><strong>vivendo,</strong></span> <span class='ocrx_word' id='word_1_46' title='bbox 1800 946 1923 1009; x_wconf 90' lang='lat' dir='ltr'><strong>donum</strong></span> 
     </span>
     <span class='ocr_line' id='line_1_6' title="bbox 1172 1042 1926 1126; baseline 0.002 -23"><span class='ocrx_word' id='word_1_47' title='bbox 1172 1042 1352 1105; x_wconf 88' lang='lat' dir='ltr'><strong>intellectus</strong></span> <span class='ocrx_word' id='word_1_48' title='bbox 1386 1052 1505 1122; x_wconf 90' lang='lat' dir='ltr'><strong>manet,</strong></span> <span class='ocrx_word' id='word_1_49' title='bbox 1535 1043 1651 1107; x_wconf 89' lang='lat' dir='ltr'><strong>crescit</strong></span> <span class='ocrx_word' id='word_1_50' title='bbox 1682 1042 1784 1125; x_wconf 86' lang='lat' dir='ltr'><strong>fitque</strong></span> <span class='ocrx_word' id='word_1_51' title='bbox 1818 1042 1926 1126; x_wconf 92' lang='lat' dir='ltr'><strong>perfe-</strong></span> 
     </span>
     <span class='ocr_line' id='line_1_7' title="bbox 283 1140 1924 1224; baseline 0.003 -25"><span class='ocrx_word' id='word_1_52' title='bbox 283 1159 356 1200; x_wconf 73' lang='grc' dir='ltr'>ιιιι.</span> <span class='ocrx_word' id='word_1_53' title='bbox 434 1140 535 1204; x_wconf 83' lang='lat' dir='ltr'>ORRO</span> <span class='ocrx_word' id='word_1_54' title='bbox 553 1160 624 1222; x_wconf 78' lang='lat' dir='ltr'><strong>que</strong></span> <span class='ocrx_word' id='word_1_55' title='bbox 646 1150 719 1204; x_wconf 90' lang='lat' dir='ltr'><strong>ante</strong></span> <span class='ocrx_word' id='word_1_56' title='bbox 738 1142 868 1205; x_wconf 89' lang='lat' dir='ltr'><strong>inducta</strong></span> <span class='ocrx_word' id='word_1_57' title='bbox 889 1150 964 1205; x_wconf 90' lang='lat' dir='ltr'><strong>sunt</strong></span> <span class='ocrx_word' id='word_1_58' title='bbox 983 1143 1023 1205; x_wconf 92' lang='lat' dir='ltr'><strong>de</strong></span> <span class='ocrx_word' id='word_1_59' title='bbox 1042 1143 1115 1222; x_wconf 92' lang='lat' dir='ltr'><strong>hoc,</strong></span> <span class='ocrx_word' id='word_1_60' title='bbox 1172 1149 1258 1203; x_wconf 88' lang='lat' dir='ltr'><strong>ctum</strong></span> <span class='ocrx_word' id='word_1_61' title='bbox 1284 1141 1317 1203; x_wconf 93' lang='lat' dir='ltr'><strong>in</strong></span> <span class='ocrx_word' id='word_1_62' title='bbox 1343 1142 1446 1205; x_wconf 92' lang='lat' dir='ltr'><strong>nobis.</strong></span> <span class='ocrx_word' id='word_1_63' title='bbox 1467 1142 1595 1207; x_wconf 82' lang='lat' dir='ltr'><strong>Bonitas</strong></span> <span class='ocrx_word' id='word_1_64' title='bbox 1620 1141 1717 1224; x_wconf 79' lang='lat' dir='ltr'><strong>igitur</strong></span> <span class='ocrx_word' id='word_1_65' title='bbox 1740 1141 1924 1205; x_wconf 86' lang='lat' dir='ltr'><strong>intellectus</strong></span> 
     </span>
     <span class='ocr_line' id='line_1_8' title="bbox 448 1239 1923 1324; baseline -0.001 -21"><span class='ocrx_word' id='word_1_66' title='bbox 448 1260 489 1303; x_wconf 91' lang='lat' dir='ltr'><strong>an</strong></span> <span class='ocrx_word' id='word_1_67' title='bbox 508 1240 752 1323; x_wconf 77' lang='lat' dir='ltr'><strong>sapientiaque</strong></span> <span class='ocrx_word' id='word_1_68' title='bbox 770 1250 819 1303; x_wconf 90' lang='lat' dir='ltr'><strong>est</strong></span> <span class='ocrx_word' id='word_1_69' title='bbox 838 1242 969 1319; x_wconf 89' lang='lat' dir='ltr'><strong>donum,</strong></span> <span class='ocrx_word' id='word_1_70' title='bbox 987 1242 1029 1303; x_wconf 93' lang='lat' dir='ltr'><strong>sit</strong></span> <span class='ocrx_word' id='word_1_71' title='bbox 1047 1260 1118 1324; x_wconf 92' lang='lat' dir='ltr'><strong>spe-</strong></span> <span class='ocrx_word' id='word_1_72' title='bbox 1171 1258 1235 1302; x_wconf 91' lang='lat' dir='ltr'><strong>non</strong></span> <span class='ocrx_word' id='word_1_73' title='bbox 1261 1240 1406 1303; x_wconf 88' lang='lat' dir='ltr'><strong>consistit</strong></span> <span class='ocrx_word' id='word_1_74' title='bbox 1429 1240 1589 1322; x_wconf 82' lang='lat' dir='ltr'><strong>praecipue</strong></span> <span class='ocrx_word' id='word_1_75' title='bbox 1613 1239 1647 1301; x_wconf 93' lang='lat' dir='ltr'><strong>in</strong></span> <span class='ocrx_word' id='word_1_76' title='bbox 1672 1239 1844 1321; x_wconf 88' lang='lat' dir='ltr'><strong>operando,</strong></span> <span class='ocrx_word' id='word_1_77' title='bbox 1866 1239 1923 1302; x_wconf 90' lang='lat' dir='ltr'><strong>sed</strong></span> 
     </span>
     <span class='ocr_line' id='line_1_9' title="bbox 372 1337 1924 1421; baseline -0.001 -20"><span class='ocrx_word' id='word_1_78' title='bbox 372 1339 510 1401; x_wconf 89' lang='lat' dir='ltr'><strong>culativa</strong></span> <span class='ocrx_word' id='word_1_79' title='bbox 537 1340 588 1403; x_wconf 84' lang='lat' dir='ltr'><strong>vel</strong></span> <span class='ocrx_word' id='word_1_80' title='bbox 616 1340 767 1421; x_wconf 89' lang='lat' dir='ltr'><strong>practica,</strong></span> <span class='ocrx_word' id='word_1_81' title='bbox 792 1341 846 1403; x_wconf 92' lang='lat' dir='ltr'><strong>hic</strong></span> <span class='ocrx_word' id='word_1_82' title='bbox 874 1358 1001 1421; x_wconf 87' lang='lat' dir='ltr'><strong>quoque</strong></span> <span class='ocrx_word' id='word_1_83' title='bbox 1029 1340 1116 1421; x_wconf 83' lang='lat' dir='ltr'><strong>tangi</strong></span> <span class='ocrx_word' id='word_1_84' title='bbox 1172 1338 1427 1419; x_wconf 85' lang='lat' dir='ltr'><strong>contemplando,</strong></span> <span class='ocrx_word' id='word_1_85' title='bbox 1444 1338 1590 1419; x_wconf 88' lang='lat' dir='ltr'><strong>quamvis</strong></span> <span class='ocrx_word' id='word_1_86' title='bbox 1615 1337 1685 1401; x_wconf 90' lang='lat' dir='ltr'><strong>sine</strong></span> <span class='ocrx_word' id='word_1_87' title='bbox 1708 1337 1793 1401; x_wconf 91' lang='lat' dir='ltr'><strong>bona</strong></span> <span class='ocrx_word' id='word_1_88' title='bbox 1811 1355 1924 1419; x_wconf 89' lang='lat' dir='ltr'><strong>opera-</strong></span> 
     </span>
     <span class='ocr_line' id='line_1_10' title="bbox 224 1435 1869 1519; baseline -0.001 -20"><span class='ocrx_word' id='word_1_89' title='bbox 224 1466 307 1510; x_wconf 60' lang='lat' dir='ltr'><strong>m</strong></span> <span class='ocrx_word' id='word_1_90' title='bbox 324 1466 357 1511; x_wconf 70' lang='lat' dir='ltr'><strong>u,</strong></span> <span class='ocrx_word' id='word_1_91' title='bbox 372 1446 511 1519; x_wconf 83' lang='lat' dir='ltr'><strong>possent.</strong></span> <span class='ocrx_word' id='word_1_92' title='bbox 528 1437 797 1513; x_wconf 86' lang='lat' dir='ltr'><strong>Quemadmodum</strong></span> <span class='ocrx_word' id='word_1_93' title='bbox 812 1440 899 1501; x_wconf 93' lang='lat' dir='ltr'><strong>enim</strong></span> <span class='ocrx_word' id='word_1_94' title='bbox 914 1439 1049 1501; x_wconf 87' lang='lat' dir='ltr'><strong>Thomas</strong></span> <span class='ocrx_word' id='word_1_95' title='bbox 1071 1457 1118 1500; x_wconf 92' lang='lat' dir='ltr'><strong>re-</strong></span> <span class='ocrx_word' id='word_1_96' title='bbox 1173 1436 1259 1499; x_wconf 89' lang='lat' dir='ltr'><strong>tione</strong></span> <span class='ocrx_word' id='word_1_97' title='bbox 1274 1436 1456 1499; x_wconf 90' lang='lat' dir='ltr'><strong>intellectus</strong></span> <span class='ocrx_word' id='word_1_98' title='bbox 1471 1454 1619 1499; x_wconf 88' lang='lat' dir='ltr'><strong>essenon</strong></span> <span class='ocrx_word' id='word_1_99' title='bbox 1636 1435 1869 1499; x_wconf 91' lang='lat' dir='ltr'><strong>valeatbonus.</strong></span> 
     </span>
     <span class='ocr_line' id='line_1_11' title="bbox 218 1530 2021 1645; baseline 0.001 -48"><span class='ocrx_word' id='word_1_100' title='bbox 218 1530 356 1586; x_wconf 60' lang='lat' dir='ltr'><strong>‘&#39;W&#39;‘</strong></span> <span class='ocrx_word' id='word_1_101' title='bbox 350 1536 515 1645; x_wconf 86' lang='lat' dir='ltr'><strong>spondet,</strong></span> <span class='ocrx_word' id='word_1_102' title='bbox 532 1536 616 1619; x_wconf 91' lang='lat' dir='ltr'><strong>quod</strong></span> <span class='ocrx_word' id='word_1_103' title='bbox 631 1536 785 1618; x_wconf 90' lang='lat' dir='ltr'><strong>sapientia</strong></span> <span class='ocrx_word' id='word_1_104' title='bbox 799 1537 903 1618; x_wconf 90' lang='lat' dir='ltr'><strong>primo</strong></span> <span class='ocrx_word' id='word_1_105' title='bbox 925 1544 1019 1617; x_wconf 89' lang='lat' dir='ltr'><strong>atque</strong></span> <span class='ocrx_word' id='word_1_106' title='bbox 1040 1556 1118 1619; x_wconf 61' lang='lat' dir='ltr'><strong>prae</strong></span> <span class='ocrx_word' id='word_1_107' title='bbox 1213 1534 1448 1613; x_wconf 85' lang='lat' dir='ltr'><strong>Verumtamen,</strong></span> <span class='ocrx_word' id='word_1_108' title='bbox 1457 1534 1538 1596; x_wconf 88' lang='lat' dir='ltr'><strong>sicut</strong></span> <span class='ocrx_word' id='word_1_109' title='bbox 1551 1533 1759 1644; x_wconf 75' lang='lat' dir='ltr'><strong>prehabitum</strong></span> <span class='ocrx_word' id='word_1_110' title='bbox 1775 1542 1822 1597; x_wconf 91' lang='lat' dir='ltr'><strong>est</strong></span> <span class='ocrx_word' id='word_1_111' title='bbox 1835 1534 1922 1615; x_wconf 86' lang='lat' dir='ltr'><strong>quod</strong></span> <span class='ocrx_word' id='word_1_112' title='bbox 1940 1560 2021 1599; x_wconf 62' lang='lat' dir='ltr'><strong>aaz.</strong></span> 
     </span>
     <span class='ocr_line' id='line_1_12' title="bbox 371 1631 1926 1717; baseline -0.001 -23"><span class='ocrx_word' id='word_1_113' title='bbox 371 1633 465 1715; x_wconf 84' lang='lat' dir='ltr'><strong>cipue</strong></span> <span class='ocrx_word' id='word_1_114' title='bbox 484 1633 526 1695; x_wconf 91' lang='lat' dir='ltr'><strong>sit</strong></span> <span class='ocrx_word' id='word_1_115' title='bbox 543 1634 773 1715; x_wconf 54' lang='lat' dir='ltr'><strong>speculativas</strong></span> <span class='ocrx_word' id='word_1_116' title='bbox 765 1654 798 1697; x_wconf 90' lang='grc' dir='ltr'><strong>ιιι</strong></span> <span class='ocrx_word' id='word_1_117' title='bbox 817 1641 970 1717; x_wconf 89' lang='lat' dir='ltr'><strong>quantum</strong></span> <span class='ocrx_word' id='word_1_118' title='bbox 990 1653 1120 1697; x_wconf 89' lang='lat' dir='ltr'><strong>concer-</strong></span> <span class='ocrx_word' id='word_1_119' title='bbox 1172 1632 1288 1713; x_wconf 90' lang='lat' dir='ltr'><strong>positio</strong></span> <span class='ocrx_word' id='word_1_120' title='bbox 1303 1632 1429 1695; x_wconf 80' lang='lat' dir='ltr'><strong>Tharne</strong></span> <span class='ocrx_word' id='word_1_121' title='bbox 1444 1632 1545 1714; x_wconf 92' lang='lat' dir='ltr'><strong>possit</strong></span> <span class='ocrx_word' id='word_1_122' title='bbox 1559 1631 1717 1694; x_wconf 87' lang='lat' dir='ltr'><strong>salvari</strong></span> <span class='ocrx_word' id='word_1_123' title='bbox 1691 1651 1777 1694; x_wconf 83' lang='lat' dir='ltr'><strong>crrca</strong></span> <span class='ocrx_word' id='word_1_124' title='bbox 1797 1632 1926 1713; x_wconf 90' lang='lat' dir='ltr'><strong>sapien-</strong></span> 
     </span>
     <span class='ocr_line' id='line_1_13' title="bbox 371 1729 1925 1814; baseline -0.002 -21"><span class='ocrx_word' id='word_1_125' title='bbox 371 1730 419 1793; x_wconf 91' lang='lat' dir='ltr'><strong>nit</strong></span> <span class='ocrx_word' id='word_1_126' title='bbox 436 1731 555 1812; x_wconf 90' lang='lat' dir='ltr'><strong>divina,</strong></span> <span class='ocrx_word' id='word_1_127' title='bbox 572 1732 759 1796; x_wconf 89' lang='lat' dir='ltr'><strong>secundario</strong></span> <span class='ocrx_word' id='word_1_128' title='bbox 780 1740 886 1795; x_wconf 85' lang='lat' dir='ltr'><strong>aulem</strong></span> <span class='ocrx_word' id='word_1_129' title='bbox 906 1731 947 1793; x_wconf 90' lang='lat' dir='ltr'><strong>sit</strong></span> <span class='ocrx_word' id='word_1_130' title='bbox 966 1733 1116 1814; x_wconf 91' lang='lat' dir='ltr'><strong>practica,</strong></span> <span class='ocrx_word' id='word_1_131' title='bbox 1173 1730 1369 1808; x_wconf 83' lang='lat' dir='ltr'><strong>tiaedonum,</strong></span> <span class='ocrx_word' id='word_1_132' title='bbox 1387 1730 1476 1792; x_wconf 91' lang='lat' dir='ltr'><strong>itaet</strong></span> <span class='ocrx_word' id='word_1_133' title='bbox 1491 1730 1576 1792; x_wconf 89' lang='lat' dir='ltr'><strong>circa</strong></span> <span class='ocrx_word' id='word_1_134' title='bbox 1596 1729 1795 1793; x_wconf 89' lang='lat' dir='ltr'><strong>intellectum</strong></span> <span class='ocrx_word' id='word_1_135' title='bbox 1815 1736 1925 1812; x_wconf 89' lang='lat' dir='ltr'><strong>posset</strong></span> 
     </span>
     <span class='ocr_line' id='line_1_14' title="bbox 370 1827 1925 1913; baseline -0.001 -22"><span class='ocrx_word' id='word_1_136' title='bbox 370 1838 464 1911; x_wconf 86' lang='lat' dir='ltr'><strong>prout</strong></span> <span class='ocrx_word' id='word_1_137' title='bbox 477 1830 516 1893; x_wconf 91' lang='lat' dir='ltr'><strong>de</strong></span> <span class='ocrx_word' id='word_1_138' title='bbox 531 1831 655 1894; x_wconf 88' lang='lat' dir='ltr'><strong>actibus</strong></span> <span class='ocrx_word' id='word_1_139' title='bbox 669 1831 816 1893; x_wconf 88' lang='lat' dir='ltr'><strong>humanis</strong></span> <span class='ocrx_word' id='word_1_140' title='bbox 830 1830 985 1913; x_wconf 90' lang='lat' dir='ltr'><strong>judicium</strong></span> <span class='ocrx_word' id='word_1_141' title='bbox 997 1830 1119 1913; x_wconf 81' lang='lat' dir='ltr'><strong>profert</strong></span> <span class='ocrx_word' id='word_1_142' title='bbox 1137 1828 1160 1890; x_wconf 88' lang='lat' dir='ltr'><strong>B</strong></span> <span class='ocrx_word' id='word_1_143' title='bbox 1174 1827 1302 1891; x_wconf 88' lang='lat' dir='ltr'><strong>defendi</strong></span> <span class='ocrx_word' id='word_1_144' title='bbox 1315 1852 1322 1892; x_wconf 91' lang='lat'>:</span> <span class='ocrx_word' id='word_1_145' title='bbox 1333 1828 1479 1910; x_wconf 86' lang='lat' dir='ltr'><strong>quamvis</strong></span> <span class='ocrx_word' id='word_1_146' title='bbox 1495 1829 1555 1891; x_wconf 88' lang='lat' dir='ltr'><strong>ista</strong></span> <span class='ocrx_word' id='word_1_147' title='bbox 1569 1828 1734 1911; x_wconf 84' lang='lat' dir='ltr'><strong>responsio</strong></span> <span class='ocrx_word' id='word_1_148' title='bbox 1748 1828 1925 1891; x_wconf 84' lang='lat' dir='ltr'><strong>absolutior</strong></span> 
     </span>
     <span class='ocr_line' id='line_1_15' title="bbox 372 1925 1926 2011; baseline -0.001 -22"><span class='ocrx_word' id='word_1_149' title='bbox 372 1930 547 1991; x_wconf 87' lang='lat' dir='ltr'><strong>secundum</strong></span> <span class='ocrx_word' id='word_1_150' title='bbox 568 1929 706 1992; x_wconf 91' lang='lat' dir='ltr'><strong>rationes</strong></span> <span class='ocrx_word' id='word_1_151' title='bbox 726 1949 782 1991; x_wconf 90' lang='lat' dir='ltr'><strong>seu</strong></span> <span class='ocrx_word' id='word_1_152' title='bbox 802 1930 887 2011; x_wconf 79' lang='lat' dir='ltr'><strong>leges</strong></span> <span class='ocrx_word' id='word_1_153' title='bbox 912 1930 1058 2007; x_wconf 82' lang='lat' dir='ltr'><strong>divinas3</strong></span> <span class='ocrx_word' id='word_1_154' title='bbox 1076 1929 1118 1991; x_wconf 90' lang='lat' dir='ltr'><strong>ita</strong></span> <span class='ocrx_word' id='word_1_155' title='bbox 1173 1926 1401 2008; x_wconf 89' lang='lat' dir='ltr'><strong>efficaciorque</strong></span> <span class='ocrx_word' id='word_1_156' title='bbox 1426 1934 1564 2008; x_wconf 89' lang='lat' dir='ltr'><strong>putetur.</strong></span> <span class='ocrx_word' id='word_1_157' title='bbox 1581 1926 1660 1990; x_wconf 92' lang='lat' dir='ltr'><strong>Nam</strong></span> <span class='ocrx_word' id='word_1_158' title='bbox 1683 1934 1716 1990; x_wconf 92' lang='lat' dir='ltr'><strong>et</strong></span> <span class='ocrx_word' id='word_1_159' title='bbox 1739 1927 1853 1990; x_wconf 87' lang='lat' dir='ltr'><strong>Doctor</strong></span> <span class='ocrx_word' id='word_1_160' title='bbox 1876 1925 1926 1988; x_wconf 92' lang='lat' dir='ltr'><strong>di-</strong></span> 
     </span>
     <span class='ocr_line' id='line_1_16' title="bbox 222 2013 1923 2110; baseline -0.004 -17"><span class='ocrx_word' id='word_1_161' title='bbox 222 2049 359 2106; x_wconf 59' lang='lat' dir='ltr'><strong>saraam,</strong></span> <span class='ocrx_word' id='word_1_162' title='bbox 372 2025 524 2103; x_wconf 90' lang='lat' dir='ltr'><strong>affirmat,</strong></span> <span class='ocrx_word' id='word_1_163' title='bbox 561 2027 646 2107; x_wconf 89' lang='lat' dir='ltr'><strong>quod</strong></span> <span class='ocrx_word' id='word_1_164' title='bbox 683 2027 862 2090; x_wconf 89' lang='lat' dir='ltr'><strong>intellectus</strong></span> <span class='ocrx_word' id='word_1_165' title='bbox 899 2027 1119 2110; x_wconf 88' lang='lat' dir='ltr'><strong>principaliter</strong></span> <span class='ocrx_word' id='word_1_166' title='bbox 1173 2025 1267 2087; x_wconf 91' lang='lat' dir='ltr'><strong>vinus</strong></span> <span class='ocrx_word' id='word_1_167' title='bbox 1292 2025 1326 2086; x_wconf 91' lang='lat' dir='ltr'><strong>in</strong></span> <span class='ocrx_word' id='word_1_168' title='bbox 1351 2013 1547 2108; x_wconf 82' lang='lat' dir='ltr'><strong>expositione</strong></span> <span class='ocrx_word' id='word_1_169' title='bbox 1571 2025 1705 2107; x_wconf 82' lang='lat' dir='ltr'><strong>mystica</strong></span> <span class='ocrx_word' id='word_1_170' title='bbox 1726 2024 1923 2087; x_wconf 89' lang='lat' dir='ltr'><strong>tabernaculi</strong></span> 
     </span>
     <span class='ocr_line' id='line_1_17' title="bbox 223 2114 1924 2207; baseline 0 -22"><span class='ocrx_word' id='word_1_171' title='bbox 223 2114 278 2155; x_wconf 61' lang='lat'><strong>⁸³·</strong></span> <span class='ocrx_word' id='word_1_172' title='bbox 372 2124 587 2205; x_wconf 87' lang='lat' dir='ltr'><strong>speculativas</strong></span> <span class='ocrx_word' id='word_1_173' title='bbox 614 2125 746 2205; x_wconf 86' lang='lat' dir='ltr'><strong>exsistit,</strong></span> <span class='ocrx_word' id='word_1_174' title='bbox 773 2126 924 2206; x_wconf 88' lang='lat' dir='ltr'><strong>quoniam</strong></span> <span class='ocrx_word' id='word_1_175' title='bbox 952 2125 1057 2207; x_wconf 90' lang='lat' dir='ltr'><strong>primo</strong></span> <span class='ocrx_word' id='word_1_176' title='bbox 1088 2134 1119 2189; x_wconf 90' lang='lat' dir='ltr'><strong>et</strong></span> <span class='ocrx_word' id='word_1_177' title='bbox 1173 2122 1285 2206; x_wconf 81' lang='lat' dir='ltr'><strong>Moysis</strong></span> <span class='ocrx_word' id='word_1_178' title='bbox 1305 2123 1470 2186; x_wconf 88' lang='lat' dir='ltr'><strong>evidenter</strong></span> <span class='ocrx_word' id='word_1_179' title='bbox 1494 2124 1638 2202; x_wconf 88' lang='lat' dir='ltr'><strong>adstruit,</strong></span> <span class='ocrx_word' id='word_1_180' title='bbox 1655 2124 1739 2206; x_wconf 91' lang='lat' dir='ltr'><strong>quod</strong></span> <span class='ocrx_word' id='word_1_181' title='bbox 1765 2122 1924 2205; x_wconf 86' lang='lat' dir='ltr'><strong>sapientia</strong></span> 
     </span>
     <span class='ocr_line' id='line_1_18' title="bbox 372 2220 1924 2305; baseline -0.001 -23"><span class='ocrx_word' id='word_1_182' title='bbox 372 2222 508 2283; x_wconf 84' lang='lat' dir='ltr'><strong>maxime</strong></span> <span class='ocrx_word' id='word_1_183' title='bbox 542 2222 627 2284; x_wconf 92' lang='lat' dir='ltr'><strong>circa</strong></span> <span class='ocrx_word' id='word_1_184' title='bbox 660 2222 768 2284; x_wconf 89' lang='lat' dir='ltr'><strong>divina</strong></span> <span class='ocrx_word' id='word_1_185' title='bbox 801 2231 832 2285; x_wconf 89' lang='lat' dir='ltr'><strong>et</strong></span> <span class='ocrx_word' id='word_1_186' title='bbox 867 2223 1119 2305; x_wconf 88' lang='lat' dir='ltr'><strong>supernaturalia</strong></span> <span class='ocrx_word' id='word_1_187' title='bbox 1174 2229 1206 2283; x_wconf 91' lang='lat' dir='ltr'><strong>et</strong></span> <span class='ocrx_word' id='word_1_188' title='bbox 1230 2221 1410 2285; x_wconf 87' lang='lat' dir='ltr'><strong>intellectus</strong></span> <span class='ocrx_word' id='word_1_189' title='bbox 1436 2222 1474 2283; x_wconf 91' lang='lat' dir='ltr'><strong>ad</strong></span> <span class='ocrx_word' id='word_1_190' title='bbox 1499 2221 1660 2285; x_wconf 87' lang='lat' dir='ltr'><strong>dexteram</strong></span> <span class='ocrx_word' id='word_1_191' title='bbox 1685 2220 1857 2303; x_wconf 86' lang='lat' dir='ltr'><strong>pertinent,</strong></span> <span class='ocrx_word' id='word_1_192' title='bbox 1876 2220 1924 2281; x_wconf 87' lang='lat' dir='ltr'><strong>vi-</strong></span> 
     </span>
     <span class='ocr_line' id='line_1_19' title="bbox 371 2319 1688 2402; baseline 0.001 -22"><span class='ocrx_word' id='word_1_193' title='bbox 371 2338 441 2401; x_wconf 77' lang='lat' dir='ltr'><strong>que</strong></span> <span class='ocrx_word' id='word_1_194' title='bbox 472 2319 591 2382; x_wconf 89' lang='lat' dir='ltr'><strong>directe</strong></span> <span class='ocrx_word' id='word_1_195' title='bbox 619 2320 736 2382; x_wconf 90' lang='lat' dir='ltr'><strong>eadunt</strong></span> <span class='ocrx_word' id='word_1_196' title='bbox 769 2321 828 2383; x_wconf 93' lang='lat' dir='ltr'><strong>sub</strong></span> <span class='ocrx_word' id='word_1_197' title='bbox 856 2320 932 2400; x_wconf 91' lang='lat' dir='ltr'><strong>lide,</strong></span> <span class='ocrx_word' id='word_1_198' title='bbox 962 2328 1116 2398; x_wconf 89' lang='lat' dir='ltr'><strong>versatur,</strong></span> <span class='ocrx_word' id='word_1_199' title='bbox 1173 2327 1300 2401; x_wconf 88' lang='lat' dir='ltr'><strong>tamque</strong></span> <span class='ocrx_word' id='word_1_200' title='bbox 1323 2320 1481 2381; x_wconf 84' lang='lat' dir='ltr'><strong>internam</strong></span> <span class='ocrx_word' id='word_1_201' title='bbox 1503 2319 1688 2402; x_wconf 91' lang='lat' dir='ltr'><strong>respiciunt.</strong></span> 
     </span>
     <span class='ocr_line' id='line_1_20' title="bbox 371 2416 1119 2499; baseline 0.005 -22"><span class='ocrx_word' id='word_1_202' title='bbox 371 2416 560 2480; x_wconf 89' lang='lat' dir='ltr'><strong>secundario</strong></span> <span class='ocrx_word' id='word_1_203' title='bbox 584 2426 689 2480; x_wconf 89' lang='lat' dir='ltr'><strong>autem</strong></span> <span class='ocrx_word' id='word_1_204' title='bbox 713 2426 815 2480; x_wconf 85' lang='lat' dir='ltr'><strong>exstat</strong></span> <span class='ocrx_word' id='word_1_205' title='bbox 838 2426 871 2481; x_wconf 91' lang='grc' dir='ltr'><strong>ιι</strong></span> <span class='ocrx_word' id='word_1_206' title='bbox 894 2418 1063 2499; x_wconf 67' lang='lat' dir='ltr'><strong>practicus</strong></span> <span class='ocrx_word' id='word_1_207' title='bbox 1081 2436 1119 2481; x_wconf 90' lang='lat' dir='ltr'><strong>eo</strong></span> 
     </span>
     <span class='ocr_line' id='line_1_21' title="bbox 370 2516 2129 2604; baseline 0.002 -27"><span class='ocrx_word' id='word_1_208' title='bbox 370 2517 456 2596; x_wconf 91' lang='lat' dir='ltr'><strong>quod</strong></span> <span class='ocrx_word' id='word_1_209' title='bbox 470 2535 504 2579; x_wconf 93' lang='lat' dir='ltr'><strong>se</strong></span> <span class='ocrx_word' id='word_1_210' title='bbox 520 2517 673 2597; x_wconf 87' lang='lat' dir='ltr'><strong>usquead</strong></span> <span class='ocrx_word' id='word_1_211' title='bbox 688 2526 778 2579; x_wconf 91' lang='lat' dir='ltr'><strong>actus</strong></span> <span class='ocrx_word' id='word_1_212' title='bbox 799 2517 955 2579; x_wconf 89' lang='lat' dir='ltr'><strong>humanos</strong></span> <span class='ocrx_word' id='word_1_213' title='bbox 975 2516 1120 2579; x_wconf 84' lang='lat' dir='ltr'><strong>conside</strong></span> <span class='ocrx_word' id='word_1_214' title='bbox 1438 2582 1446 2604; x_wconf 39' lang='grc'>1</span> <span class='ocrx_word' id='word_1_215' title='bbox 2128 2560 2129 2601; x_wconf 70' lang='lat'><strong>,</strong></span> 
     </span>
     <span class='ocr_line' id='line_1_22' title="bbox 249 2580 1735 2695; baseline -0.003 -15"><span class='ocrx_word' id='word_1_216' title='bbox 249 2640 291 2680; x_wconf 71' lang='grc' dir='ltr'>ιιι.</span> <span class='ocrx_word' id='word_1_217' title='bbox 305 2649 354 2679; x_wconf 78' lang='lat' dir='ltr'><strong>m.</strong></span> <span class='ocrx_word' id='word_1_218' title='bbox 369 2614 485 2677; x_wconf 90' lang='lat' dir='ltr'><strong>randos</strong></span> <span class='ocrx_word' id='word_1_219' title='bbox 500 2633 537 2676; x_wconf 92' lang='lat' dir='ltr'><strong>ac</strong></span> <span class='ocrx_word' id='word_1_220' title='bbox 553 2614 741 2695; x_wconf 85' lang='lat' dir='ltr'><strong>regulandos</strong></span> <span class='ocrx_word' id='word_1_221' title='bbox 756 2616 914 2695; x_wconf 86' lang='lat' dir='ltr'><strong>extendat,</strong></span> <span class='ocrx_word' id='word_1_222' title='bbox 922 2614 1006 2677; x_wconf 89' lang='lat' dir='ltr'><strong>sicut</strong></span> <span class='ocrx_word' id='word_1_223' title='bbox 1018 2622 1120 2677; x_wconf 87' lang='lat' dir='ltr'><strong>osten·</strong></span> <span class='ocrx_word' id='word_1_224' title='bbox 1358 2580 1603 2646; x_wconf 62' lang='lat' dir='ltr'><strong>ARUCULUS</strong></span> <span class='ocrx_word' id='word_1_225' title='bbox 1625 2584 1735 2647; x_wconf 75' lang='lat' dir='ltr'><strong>XXX·</strong></span> 
     </span>
     <span class='ocr_line' id='line_1_23' title="bbox 222 2712 1924 2807; baseline -0.002 -27"><span class='ocrx_word' id='word_1_226' title='bbox 222 2737 263 2780; x_wconf 67' lang='lat' dir='ltr'><strong>rt.</strong></span> <span class='ocrx_word' id='word_1_227' title='bbox 275 2748 310 2788; x_wconf 72' lang='grc' dir='ltr'><strong>α,</strong></span> <span class='ocrx_word' id='word_1_228' title='bbox 321 2738 355 2779; x_wconf 84' lang='grc' dir='ltr'><strong>ιι.</strong></span> <span class='ocrx_word' id='word_1_229' title='bbox 370 2730 441 2773; x_wconf 90' lang='lat' dir='ltr'><strong>sum</strong></span> <span class='ocrx_word' id='word_1_230' title='bbox 455 2719 512 2774; x_wconf 92' lang='lat' dir='ltr'><strong>est.</strong></span> <span class='ocrx_word' id='word_1_231' title='bbox 530 2712 616 2774; x_wconf 90' lang='lat' dir='ltr'><strong>Unde</strong></span> <span class='ocrx_word' id='word_1_232' title='bbox 631 2721 664 2775; x_wconf 88' lang='lat' dir='ltr'><strong>et</strong></span> <span class='ocrx_word' id='word_1_233' title='bbox 678 2712 831 2796; x_wconf 85' lang='lat' dir='ltr'><strong>scriptum</strong></span> <span class='ocrx_word' id='word_1_234' title='bbox 847 2719 895 2775; x_wconf 91' lang='grc' dir='ltr'><strong>ιιι</strong></span> <span class='ocrx_word' id='word_1_235' title='bbox 912 2736 918 2774; x_wconf 94' lang='lat'><strong>:</strong></span> <span class='ocrx_word' id='word_1_236' title='bbox 935 2712 1118 2775; x_wconf 87' lang='lat' dir='ltr'><strong>intellectus</strong></span> <span class='ocrx_word' id='word_1_237' title='bbox 1172 2728 1228 2789; x_wconf 73' lang='grc' dir='ltr'><strong>Αη</strong></span> <span class='ocrx_word' id='word_1_238' title='bbox 1249 2730 1371 2787; x_wconf 67' lang='lat' dir='ltr'><em>donum</em></span> <span class='ocrx_word' id='word_1_239' title='bbox 1395 2729 1580 2789; x_wconf 78' lang='lat' dir='ltr'><strong>intellectus</strong></span> <span class='ocrx_word' id='word_1_240' title='bbox 1603 2730 1753 2790; x_wconf 61' lang='lat' dir='ltr'><strong>omnibu,</strong></span> <span class='ocrx_word' id='word_1_241' title='bbox 1773 2732 1924 2807; x_wconf 58' lang='lat' dir='ltr'><strong>ymnum</strong></span> 
     </span>
     <span class='ocr_line' id='line_1_24' title="bbox 368 2809 1825 2893; baseline 0.004 -21"><span class='ocrx_word' id='word_1_242' title='bbox 368 2809 472 2873; x_wconf 89' lang='lat' dir='ltr'><strong>bonus</strong></span> <span class='ocrx_word' id='word_1_243' title='bbox 492 2810 643 2873; x_wconf 90' lang='lat' dir='ltr'><strong>omnibus</strong></span> <span class='ocrx_word' id='word_1_244' title='bbox 666 2809 858 2873; x_wconf 88' lang='lat' dir='ltr'><strong>facientibus</strong></span> <span class='ocrx_word' id='word_1_245' title='bbox 880 2830 964 2873; x_wconf 88' lang='lat' dir='ltr'><strong>eum.</strong></span> <span class='ocrx_word' id='word_1_246' title='bbox 1264 2818 1509 2893; x_wconf 74' lang='lat' dir='ltr'><strong>pratificcntem</strong></span> <span class='ocrx_word' id='word_1_247' title='bbox 1525 2819 1718 2879; x_wconf 78' lang='lat' dir='ltr'><strong>tabentibus</strong></span> <span class='ocrx_word' id='word_1_248' title='bbox 1735 2820 1825 2881; x_wconf 82' lang='lat' dir='ltr'><strong>insit.</strong></span> 
     </span>
    </p>

    <p class='ocr_par' dir='ltr' id='par_1_3' title="bbox 370 2907 2131 4853">
     <span class='ocr_line' id='line_1_25' title="bbox 408 2907 2130 2989; baseline 0.003 -20"><span class='ocrx_word' id='word_1_249' title='bbox 408 2907 692 2989; x_wconf 89' lang='lat' dir='ltr'><strong>Contemplandum</strong></span> <span class='ocrx_word' id='word_1_250' title='bbox 708 2916 756 2970; x_wconf 89' lang='lat' dir='ltr'><strong>est</strong></span> <span class='ocrx_word' id='word_1_251' title='bbox 769 2908 1023 2989; x_wconf 87' lang='lat' dir='ltr'><strong>equidem,quod</strong></span> <span class='ocrx_word' id='word_1_252' title='bbox 1034 2916 1119 2971; x_wconf 90' lang='lat' dir='ltr'><strong>actu·</strong></span> <span class='ocrx_word' id='word_1_253' title='bbox 2129 2984 2130 2989; x_wconf 46' lang='lat'><strong>.</strong></span> 
     </span>
     <span class='ocr_line' id='line_1_26' title="bbox 370 3002 2069 3135; baseline 0.005 -69"><span class='ocrx_word' id='word_1_254' title='bbox 370 3024 424 3066; x_wconf 90' lang='lat' dir='ltr'><strong>um</strong></span> <span class='ocrx_word' id='word_1_255' title='bbox 445 3004 657 3067; x_wconf 89' lang='lat' dir='ltr'><strong>bumanorum</strong></span> <span class='ocrx_word' id='word_1_256' title='bbox 681 3006 797 3088; x_wconf 89' lang='lat' dir='ltr'><strong>duplex</strong></span> <span class='ocrx_word' id='word_1_257' title='bbox 822 3013 871 3067; x_wconf 90' lang='lat' dir='ltr'><strong>cst</strong></span> <span class='ocrx_word' id='word_1_258' title='bbox 895 3005 1015 3086; x_wconf 84' lang='lat' dir='ltr'><strong>regula,</strong></span> <span class='ocrx_word' id='word_1_259' title='bbox 1033 3006 1118 3068; x_wconf 90' lang='lat' dir='ltr'><strong>scili·</strong></span> <span class='ocrx_word' id='word_1_260' title='bbox 1133 3004 1154 3067; x_wconf 85' lang='lat' dir='ltr'>C</span> <span class='ocrx_word' id='word_1_261' title='bbox 1243 3002 1415 3083; x_wconf 84' lang='lat' dir='ltr'>BERTIM(</span> <span class='ocrx_word' id='word_1_262' title='bbox 1416 3003 1442 3065; x_wconf 92' lang='lat' dir='ltr'><strong>si</strong></span> <span class='ocrx_word' id='word_1_263' title='bbox 1464 3002 1523 3067; x_wconf 89' lang='lat' dir='ltr'><strong>rite</strong></span> <span class='ocrx_word' id='word_1_264' title='bbox 1541 3004 1738 3083; x_wconf 91' lang='lat' dir='ltr'><strong>recordor)</strong></span> <span class='ocrx_word' id='word_1_265' title='bbox 1726 3024 1792 3086; x_wconf 86' lang='lat' dir='ltr'><strong>Jam</strong></span> <span class='ocrx_word' id='word_1_266' title='bbox 1816 3004 1923 3068; x_wconf 91' lang='lat' dir='ltr'><strong>fassus</strong></span> <span class='ocrx_word' id='word_1_267' title='bbox 1960 3034 2027 3073; x_wconf 63' lang='lat' dir='ltr'><strong>aaa</strong></span> <span class='ocrx_word' id='word_1_268' title='bbox 2041 3030 2069 3135; x_wconf 79' lang='lat' dir='ltr'><strong>nt</strong></span> 
     </span>
     <span class='ocr_line' id='line_1_27' title="bbox 371 3096 2008 3184; baseline 0.001 -19"><span class='ocrx_word' id='word_1_269' title='bbox 371 3110 445 3165; x_wconf 91' lang='lat' dir='ltr'><strong>cet:</strong></span> <span class='ocrx_word' id='word_1_270' title='bbox 462 3102 626 3180; x_wconf 89' lang='lat' dir='ltr'><strong>naturalis,</strong></span> <span class='ocrx_word' id='word_1_271' title='bbox 647 3122 717 3184; x_wconf 74' lang='lat' dir='ltr'><strong>quaa</strong></span> <span class='ocrx_word' id='word_1_272' title='bbox 742 3111 791 3165; x_wconf 90' lang='lat' dir='ltr'><strong>est</strong></span> <span class='ocrx_word' id='word_1_273' title='bbox 814 3103 905 3183; x_wconf 90' lang='lat' dir='ltr'><strong>ratio,</strong></span> <span class='ocrx_word' id='word_1_274' title='bbox 927 3112 958 3166; x_wconf 92' lang='grc' dir='ltr'><strong>ιι</strong></span> <span class='ocrx_word' id='word_1_275' title='bbox 982 3105 1028 3167; x_wconf 85' lang='grc' dir='ltr'><strong>ιιι</strong></span> <span class='ocrx_word' id='word_1_276' title='bbox 1053 3123 1117 3167; x_wconf 92' lang='lat' dir='ltr'><strong>non</strong></span> <span class='ocrx_word' id='word_1_277' title='bbox 1258 3101 1431 3178; x_wconf 90' lang='lat' dir='ltr'><strong>sum,d0na</strong></span> <span class='ocrx_word' id='word_1_278' title='bbox 1446 3100 1582 3182; x_wconf 87' lang='lat' dir='ltr'><strong>Spiritus</strong></span> <span class='ocrx_word' id='word_1_279' title='bbox 1597 3102 1704 3165; x_wconf 87' lang='lat' dir='ltr'><strong>Sancti</strong></span> <span class='ocrx_word' id='word_1_280' title='bbox 1718 3121 1782 3167; x_wconf 92' lang='lat' dir='ltr'><strong>non</strong></span> <span class='ocrx_word' id='word_1_281' title='bbox 1797 3096 2008 3167; x_wconf 67' lang='lat' dir='ltr'><strong>tantum·mu</strong></span> 
     </span>
     <span class='ocr_line' id='line_1_28' title="bbox 372 3198 1920 3283; baseline 0.003 -22"><span class='ocrx_word' id='word_1_282' title='bbox 372 3200 489 3262; x_wconf 88' lang='lat' dir='ltr'><strong>cadunt</strong></span> <span class='ocrx_word' id='word_1_283' title='bbox 514 3199 573 3262; x_wconf 92' lang='lat' dir='ltr'><strong>sub</strong></span> <span class='ocrx_word' id='word_1_284' title='bbox 597 3199 682 3276; x_wconf 83' lang='lat' dir='ltr'><strong>fide;</strong></span> <span class='ocrx_word' id='word_1_285' title='bbox 708 3208 739 3262; x_wconf 92' lang='grc' dir='ltr'><strong>ιι</strong></span> <span class='ocrx_word' id='word_1_286' title='bbox 764 3201 1024 3281; x_wconf 89' lang='lat' dir='ltr'><strong>supernaturalis,</strong></span> <span class='ocrx_word' id='word_1_287' title='bbox 1048 3220 1118 3283; x_wconf 77' lang='lat' dir='ltr'><strong>quae</strong></span> <span class='ocrx_word' id='word_1_288' title='bbox 1175 3198 1235 3259; x_wconf 92' lang='lat' dir='ltr'><strong>sibi</strong></span> <span class='ocrx_word' id='word_1_289' title='bbox 1251 3198 1304 3259; x_wconf 93' lang='lat' dir='ltr'><strong>sed</strong></span> <span class='ocrx_word' id='word_1_290' title='bbox 1320 3205 1351 3259; x_wconf 91' lang='lat' dir='ltr'><strong>et</strong></span> <span class='ocrx_word' id='word_1_291' title='bbox 1366 3198 1488 3260; x_wconf 91' lang='lat' dir='ltr'><strong>caritati</strong></span> <span class='ocrx_word' id='word_1_292' title='bbox 1503 3218 1539 3261; x_wconf 90' lang='lat' dir='ltr'><strong>ac</strong></span> <span class='ocrx_word' id='word_1_293' title='bbox 1552 3199 1661 3280; x_wconf 75' lang='lat' dir='ltr'><strong>gratie</strong></span> <span class='ocrx_word' id='word_1_294' title='bbox 1675 3219 1745 3264; x_wconf 91' lang='lat' dir='ltr'><strong>esse</strong></span> <span class='ocrx_word' id='word_1_295' title='bbox 1766 3220 1920 3265; x_wconf 86' lang='lat' dir='ltr'><strong>connexa.</strong></span> 
     </span>
     <span class='ocr_line' id='line_1_29' title="bbox 373 3296 1923 3378; baseline 0.002 -18"><span class='ocrx_word' id='word_1_296' title='bbox 373 3305 421 3360; x_wconf 91' lang='lat' dir='ltr'><strong>est</strong></span> <span class='ocrx_word' id='word_1_297' title='bbox 435 3296 486 3358; x_wconf 89' lang='lat' dir='ltr'><strong>lex</strong></span> <span class='ocrx_word' id='word_1_298' title='bbox 499 3296 618 3377; x_wconf 84' lang='lat' dir='ltr'><strong>drvrna,</strong></span> <span class='ocrx_word' id='word_1_299' title='bbox 634 3316 705 3378; x_wconf 75' lang='lat' dir='ltr'><strong>quaa</strong></span> <span class='ocrx_word' id='word_1_300' title='bbox 718 3299 811 3360; x_wconf 87' lang='lat' dir='ltr'><strong>docet</strong></span> <span class='ocrx_word' id='word_1_301' title='bbox 825 3315 883 3360; x_wconf 92' lang='lat' dir='ltr'><strong>nos</strong></span> <span class='ocrx_word' id='word_1_302' title='bbox 898 3307 987 3361; x_wconf 87' lang='lat' dir='ltr'><strong>actus</strong></span> <span class='ocrx_word' id='word_1_303' title='bbox 1008 3299 1121 3361; x_wconf 86' lang='lat' dir='ltr'><strong>hnma—</strong></span> <span class='ocrx_word' id='word_1_304' title='bbox 1174 3296 1370 3375; x_wconf 85' lang='lat' dir='ltr'><strong>Quicumque</strong></span> <span class='ocrx_word' id='word_1_305' title='bbox 1399 3314 1474 3377; x_wconf 85' lang='lat' dir='ltr'><strong>ergo</strong></span> <span class='ocrx_word' id='word_1_306' title='bbox 1502 3316 1602 3360; x_wconf 89' lang='lat' dir='ltr'><strong>unum</strong></span> <span class='ocrx_word' id='word_1_307' title='bbox 1637 3299 1757 3361; x_wconf 90' lang='lat' dir='ltr'><strong>donum</strong></span> <span class='ocrx_word' id='word_1_308' title='bbox 1791 3300 1923 3364; x_wconf 89' lang='lat' dir='ltr'><strong>sortitus</strong></span> 
     </span>
     <span class='ocr_line' id='line_1_30' title="bbox 374 3393 2131 3491; baseline 0.005 -35"><span class='ocrx_word' id='word_1_309' title='bbox 374 3412 432 3457; x_wconf 90' lang='lat' dir='ltr'><strong>nos</strong></span> <span class='ocrx_word' id='word_1_310' title='bbox 463 3396 504 3457; x_wconf 91' lang='lat' dir='ltr'><strong>ad</strong></span> <span class='ocrx_word' id='word_1_311' title='bbox 537 3403 686 3457; x_wconf 77' lang='lat' dir='ltr'><strong>eternam</strong></span> <span class='ocrx_word' id='word_1_312' title='bbox 714 3394 943 3459; x_wconf 89' lang='lat' dir='ltr'><strong>beatitudinem</strong></span> <span class='ocrx_word' id='word_1_313' title='bbox 971 3397 1119 3461; x_wconf 92' lang='lat' dir='ltr'><strong>ordinare</strong></span> <span class='ocrx_word' id='word_1_314' title='bbox 1174 3402 1232 3472; x_wconf 89' lang='lat' dir='ltr'><strong>est,</strong></span> <span class='ocrx_word' id='word_1_315' title='bbox 1249 3393 1356 3457; x_wconf 88' lang='lat' dir='ltr'><strong>omnia</strong></span> <span class='ocrx_word' id='word_1_316' title='bbox 1370 3394 1453 3457; x_wconf 91' lang='lat' dir='ltr'><strong>dona</strong></span> <span class='ocrx_word' id='word_1_317' title='bbox 1467 3394 1578 3472; x_wconf 84' lang='lat' dir='ltr'><strong>habet3</strong></span> <span class='ocrx_word' id='word_1_318' title='bbox 1595 3415 1704 3459; x_wconf 89' lang='lat' dir='ltr'><strong>rursus</strong></span> <span class='ocrx_word' id='word_1_319' title='bbox 1707 3398 1922 3481; x_wconf 87' lang='lat' dir='ltr'><strong>‚quicumque</strong></span> <span class='ocrx_word' id='word_1_320' title='bbox 2130 3428 2131 3491; x_wconf 74' lang='grc' dir='ltr'><strong>ι</strong></span> 
     </span>
     <span class='ocr_line' id='line_1_31' title="bbox 373 3492 2131 3579; baseline 0.006 -24"><span class='ocrx_word' id='word_1_321' title='bbox 373 3501 468 3574; x_wconf 88' lang='lat' dir='ltr'><strong>atque</strong></span> <span class='ocrx_word' id='word_1_322' title='bbox 482 3493 656 3556; x_wconf 89' lang='lat' dir='ltr'><strong>secundum</strong></span> <span class='ocrx_word' id='word_1_323' title='bbox 672 3493 760 3555; x_wconf 89' lang='lat' dir='ltr'><strong>rllrus</strong></span> <span class='ocrx_word' id='word_1_324' title='bbox 772 3494 962 3575; x_wconf 76' lang='lat' dir='ltr'><strong>exigentiam</strong></span> <span class='ocrx_word' id='word_1_325' title='bbox 976 3495 1119 3577; x_wconf 81' lang='lat' dir='ltr'><strong>regulare</strong></span> <span class='ocrx_word' id='word_1_326' title='bbox 1175 3493 1208 3554; x_wconf 91' lang='lat' dir='ltr'><strong>in</strong></span> <span class='ocrx_word' id='word_1_327' title='bbox 1232 3492 1362 3555; x_wconf 89' lang='lat' dir='ltr'><strong>caritate</strong></span> <span class='ocrx_word' id='word_1_328' title='bbox 1391 3500 1423 3554; x_wconf 91' lang='lat' dir='ltr'><strong>et</strong></span> <span class='ocrx_word' id='word_1_329' title='bbox 1449 3492 1551 3573; x_wconf 80' lang='lat' dir='ltr'><strong>gratia</strong></span> <span class='ocrx_word' id='word_1_330' title='bbox 1579 3503 1636 3575; x_wconf 89' lang='lat' dir='ltr'><strong>est,</strong></span> <span class='ocrx_word' id='word_1_331' title='bbox 1663 3496 1771 3559; x_wconf 90' lang='lat' dir='ltr'><strong>omnia</strong></span> <span class='ocrx_word' id='word_1_332' title='bbox 1795 3516 1922 3579; x_wconf 88' lang='lat' dir='ltr'><strong>quoque</strong></span> <span class='ocrx_word' id='word_1_333' title='bbox 2130 3524 2131 3565; x_wconf 87' lang='lat' dir='ltr'><strong>l</strong></span> 
     </span>
     <span class='ocr_line' id='line_1_32' title="bbox 374 3566 2131 3703; baseline 0.004 -51"><span class='ocrx_word' id='word_1_334' title='bbox 374 3590 441 3653; x_wconf 91' lang='lat' dir='ltr'><strong>sive</strong></span> <span class='ocrx_word' id='word_1_335' title='bbox 455 3590 644 3672; x_wconf 79' lang='lat' dir='ltr'><strong>dirigere,</strong></span> <span class='ocrx_word' id='word_1_336' title='bbox 620 3610 730 3672; x_wconf 77' lang='lat' dir='ltr'><strong>sicque</strong></span> <span class='ocrx_word' id='word_1_337' title='bbox 745 3592 863 3654; x_wconf 90' lang='lat' dir='ltr'><strong>cadunt</strong></span> <span class='ocrx_word' id='word_1_338' title='bbox 883 3591 942 3654; x_wconf 91' lang='lat' dir='ltr'><strong>sub</strong></span> <span class='ocrx_word' id='word_1_339' title='bbox 963 3592 1040 3656; x_wconf 89' lang='lat' dir='ltr'><strong>lide.</strong></span> <span class='ocrx_word' id='word_1_340' title='bbox 1058 3594 1119 3656; x_wconf 90' lang='lat' dir='ltr'><strong>Sed</strong></span> <span class='ocrx_word' id='word_1_341' title='bbox 1175 3591 1257 3653; x_wconf 91' lang='lat' dir='ltr'><strong>dona</strong></span> <span class='ocrx_word' id='word_1_342' title='bbox 1271 3608 1290 3651; x_wconf 92' lang='lat' dir='ltr'><strong>a</strong></span> <span class='ocrx_word' id='word_1_343' title='bbox 1305 3589 1424 3671; x_wconf 91' lang='lat' dir='ltr'><strong>Spiritu</strong></span> <span class='ocrx_word' id='word_1_344' title='bbox 1439 3590 1553 3654; x_wconf 88' lang='lat' dir='ltr'><strong>Sancto</strong></span> <span class='ocrx_word' id='word_1_345' title='bbox 1568 3592 1700 3703; x_wconf 81' lang='lat' dir='ltr'><strong>adeptus</strong></span> <span class='ocrx_word' id='word_1_346' title='bbox 1721 3602 1778 3657; x_wconf 89' lang='lat' dir='ltr'><strong>est.</strong></span> <span class='ocrx_word' id='word_1_347' title='bbox 1796 3595 1921 3659; x_wconf 84' lang='lat' dir='ltr'><strong>Clarum</strong></span> <span class='ocrx_word' id='word_1_348' title='bbox 2129 3566 2131 3617; x_wconf 66' lang='lat'>¹</span> 
     </span>
     <span class='ocr_line' id='line_1_33' title="bbox 373 3688 1923 3775; baseline 0.003 -24"><span class='ocrx_word' id='word_1_349' title='bbox 373 3689 447 3771; x_wconf 89' lang='lat' dir='ltr'><strong>quia</strong></span> <span class='ocrx_word' id='word_1_350' title='bbox 461 3709 480 3751; x_wconf 90' lang='lat' dir='ltr'><strong>a</strong></span> <span class='ocrx_word' id='word_1_351' title='bbox 493 3688 662 3771; x_wconf 88' lang='lat' dir='ltr'><strong>principali</strong></span> <span class='ocrx_word' id='word_1_352' title='bbox 677 3688 805 3771; x_wconf 86' lang='lat' dir='ltr'><strong>objecto</strong></span> <span class='ocrx_word' id='word_1_353' title='bbox 823 3690 1030 3772; x_wconf 80' lang='lat' dir='ltr'><strong>ultimamque</strong></span> <span class='ocrx_word' id='word_1_354' title='bbox 1052 3690 1120 3753; x_wconf 88' lang='lat' dir='ltr'><strong>linc</strong></span> <span class='ocrx_word' id='word_1_355' title='bbox 1175 3696 1223 3749; x_wconf 89' lang='lat' dir='ltr'><strong>est</strong></span> <span class='ocrx_word' id='word_1_356' title='bbox 1237 3706 1312 3769; x_wconf 81' lang='lat' dir='ltr'><strong>ergo</strong></span> <span class='ocrx_word' id='word_1_357' title='bbox 1331 3688 1482 3768; x_wconf 86' lang='lat' dir='ltr'><strong>quoniam</strong></span> <span class='ocrx_word' id='word_1_358' title='bbox 1505 3690 1610 3753; x_wconf 89' lang='lat' dir='ltr'><strong>omnis</strong></span> <span class='ocrx_word' id='word_1_359' title='bbox 1624 3692 1678 3774; x_wconf 93' lang='lat' dir='ltr'><strong>qui</strong></span> <span class='ocrx_word' id='word_1_360' title='bbox 1698 3692 1830 3773; x_wconf 81' lang='lat' dir='ltr'><strong>gratiam</strong></span> <span class='ocrx_word' id='word_1_361' title='bbox 1850 3714 1923 3775; x_wconf 84' lang='lat' dir='ltr'><strong>gra-</strong></span> 
     </span>
     <span class='ocr_line' id='line_1_34' title="bbox 372 3785 1922 3869; baseline 0.005 -21"><span class='ocrx_word' id='word_1_362' title='bbox 372 3786 500 3849; x_wconf 89' lang='lat' dir='ltr'><strong>babitus</strong></span> <span class='ocrx_word' id='word_1_363' title='bbox 515 3786 805 3850; x_wconf 88' lang='lat' dir='ltr'><strong>denominationem</strong></span> <span class='ocrx_word' id='word_1_364' title='bbox 826 3788 878 3850; x_wconf 89' lang='lat' dir='ltr'><strong>vel</strong></span> <span class='ocrx_word' id='word_1_365' title='bbox 900 3788 1040 3869; x_wconf 89' lang='lat' dir='ltr'><strong>speciem</strong></span> <span class='ocrx_word' id='word_1_366' title='bbox 1055 3808 1121 3851; x_wconf 78' lang='lat' dir='ltr'><strong>sor</strong></span> <span class='ocrx_word' id='word_1_367' title='bbox 1174 3794 1242 3848; x_wconf 88' lang='lat' dir='ltr'><strong>tum</strong></span> <span class='ocrx_word' id='word_1_368' title='bbox 1258 3785 1427 3848; x_wconf 80' lang='lat' dir='ltr'><strong>facientem</strong></span> <span class='ocrx_word' id='word_1_369' title='bbox 1442 3785 1548 3869; x_wconf 89' lang='lat' dir='ltr'><strong>babet,</strong></span> <span class='ocrx_word' id='word_1_370' title='bbox 1564 3788 1648 3852; x_wconf 89' lang='lat' dir='ltr'><strong>dono</strong></span> <span class='ocrx_word' id='word_1_371' title='bbox 1663 3790 1843 3853; x_wconf 90' lang='lat' dir='ltr'><strong>intellectus</strong></span> <span class='ocrx_word' id='word_1_372' title='bbox 1857 3811 1922 3856; x_wconf 95' lang='lat' dir='ltr'><strong>non</strong></span> 
     </span>
     <span class='ocr_line' id='line_1_35' title="bbox 373 3883 1271 3967; baseline -0.001 -20"><span class='ocrx_word' id='word_1_373' title='bbox 373 3885 460 3963; x_wconf 84' lang='lat' dir='ltr'><strong>titur,</strong></span> <span class='ocrx_word' id='word_1_374' title='bbox 477 3883 559 3962; x_wconf 89' lang='lat' dir='ltr'><strong>ideo,</strong></span> <span class='ocrx_word' id='word_1_375' title='bbox 576 3885 659 3946; x_wconf 92' lang='lat' dir='ltr'><strong>sicut</strong></span> <span class='ocrx_word' id='word_1_376' title='bbox 682 3884 722 3947; x_wconf 90' lang='lat' dir='ltr'><strong>de</strong></span> <span class='ocrx_word' id='word_1_377' title='bbox 746 3884 902 3967; x_wconf 91' lang='lat' dir='ltr'><strong>sapientia</strong></span> <span class='ocrx_word' id='word_1_378' title='bbox 926 3885 1047 3948; x_wconf 88' lang='lat' dir='ltr'><strong>dictum</strong></span> <span class='ocrx_word' id='word_1_379' title='bbox 1072 3895 1121 3949; x_wconf 88' lang='lat' dir='ltr'><strong>est</strong></span> <span class='ocrx_word' id='word_1_380' title='bbox 1176 3892 1271 3947; x_wconf 90' lang='lat' dir='ltr'><strong>caret.</strong></span> 
     </span>
     <span class='ocr_line' id='line_1_36' title="bbox 374 3981 1923 4070; baseline 0.006 -27"><span class='ocrx_word' id='word_1_381' title='bbox 374 3981 458 4063; x_wconf 91' lang='lat' dir='ltr'><strong>quod</strong></span> <span class='ocrx_word' id='word_1_382' title='bbox 478 3981 519 4043; x_wconf 89' lang='lat' dir='ltr'><strong>sit</strong></span> <span class='ocrx_word' id='word_1_383' title='bbox 540 3981 729 4063; x_wconf 88' lang='lat' dir='ltr'><strong>simpliciter</strong></span> <span class='ocrx_word' id='word_1_384' title='bbox 752 3982 958 4064; x_wconf 88' lang='lat' dir='ltr'><strong>speculativa,</strong></span> <span class='ocrx_word' id='word_1_385' title='bbox 974 3986 1120 4065; x_wconf 66' lang='grc' dir='ltr'>(ιιιιιιιιι</span> <span class='ocrx_word' id='word_1_386' title='bbox 1215 3983 1439 4045; x_wconf 85' lang='lat' dir='ltr'><strong>Verumtamen</strong></span> <span class='ocrx_word' id='word_1_387' title='bbox 1470 3982 1609 4047; x_wconf 87' lang='lat' dir='ltr'><strong>difficile</strong></span> <span class='ocrx_word' id='word_1_388' title='bbox 1637 3994 1713 4067; x_wconf 87' lang='lat' dir='ltr'><strong>puto</strong></span> <span class='ocrx_word' id='word_1_389' title='bbox 1740 3986 1801 4050; x_wconf 89' lang='lat' dir='ltr'><strong>boc</strong></span> <span class='ocrx_word' id='word_1_390' title='bbox 1829 4006 1923 4070; x_wconf 91' lang='lat' dir='ltr'><strong>posse</strong></span> 
     </span>
     <span class='ocr_line' id='line_1_37' title="bbox 375 4077 1922 4163; baseline 0.007 -23"><span class='ocrx_word' id='word_1_391' title='bbox 375 4097 432 4140; x_wconf 87' lang='lat' dir='ltr'><strong>sua</strong></span> <span class='ocrx_word' id='word_1_392' title='bbox 445 4077 561 4140; x_wconf 89' lang='lat' dir='ltr'><strong>virtute</strong></span> <span class='ocrx_word' id='word_1_393' title='bbox 576 4078 615 4140; x_wconf 90' lang='lat' dir='ltr'><strong>ad</strong></span> <span class='ocrx_word' id='word_1_394' title='bbox 630 4079 772 4161; x_wconf 89' lang='lat' dir='ltr'><strong>practica</strong></span> <span class='ocrx_word' id='word_1_395' title='bbox 786 4099 819 4142; x_wconf 90' lang='lat' dir='ltr'><strong>se</strong></span> <span class='ocrx_word' id='word_1_396' title='bbox 835 4081 1002 4160; x_wconf 90' lang='lat' dir='ltr'><strong>extendat;</strong></span> <span class='ocrx_word' id='word_1_397' title='bbox 1019 4082 1065 4145; x_wconf 91' lang='lat' dir='ltr'><strong>sic</strong></span> <span class='ocrx_word' id='word_1_398' title='bbox 1080 4083 1120 4145; x_wconf 92' lang='lat' dir='ltr'><strong>de</strong></span> <span class='ocrx_word' id='word_1_399' title='bbox 1176 4081 1368 4144; x_wconf 88' lang='lat' dir='ltr'><strong>concordare</strong></span> <span class='ocrx_word' id='word_1_400' title='bbox 1402 4081 1573 4163; x_wconf 73' lang='lat' dir='ltr'><strong>predictis.</strong></span> <span class='ocrx_word' id='word_1_401' title='bbox 1604 4083 1742 4147; x_wconf 89' lang='lat' dir='ltr'><strong>Pertinet</strong></span> <span class='ocrx_word' id='word_1_402' title='bbox 1768 4085 1853 4147; x_wconf 90' lang='lat' dir='ltr'><strong>enim</strong></span> <span class='ocrx_word' id='word_1_403' title='bbox 1883 4089 1922 4151; x_wconf 92' lang='lat' dir='ltr'><strong>ad</strong></span> 
     </span>
     <span class='ocr_line' id='line_1_38' title="bbox 375 4176 1923 4266; baseline 0.006 -28"><span class='ocrx_word' id='word_1_404' title='bbox 375 4176 459 4239; x_wconf 90' lang='lat' dir='ltr'><strong>dono</strong></span> <span class='ocrx_word' id='word_1_405' title='bbox 474 4176 653 4239; x_wconf 89' lang='lat' dir='ltr'><strong>intellectus</strong></span> <span class='ocrx_word' id='word_1_406' title='bbox 674 4196 814 4240; x_wconf 88' lang='lat' dir='ltr'><strong>asserere</strong></span> <span class='ocrx_word' id='word_1_407' title='bbox 833 4196 891 4259; x_wconf 91' lang='lat' dir='ltr'><strong>par</strong></span> <span class='ocrx_word' id='word_1_408' title='bbox 911 4186 960 4240; x_wconf 90' lang='lat' dir='ltr'><strong>est</strong></span> <span class='ocrx_word' id='word_1_409' title='bbox 976 4202 983 4241; x_wconf 92' lang='lat'>:</span> <span class='ocrx_word' id='word_1_410' title='bbox 1001 4180 1121 4261; x_wconf 89' lang='lat' dir='ltr'><strong>princi·</strong></span> <span class='ocrx_word' id='word_1_411' title='bbox 1137 4180 1160 4241; x_wconf 88' lang='grc' dir='ltr'><strong>Ι)</strong></span> <span class='ocrx_word' id='word_1_412' title='bbox 1175 4179 1294 4242; x_wconf 87' lang='lat' dir='ltr'><strong>donum</strong></span> <span class='ocrx_word' id='word_1_413' title='bbox 1320 4179 1501 4242; x_wconf 90' lang='lat' dir='ltr'><strong>intellectus</strong></span> <span class='ocrx_word' id='word_1_414' title='bbox 1525 4179 1603 4243; x_wconf 91' lang='lat' dir='ltr'><strong>fidei</strong></span> <span class='ocrx_word' id='word_1_415' title='bbox 1629 4181 1778 4245; x_wconf 90' lang='lat' dir='ltr'><strong>veritates</strong></span> <span class='ocrx_word' id='word_1_416' title='bbox 1806 4202 1923 4266; x_wconf 79' lang='lat' dir='ltr'><strong>cogno</strong></span> 
     </span>
     <span class='ocr_line' id='line_1_39' title="bbox 374 4246 2131 4360; baseline 0.006 -25"><span class='ocrx_word' id='word_1_417' title='bbox 374 4273 588 4356; x_wconf 87' lang='lat' dir='ltr'><strong>paliterenim</strong></span> <span class='ocrx_word' id='word_1_418' title='bbox 603 4275 642 4336; x_wconf 92' lang='lat' dir='ltr'><strong>ad</strong></span> <span class='ocrx_word' id='word_1_419' title='bbox 656 4274 838 4337; x_wconf 81' lang='lat' dir='ltr'><strong>divinorum</strong></span> <span class='ocrx_word' id='word_1_420' title='bbox 854 4275 913 4337; x_wconf 91' lang='lat' dir='ltr'><strong>sub</strong></span> <span class='ocrx_word' id='word_1_421' title='bbox 927 4276 993 4339; x_wconf 92' lang='lat' dir='ltr'><strong>lide</strong></span> <span class='ocrx_word' id='word_1_422' title='bbox 1007 4278 1121 4340; x_wconf 89' lang='lat' dir='ltr'><strong>caden—</strong></span> <span class='ocrx_word' id='word_1_423' title='bbox 1176 4294 1275 4352; x_wconf 90' lang='lat' dir='ltr'><strong>scere,</strong></span> <span class='ocrx_word' id='word_1_424' title='bbox 1301 4285 1478 4356; x_wconf 91' lang='lat' dir='ltr'><strong>penetrare,</strong></span> <span class='ocrx_word' id='word_1_425' title='bbox 1505 4278 1695 4360; x_wconf 89' lang='lat' dir='ltr'><strong>perspicere.</strong></span> <span class='ocrx_word' id='word_1_426' title='bbox 1722 4280 1786 4344; x_wconf 86' lang='lat' dir='ltr'><strong>Hoc</strong></span> <span class='ocrx_word' id='word_1_427' title='bbox 1815 4290 1921 4347; x_wconf 90' lang='lat' dir='ltr'><strong>autem</strong></span> <span class='ocrx_word' id='word_1_428' title='bbox 2129 4246 2131 4345; x_wconf 85' lang='lat' dir='ltr'><strong>i</strong></span> 
     </span>
     <span class='ocr_line' id='line_1_40' title="bbox 375 4372 1920 4461; baseline 0.007 -27"><span class='ocrx_word' id='word_1_429' title='bbox 375 4373 454 4434; x_wconf 90' lang='lat' dir='ltr'><strong>tium</strong></span> <span class='ocrx_word' id='word_1_430' title='bbox 489 4372 637 4435; x_wconf 90' lang='lat' dir='ltr'><strong>veritates</strong></span> <span class='ocrx_word' id='word_1_431' title='bbox 671 4372 909 4454; x_wconf 90' lang='lat' dir='ltr'><strong>perspiciendas</strong></span> <span class='ocrx_word' id='word_1_432' title='bbox 943 4374 1118 4453; x_wconf 91' lang='lat' dir='ltr'><strong>ordinatur,</strong></span> <span class='ocrx_word' id='word_1_433' title='bbox 1175 4374 1266 4435; x_wconf 89' lang='lat' dir='ltr'><strong>multi</strong></span> <span class='ocrx_word' id='word_1_434' title='bbox 1287 4373 1479 4456; x_wconf 90' lang='lat' dir='ltr'><strong>simpliciani</strong></span> <span class='ocrx_word' id='word_1_435' title='bbox 1505 4394 1569 4439; x_wconf 90' lang='lat' dir='ltr'><strong>non</strong></span> <span class='ocrx_word' id='word_1_436' title='bbox 1594 4377 1721 4455; x_wconf 91' lang='lat' dir='ltr'><strong>babent,</strong></span> <span class='ocrx_word' id='word_1_437' title='bbox 1738 4379 1793 4461; x_wconf 86' lang='lat' dir='ltr'><strong>qui</strong></span> <span class='ocrx_word' id='word_1_438' title='bbox 1814 4388 1920 4445; x_wconf 89' lang='lat' dir='ltr'><strong>tamen</strong></span> 
     </span>
     <span class='ocr_line' id='line_1_41' title="bbox 375 4470 1599 4555; baseline 0.002 -22"><span class='ocrx_word' id='word_1_439' title='bbox 375 4490 433 4534; x_wconf 90' lang='lat' dir='ltr'><strong>nec</strong></span> <span class='ocrx_word' id='word_1_440' title='bbox 449 4479 537 4533; x_wconf 88' lang='lat' dir='ltr'><strong>actus</strong></span> <span class='ocrx_word' id='word_1_441' title='bbox 552 4471 707 4533; x_wconf 90' lang='lat' dir='ltr'><strong>humanos</strong></span> <span class='ocrx_word' id='word_1_442' title='bbox 722 4470 902 4533; x_wconf 86' lang='lat' dir='ltr'><strong>considerat</strong></span> <span class='ocrx_word' id='word_1_443' title='bbox 915 4472 977 4533; x_wconf 90' lang='lat' dir='ltr'><strong>nisi</strong></span> <span class='ocrx_word' id='word_1_444' title='bbox 992 4482 1121 4555; x_wconf 86' lang='lat' dir='ltr'><strong>propter</strong></span> <span class='ocrx_word' id='word_1_445' title='bbox 1176 4471 1280 4533; x_wconf 89' lang='lat' dir='ltr'><strong>meriti</strong></span> <span class='ocrx_word' id='word_1_446' title='bbox 1303 4472 1411 4553; x_wconf 82' lang='lat' dir='ltr'><strong>magni</strong></span> <span class='ocrx_word' id='word_1_447' title='bbox 1433 4472 1599 4536; x_wconf 86' lang='lat' dir='ltr'><strong>exsistunt.</strong></span> 
     </span>
     <span class='ocr_line' id='line_1_42' title="bbox 374 4567 1923 4658; baseline 0.005 -27"><span class='ocrx_word' id='word_1_448' title='bbox 374 4569 459 4631; x_wconf 89' lang='lat' dir='ltr'><strong>bunc</strong></span> <span class='ocrx_word' id='word_1_449' title='bbox 488 4568 587 4631; x_wconf 89' lang='lat' dir='ltr'><strong>finem</strong></span> <span class='ocrx_word' id='word_1_450' title='bbox 617 4588 709 4631; x_wconf 89' lang='lat' dir='ltr'><strong>suurn</strong></span> <span class='ocrx_word' id='word_1_451' title='bbox 738 4567 943 4650; x_wconf 75' lang='lat' dir='ltr'><strong>precipuum.</strong></span> <span class='ocrx_word' id='word_1_452' title='bbox 975 4570 1061 4633; x_wconf 91' lang='lat' dir='ltr'><strong>Unde</strong></span> <span class='ocrx_word' id='word_1_453' title='bbox 1090 4580 1121 4633; x_wconf 93' lang='lat' dir='ltr'><strong>et</strong></span> <span class='ocrx_word' id='word_1_454' title='bbox 1214 4569 1252 4631; x_wconf 87' lang='lat' dir='ltr'><strong>Et</strong></span> <span class='ocrx_word' id='word_1_455' title='bbox 1267 4571 1532 4651; x_wconf 87' lang='lat' dir='ltr'><strong>respondendum,</strong></span> <span class='ocrx_word' id='word_1_456' title='bbox 1549 4573 1634 4654; x_wconf 93' lang='lat' dir='ltr'><strong>quod</strong></span> <span class='ocrx_word' id='word_1_457' title='bbox 1649 4574 1753 4637; x_wconf 92' lang='lat' dir='ltr'><strong>omnis</strong></span> <span class='ocrx_word' id='word_1_458' title='bbox 1775 4576 1829 4657; x_wconf 89' lang='lat' dir='ltr'><strong>qui</strong></span> <span class='ocrx_word' id='word_1_459' title='bbox 1850 4597 1923 4658; x_wconf 84' lang='lat' dir='ltr'><strong>gra-</strong></span> 
     </span>
     <span class='ocr_line' id='line_1_43' title="bbox 374 4666 1922 4752; baseline 0.007 -25"><span class='ocrx_word' id='word_1_460' title='bbox 374 4666 542 4728; x_wconf 80' lang='lat' dir='ltr'><strong>Anselnrus</strong></span> <span class='ocrx_word' id='word_1_461' title='bbox 560 4667 593 4728; x_wconf 91' lang='lat' dir='ltr'><strong>in</strong></span> <span class='ocrx_word' id='word_1_462' title='bbox 613 4666 696 4730; x_wconf 90' lang='lat' dir='ltr'><strong>libro</strong></span> <span class='ocrx_word' id='word_1_463' title='bbox 715 4666 754 4728; x_wconf 92' lang='lat' dir='ltr'><strong>de</strong></span> <span class='ocrx_word' id='word_1_464' title='bbox 774 4666 1055 4746; x_wconf 88' lang='lat' dir='ltr'><strong>Similitudinibus,</strong></span> <span class='ocrx_word' id='word_1_465' title='bbox 1071 4689 1120 4731; x_wconf 91' lang='lat' dir='ltr'><strong>as·</strong></span> <span class='ocrx_word' id='word_1_466' title='bbox 1176 4667 1252 4729; x_wconf 90' lang='lat' dir='ltr'><strong>tiam</strong></span> <span class='ocrx_word' id='word_1_467' title='bbox 1286 4667 1393 4745; x_wconf 88' lang='lat' dir='ltr'><strong>habet,</strong></span> <span class='ocrx_word' id='word_1_468' title='bbox 1429 4667 1548 4732; x_wconf 91' lang='lat' dir='ltr'><strong>donum</strong></span> <span class='ocrx_word' id='word_1_469' title='bbox 1580 4688 1707 4752; x_wconf 90' lang='lat' dir='ltr'><strong>quoque</strong></span> <span class='ocrx_word' id='word_1_470' title='bbox 1740 4673 1922 4739; x_wconf 90' lang='lat' dir='ltr'><strong>intellectus</strong></span> 
     </span>
     <span class='ocr_line' id='line_1_44' title="bbox 375 4763 1923 4853; baseline 0.007 -28"><span class='ocrx_word' id='word_1_471' title='bbox 375 4764 452 4827; x_wconf 91' lang='lat' dir='ltr'><strong>serit</strong></span> <span class='ocrx_word' id='word_1_472' title='bbox 470 4763 537 4826; x_wconf 84' lang='lat' dir='ltr'><strong>heac</strong></span> <span class='ocrx_word' id='word_1_473' title='bbox 561 4765 624 4827; x_wconf 89' lang='lat' dir='ltr'><strong>duo</strong></span> <span class='ocrx_word' id='word_1_474' title='bbox 647 4765 742 4842; x_wconf 90' lang='lat' dir='ltr'><strong>dona,</strong></span> <span class='ocrx_word' id='word_1_475' title='bbox 757 4764 908 4827; x_wconf 86' lang='lat' dir='ltr'><strong>videlicet</strong></span> <span class='ocrx_word' id='word_1_476' title='bbox 931 4766 1119 4847; x_wconf 89' lang='lat' dir='ltr'><strong>sapientiam</strong></span> <span class='ocrx_word' id='word_1_477' title='bbox 1176 4766 1295 4848; x_wconf 88' lang='lat' dir='ltr'><strong>recepit</strong></span> <span class='ocrx_word' id='word_1_478' title='bbox 1315 4774 1469 4847; x_wconf 89' lang='lat' dir='ltr'><strong>qnantum</strong></span> <span class='ocrx_word' id='word_1_479' title='bbox 1491 4767 1529 4829; x_wconf 91' lang='lat' dir='ltr'><strong>ad</strong></span> <span class='ocrx_word' id='word_1_480' title='bbox 1552 4786 1589 4830; x_wconf 88' lang='lat' dir='ltr'><strong>ea</strong></span> <span class='ocrx_word' id='word_1_481' title='bbox 1610 4788 1681 4849; x_wconf 77' lang='lat' dir='ltr'><strong>qua</strong></span> <span class='ocrx_word' id='word_1_482' title='bbox 1701 4770 1835 4853; x_wconf 85' lang='lat' dir='ltr'><strong>quisque</strong></span> <span class='ocrx_word' id='word_1_483' title='bbox 1860 4774 1923 4836; x_wconf 90' lang='lat' dir='ltr'><strong>sci-</strong></span> 
     </span>
    </p>

    <p class='ocr_par' dir='ltr' id='par_1_4' title="bbox 374 4862 1923 4951">
     <span class='ocr_line' id='line_1_45' title="bbox 374 4862 1923 4951; baseline 0.006 -26"><span class='ocrx_word' id='word_1_484' title='bbox 374 4870 407 4925; x_wconf 92' lang='lat' dir='ltr'><strong>et</strong></span> <span class='ocrx_word' id='word_1_485' title='bbox 429 4862 637 4940; x_wconf 89' lang='lat' dir='ltr'><strong>intellectum,</strong></span> <span class='ocrx_word' id='word_1_486' title='bbox 652 4863 692 4924; x_wconf 91' lang='lat' dir='ltr'><strong>ad</strong></span> <span class='ocrx_word' id='word_1_487' title='bbox 718 4862 814 4924; x_wconf 90' lang='lat' dir='ltr'><strong>vitam</strong></span> <span class='ocrx_word' id='word_1_488' title='bbox 839 4864 1119 4945; x_wconf 89' lang='lat' dir='ltr'><strong>contemplativam</strong></span> <span class='ocrx_word' id='word_1_489' title='bbox 1176 4882 1209 4927; x_wconf 89' lang='lat' dir='ltr'><strong>re</strong></span> <span class='ocrx_word' id='word_1_490' title='bbox 1224 4865 1273 4926; x_wconf 89' lang='lat' dir='ltr'><strong>vel</strong></span> <span class='ocrx_word' id='word_1_491' title='bbox 1289 4864 1417 4926; x_wconf 90' lang='lat' dir='ltr'><strong>credere</strong></span> <span class='ocrx_word' id='word_1_492' title='bbox 1432 4864 1600 4946; x_wconf 80' lang='lat' dir='ltr'><strong>obligatur.</strong></span> <span class='ocrx_word' id='word_1_493' title='bbox 1617 4866 1704 4929; x_wconf 88' lang='lat' dir='ltr'><strong>Multi</strong></span> <span class='ocrx_word' id='word_1_494' title='bbox 1723 4888 1839 4951; x_wconf 89' lang='lat' dir='ltr'><strong>nempe</strong></span> <span class='ocrx_word' id='word_1_495' title='bbox 1858 4871 1923 4934; x_wconf 93' lang='lat' dir='ltr'><strong>illi-</strong></span> 
     </span>
    </p>

    <p class='ocr_par' dir='ltr' id='par_1_5' title="bbox 375 4958 1921 5051">
     <span class='ocr_line' id='line_1_46' title="bbox 375 4958 1921 5051; baseline 0.007 -29"><span class='ocrx_word' id='word_1_496' title='bbox 375 4959 543 5041; x_wconf 89' lang='lat' dir='ltr'><strong>rcspicere.</strong></span> <span class='ocrx_word' id='word_1_497' title='bbox 564 4994 605 5003; x_wconf 93' lang='lat'>-</span> <span class='ocrx_word' id='word_1_498' title='bbox 624 4958 776 5040; x_wconf 83' lang='lat' dir='ltr'><strong>Denique,</strong></span> <span class='ocrx_word' id='word_1_499' title='bbox 792 4960 876 5040; x_wconf 89' lang='lat' dir='ltr'><strong>quod</strong></span> <span class='ocrx_word' id='word_1_500' title='bbox 898 4961 1059 5024; x_wconf 88' lang='lat' dir='ltr'><strong>inducitur</strong></span> <span class='ocrx_word' id='word_1_501' title='bbox 1079 4963 1119 5025; x_wconf 91' lang='lat' dir='ltr'><strong>de</strong></span> <span class='ocrx_word' id='word_1_502' title='bbox 1175 4962 1265 5025; x_wconf 82' lang='lat' dir='ltr'><strong>tanati</strong></span> <span class='ocrx_word' id='word_1_503' title='bbox 1294 4982 1332 5025; x_wconf 93' lang='lat' dir='ltr'><strong>ex</strong></span> <span class='ocrx_word' id='word_1_504' title='bbox 1365 4963 1489 5025; x_wconf 90' lang='lat' dir='ltr'><strong>interna</strong></span> <span class='ocrx_word' id='word_1_505' title='bbox 1522 4962 1757 5029; x_wconf 88' lang='lat' dir='ltr'><strong>illuminatione</strong></span> <span class='ocrx_word' id='word_1_506' title='bbox 1785 4966 1921 5051; x_wconf 86' lang='lat' dir='ltr'><strong>Spiritus</strong></span> 
     </span>
    </p>

    <p class='ocr_par' dir='ltr' id='par_1_6' title="bbox 373 5056 1923 5151">
     <span class='ocr_line' id='line_1_47' title="bbox 373 5056 1923 5151; baseline 0.006 -31"><span class='ocrx_word' id='word_1_507' title='bbox 373 5058 507 5135; x_wconf 86' lang='lat' dir='ltr'><strong>Psalmo,</strong></span> <span class='ocrx_word' id='word_1_508' title='bbox 529 5056 662 5135; x_wconf 90' lang='lat' dir='ltr'><strong>scilicet,</strong></span> <span class='ocrx_word' id='word_1_509' title='bbox 684 5057 866 5120; x_wconf 89' lang='lat' dir='ltr'><strong>Intellectus</strong></span> <span class='ocrx_word' id='word_1_510' title='bbox 890 5058 993 5121; x_wconf 91' lang='lat' dir='ltr'><strong>bonus</strong></span> <span class='ocrx_word' id='word_1_511' title='bbox 1017 5061 1120 5123; x_wconf 90' lang='lat' dir='ltr'><strong>omni·</strong></span> <span class='ocrx_word' id='word_1_512' title='bbox 1174 5060 1281 5123; x_wconf 89' lang='lat' dir='ltr'><strong>Sancti</strong></span> <span class='ocrx_word' id='word_1_513' title='bbox 1303 5060 1335 5122; x_wconf 94' lang='lat' dir='ltr'><strong>in</strong></span> <span class='ocrx_word' id='word_1_514' title='bbox 1358 5060 1424 5123; x_wconf 90' lang='lat' dir='ltr'><strong>fide</strong></span> <span class='ocrx_word' id='word_1_515' title='bbox 1444 5061 1622 5123; x_wconf 90' lang='lat' dir='ltr'><strong>firmissimi</strong></span> <span class='ocrx_word' id='word_1_516' title='bbox 1642 5072 1726 5143; x_wconf 90' lang='lat' dir='ltr'><strong>sunt,</strong></span> <span class='ocrx_word' id='word_1_517' title='bbox 1743 5084 1846 5147; x_wconf 87' lang='lat' dir='ltr'><strong>neque</strong></span> <span class='ocrx_word' id='word_1_518' title='bbox 1865 5088 1923 5151; x_wconf 90' lang='lat' dir='ltr'><strong>ap-</strong></span> 
     </span>
    </p>

    <p class='ocr_par' dir='ltr' id='par_1_7' title="bbox 373 5154 1922 5240">
     <span class='ocr_line' id='line_1_48' title="bbox 373 5154 1922 5240; baseline 0.008 -21"><span class='ocrx_word' id='word_1_519' title='bbox 373 5156 433 5219; x_wconf 89' lang='lat' dir='ltr'><strong>bns</strong></span> <span class='ocrx_word' id='word_1_520' title='bbox 459 5154 653 5219; x_wconf 88' lang='lat' dir='ltr'><strong>facientibus</strong></span> <span class='ocrx_word' id='word_1_521' title='bbox 680 5174 765 5233; x_wconf 89' lang='lat' dir='ltr'><strong>eum,</strong></span> <span class='ocrx_word' id='word_1_522' title='bbox 796 5174 860 5219; x_wconf 91' lang='lat' dir='ltr'><strong>non</strong></span> <span class='ocrx_word' id='word_1_523' title='bbox 885 5156 1007 5221; x_wconf 89' lang='lat' dir='ltr'><strong>obtinet</strong></span> <span class='ocrx_word' id='word_1_524' title='bbox 1034 5161 1118 5239; x_wconf 89' lang='lat' dir='ltr'><strong>qnod</strong></span> <span class='ocrx_word' id='word_1_525' title='bbox 1174 5166 1264 5240; x_wconf 91' lang='lat' dir='ltr'><strong>paret</strong></span> <span class='ocrx_word' id='word_1_526' title='bbox 1277 5158 1323 5221; x_wconf 87' lang='lat' dir='ltr'><strong>eis</strong></span> <span class='ocrx_word' id='word_1_527' title='bbox 1338 5158 1509 5240; x_wconf 87' lang='lat' dir='ltr'><strong>quidquam</strong></span> <span class='ocrx_word' id='word_1_528' title='bbox 1524 5166 1589 5222; x_wconf 90' lang='lat' dir='ltr'><strong>tam</strong></span> <span class='ocrx_word' id='word_1_529' title='bbox 1611 5179 1721 5225; x_wconf 90' lang='lat' dir='ltr'><strong>verum</strong></span> <span class='ocrx_word' id='word_1_530' title='bbox 1741 5183 1777 5227; x_wconf 91' lang='lat' dir='ltr'><strong>ac</strong></span> <span class='ocrx_word' id='word_1_531' title='bbox 1796 5174 1922 5233; x_wconf 88' lang='lat' dir='ltr'><strong>rectum</strong></span> 
     </span>
    </p>

    <p class='ocr_par' dir='ltr' id='par_1_8' title="bbox 372 4870 2131 5673">
     <span class='ocr_line' id='line_1_49' title="bbox 372 5251 1922 5339; baseline 0.007 -22"><span class='ocrx_word' id='word_1_532' title='bbox 372 5254 490 5319; x_wconf 87' lang='lat' dir='ltr'><strong>donum</strong></span> <span class='ocrx_word' id='word_1_533' title='bbox 513 5251 693 5316; x_wconf 90' lang='lat' dir='ltr'><strong>intellectus</strong></span> <span class='ocrx_word' id='word_1_534' title='bbox 708 5253 748 5317; x_wconf 93' lang='lat' dir='ltr'><strong>sit</strong></span> <span class='ocrx_word' id='word_1_535' title='bbox 762 5254 949 5335; x_wconf 90' lang='lat' dir='ltr'><strong>practicum.</strong></span> <span class='ocrx_word' id='word_1_536' title='bbox 966 5255 1012 5318; x_wconf 92' lang='lat' dir='ltr'><strong>lbi</strong></span> <span class='ocrx_word' id='word_1_537' title='bbox 1029 5256 1116 5319; x_wconf 90' lang='lat' dir='ltr'><strong>enim</strong></span> <span class='ocrx_word' id='word_1_538' title='bbox 1174 5263 1210 5318; x_wconf 91' lang='lat' dir='ltr'><strong>ut</strong></span> <span class='ocrx_word' id='word_1_539' title='bbox 1224 5254 1316 5336; x_wconf 93' lang='lat' dir='ltr'><strong>fides,</strong></span> <span class='ocrx_word' id='word_1_540' title='bbox 1332 5256 1478 5338; x_wconf 91' lang='lat' dir='ltr'><strong>quamvis</strong></span> <span class='ocrx_word' id='word_1_541' title='bbox 1493 5255 1554 5339; x_wconf 91' lang='lat' dir='ltr'><strong>ipsi</strong></span> <span class='ocrx_word' id='word_1_542' title='bbox 1570 5276 1681 5321; x_wconf 89' lang='lat' dir='ltr'><strong>causas</strong></span> <span class='ocrx_word' id='word_1_543' title='bbox 1703 5278 1758 5323; x_wconf 91' lang='lat' dir='ltr'><strong>seu</strong></span> <span class='ocrx_word' id='word_1_544' title='bbox 1780 5262 1922 5329; x_wconf 89' lang='lat' dir='ltr'><strong>rationes</strong></span> 
     </span>
     <span class='ocr_line' id='line_1_50' title="bbox 2129 5622 2131 5673; baseline 0 0"><span class='ocrx_word' id='word_1_545' title='bbox 2129 5622 2131 5673; x_wconf 91' lang='lat' dir='ltr'><strong>l</strong></span> 
     </span>
    </p>
   </div>
   <div class='ocr_carea' id='block_1_3' title="bbox 0 0 2161 6259">
    <p class='ocr_par' dir='ltr' id='par_1_9' title="bbox 0 0 2161 6259">
     <span class='ocr_line' id='line_1_51' title="bbox 0 0 2161 6259; baseline 0 0"><span class='ocrx_word' id='word_1_546' title='bbox 0 0 2161 6259; x_wconf 95' lang='lat' dir='ltr'><strong> </strong></span> 
     </span>
    </p>
   </div>
  </div>
 </body>
</html>
