<?xml version="1.0" encoding="UTF-8"?>
<!DOCTYPE html PUBLIC "-//W3C//DTD XHTML 1.0 Transitional//EN"
    "http://www.w3.org/TR/xhtml1/DTD/xhtml1-transitional.dtd">
<html xmlns="http://www.w3.org/1999/xhtml" xml:lang="en" lang="en">
 <head>
  <title>
</title>
<meta http-equiv="Content-Type" content="text/html;charset=utf-8" />
  <meta name='ocr-system' content='tesseract 3.04.00' />
  <meta name='ocr-capabilities' content='ocr_page ocr_carea ocr_par ocr_line ocrx_word'/>
</head>
<body>
  <div class='ocr_page' id='page_1' title='image "./doctorisecstati02unkngoog/doctorisecstati02unkngoog_0621.png"; bbox 0 0 4309 6259; ppageno 0'>
   <div class='ocr_carea' id='block_1_1' title="bbox 787 496 1714 562">
    <p class='ocr_par' dir='ltr' id='par_1_1' title="bbox 787 496 1714 562">
     <span class='ocr_line' id='line_1_1' title="bbox 787 496 1714 562; baseline 0.004 -5"><span class='ocrx_word' id='word_1_1' title='bbox 787 510 881 557; x_wconf 77' lang='lat' dir='ltr'><strong>utnnx</strong></span> <span class='ocrx_word' id='word_1_2' title='bbox 900 512 1090 560; x_wconf 77' lang='grc'><strong>99999999</strong></span> <span class='ocrx_word' id='word_1_3' title='bbox 1653 496 1714 562; x_wconf 87' lang='grc'><strong>599</strong></span> 
     </span>
    </p>
   </div>
   <div class='ocr_carea' id='block_1_2' title="bbox 198 679 932 5385">
    <p class='ocr_par' dir='ltr' id='par_1_2' title="bbox 198 679 918 1733">
     <span class='ocr_line' id='line_1_2' title="bbox 201 679 912 756; baseline 0 -18"><span class='ocrx_word' id='word_1_4' title='bbox 201 679 335 738; x_wconf 79' lang='lat' dir='ltr'><strong>animem</strong></span> <span class='ocrx_word' id='word_1_5' title='bbox 351 700 369 739; x_wconf 93' lang='lat' dir='ltr'><strong>a</strong></span> <span class='ocrx_word' id='word_1_6' title='bbox 387 683 414 738; x_wconf 92' lang='lat' dir='ltr'><strong>S.</strong></span> <span class='ocrx_word' id='word_1_7' title='bbox 429 681 576 748; x_wconf 86' lang='lat' dir='ltr'><strong>Trinitate,</strong></span> <span class='ocrx_word' id='word_1_8' title='bbox 591 684 674 750; x_wconf 87' lang='grc'><strong>944;</strong></span> <span class='ocrx_word' id='word_1_9' title='bbox 689 682 836 756; x_wconf 86' lang='lat' dir='ltr'><strong>siquidem</strong></span> <span class='ocrx_word' id='word_1_10' title='bbox 850 699 912 740; x_wconf 90' lang='lat' dir='ltr'><strong>cor·</strong></span> 
     </span>
     <span class='ocr_line' id='line_1_3' title="bbox 200 764 918 845; baseline 0 -18"><span class='ocrx_word' id='word_1_11' title='bbox 200 770 267 843; x_wconf 92' lang='lat' dir='ltr'><strong>pori</strong></span> <span class='ocrx_word' id='word_1_12' title='bbox 290 771 355 844; x_wconf 90' lang='lat' dir='ltr'><strong>ejus</strong></span> <span class='ocrx_word' id='word_1_13' title='bbox 378 764 413 828; x_wconf 86' lang='grc'><strong>49</strong></span> <span class='ocrx_word' id='word_1_14' title='bbox 430 771 550 829; x_wconf 90' lang='lat' dir='ltr'><strong>instanti</strong></span> <span class='ocrx_word' id='word_1_15' title='bbox 574 773 609 828; x_wconf 91' lang='lat' dir='ltr'><strong>de</strong></span> <span class='ocrx_word' id='word_1_16' title='bbox 632 772 798 844; x_wconf 90' lang='lat' dir='ltr'><strong>purissimis</strong></span> <span class='ocrx_word' id='word_1_17' title='bbox 821 772 918 845; x_wconf 78' lang='lat' dir='ltr'><strong>Virgi-</strong></span> 
     </span>
     <span class='ocr_line' id='line_1_4' title="bbox 200 860 914 933; baseline 0.001 -18"><span class='ocrx_word' id='word_1_18' title='bbox 200 860 250 915; x_wconf 92' lang='lat' dir='ltr'><strong>nis</strong></span> <span class='ocrx_word' id='word_1_19' title='bbox 272 861 466 933; x_wconf 77' lang='lat' dir='ltr'>sanguinibus</span> <span class='ocrx_word' id='word_1_20' title='bbox 489 860 623 928; x_wconf 87' lang='lat' dir='ltr'><strong>formato,</strong></span> <span class='ocrx_word' id='word_1_21' title='bbox 645 862 714 926; x_wconf 84' lang='grc'><strong>289,</strong></span> <span class='ocrx_word' id='word_1_22' title='bbox 728 863 799 927; x_wconf 87' lang='grc'><strong>899,</strong></span> <span class='ocrx_word' id='word_1_23' title='bbox 815 861 914 918; x_wconf 89' lang='lat' dir='ltr'><strong>statim</strong></span> 
     </span>
     <span class='ocr_line' id='line_1_5' title="bbox 199 949 916 1022; baseline 0.001 -17"><span class='ocrx_word' id='word_1_24' title='bbox 199 951 360 1022; x_wconf 80' lang='lat' dir='ltr'><strong>conjuncta</strong></span> <span class='ocrx_word' id='word_1_25' title='bbox 373 949 429 1008; x_wconf 87' lang='lat' dir='ltr'><strong>fuit</strong></span> <span class='ocrx_word' id='word_1_26' title='bbox 442 951 551 1015; x_wconf 89' lang='lat' dir='ltr'><strong>anima,</strong></span> <span class='ocrx_word' id='word_1_27' title='bbox 566 952 602 1006; x_wconf 89' lang='grc'><strong>28</strong></span> <span class='ocrx_word' id='word_1_28' title='bbox 609 952 638 1015; x_wconf 86' lang='lat' dir='ltr'><strong>C,</strong></span> <span class='ocrx_word' id='word_1_29' title='bbox 649 952 703 1007; x_wconf 92' lang='grc'><strong>498</strong></span> <span class='ocrx_word' id='word_1_30' title='bbox 709 952 748 1015; x_wconf 89' lang='grc'><strong>9,</strong></span> <span class='ocrx_word' id='word_1_31' title='bbox 759 954 788 1008; x_wconf 89' lang='grc'><strong>94</strong></span> <span class='ocrx_word' id='word_1_32' title='bbox 802 955 916 1007; x_wconf 90' lang='lat' dir='ltr'><strong>utrum·</strong></span> 
     </span>
     <span class='ocr_line' id='line_1_6' title="bbox 198 1040 917 1113; baseline -0.001 -17"><span class='ocrx_word' id='word_1_33' title='bbox 198 1056 258 1111; x_wconf 84' lang='lat' dir='ltr'><strong>que</strong></span> <span class='ocrx_word' id='word_1_34' title='bbox 271 1056 289 1095; x_wconf 93' lang='lat' dir='ltr'><strong>a</strong></span> <span class='ocrx_word' id='word_1_35' title='bbox 302 1040 389 1096; x_wconf 85' lang='lat' dir='ltr'>Verbi</span> <span class='ocrx_word' id='word_1_36' title='bbox 407 1056 532 1112; x_wconf 91' lang='lat' dir='ltr'><strong>persona</strong></span> <span class='ocrx_word' id='word_1_37' title='bbox 549 1043 593 1096; x_wconf 89' lang='lat' dir='ltr'><strong>est</strong></span> <span class='ocrx_word' id='word_1_38' title='bbox 606 1043 801 1113; x_wconf 87' lang='lat' dir='ltr'><strong>assumptum.</strong></span> <span class='ocrx_word' id='word_1_39' title='bbox 816 1040 917 1105; x_wconf 89' lang='grc'><strong>4989,</strong></span> 
     </span>
     <span class='ocr_line' id='line_1_7' title="bbox 199 1129 916 1201; baseline 0 -17"><span class='ocrx_word' id='word_1_40' title='bbox 199 1131 410 1201; x_wconf 85' lang='lat' dir='ltr'><strong>propterquod</strong></span> <span class='ocrx_word' id='word_1_41' title='bbox 429 1146 447 1185; x_wconf 90' lang='lat' dir='ltr'><strong>a</strong></span> <span class='ocrx_word' id='word_1_42' title='bbox 465 1129 642 1201; x_wconf 85' lang='lat' dir='ltr'><strong>quibusdam</strong></span> <span class='ocrx_word' id='word_1_43' title='bbox 663 1129 771 1186; x_wconf 90' lang='lat' dir='ltr'><strong>dicitur</strong></span> <span class='ocrx_word' id='word_1_44' title='bbox 788 1134 847 1187; x_wconf 89' lang='lat' dir='ltr'><strong>tres</strong></span> <span class='ocrx_word' id='word_1_45' title='bbox 865 1130 916 1185; x_wconf 87' lang='lat' dir='ltr'><strong>ha-</strong></span> 
     </span>
     <span class='ocr_line' id='line_1_8' title="bbox 199 1218 915 1284; baseline 0.001 -11"><span class='ocrx_word' id='word_1_46' title='bbox 199 1218 301 1275; x_wconf 89' lang='lat' dir='ltr'><strong>buisse</strong></span> <span class='ocrx_word' id='word_1_47' title='bbox 314 1222 435 1275; x_wconf 87' lang='lat' dir='ltr'><strong>naturas</strong></span> <span class='ocrx_word' id='word_1_48' title='bbox 445 1236 452 1273; x_wconf 90' lang='lat'>:</span> <span class='ocrx_word' id='word_1_49' title='bbox 463 1218 619 1275; x_wconf 89' lang='lat' dir='ltr'><strong>essentiam</strong></span> <span class='ocrx_word' id='word_1_50' title='bbox 636 1218 915 1284; x_wconf 83' lang='lat' dir='ltr'><strong>divinam,anlmam</strong></span> 
     </span>
     <span class='ocr_line' id='line_1_9' title="bbox 199 1307 918 1380; baseline -0.001 -17"><span class='ocrx_word' id='word_1_51' title='bbox 199 1311 232 1363; x_wconf 87' lang='lat' dir='ltr'><strong>ct</strong></span> <span class='ocrx_word' id='word_1_52' title='bbox 246 1324 375 1371; x_wconf 88' lang='lat' dir='ltr'><strong>carnem,</strong></span> <span class='ocrx_word' id='word_1_53' title='bbox 389 1309 462 1375; x_wconf 97' lang='grc'><strong>309,</strong></span> <span class='ocrx_word' id='word_1_54' title='bbox 478 1308 547 1380; x_wconf 91' lang='lat' dir='ltr'><strong>quia</strong></span> <span class='ocrx_word' id='word_1_55' title='bbox 560 1324 666 1380; x_wconf 89' lang='lat' dir='ltr'><strong>corpus</strong></span> <span class='ocrx_word' id='word_1_56' title='bbox 680 1324 739 1365; x_wconf 93' lang='lat' dir='ltr'><strong>non</strong></span> <span class='ocrx_word' id='word_1_57' title='bbox 755 1310 844 1364; x_wconf 91' lang='lat' dir='ltr'><strong>modo</strong></span> <span class='ocrx_word' id='word_1_58' title='bbox 857 1307 918 1364; x_wconf 92' lang='lat' dir='ltr'><strong>ani·</strong></span> 
     </span>
     <span class='ocr_line' id='line_1_10' title="bbox 200 1396 915 1460; baseline 0.003 -9"><span class='ocrx_word' id='word_1_59' title='bbox 200 1412 261 1452; x_wconf 75' lang='lat' dir='ltr'><strong>mae</strong></span> <span class='ocrx_word' id='word_1_60' title='bbox 276 1396 445 1453; x_wconf 90' lang='lat' dir='ltr'><strong>immediate</strong></span> <span class='ocrx_word' id='word_1_61' title='bbox 462 1396 579 1453; x_wconf 92' lang='lat' dir='ltr'><strong>unitum</strong></span> <span class='ocrx_word' id='word_1_62' title='bbox 599 1399 651 1460; x_wconf 90' lang='lat' dir='ltr'><strong>est,</strong></span> <span class='ocrx_word' id='word_1_63' title='bbox 670 1399 721 1453; x_wconf 90' lang='lat' dir='ltr'><strong>sed</strong></span> <span class='ocrx_word' id='word_1_64' title='bbox 739 1397 828 1453; x_wconf 90' lang='lat' dir='ltr'><strong>simul</strong></span> <span class='ocrx_word' id='word_1_65' title='bbox 847 1412 915 1453; x_wconf 92' lang='lat' dir='ltr'><strong>cum</strong></span> 
     </span>
     <span class='ocr_line' id='line_1_11' title="bbox 199 1484 917 1559; baseline -0.001 -16"><span class='ocrx_word' id='word_1_66' title='bbox 199 1502 237 1543; x_wconf 90' lang='lat' dir='ltr'><strong>ea</strong></span> <span class='ocrx_word' id='word_1_67' title='bbox 260 1486 354 1541; x_wconf 87' lang='lat' dir='ltr'><strong>Verbo</strong></span> <span class='ocrx_word' id='word_1_68' title='bbox 378 1484 485 1550; x_wconf 81' lang='lat' dir='ltr'><strong>divino,</strong></span> <span class='ocrx_word' id='word_1_69' title='bbox 500 1487 575 1541; x_wconf 91' lang='grc'><strong>644.</strong></span> <span class='ocrx_word' id='word_1_70' title='bbox 594 1517 631 1527; x_wconf 97' lang='grc'>-</span> <span class='ocrx_word' id='word_1_71' title='bbox 648 1486 719 1559; x_wconf 83' lang='lat' dir='ltr'><strong>ltjus</strong></span> <span class='ocrx_word' id='word_1_72' title='bbox 742 1484 917 1542; x_wconf 78' lang='lat' dir='ltr'><strong>describitur</strong></span> 
     </span>
     <span class='ocr_line' id='line_1_12' title="bbox 201 1573 915 1641; baseline 0 -11"><span class='ocrx_word' id='word_1_73' title='bbox 201 1573 377 1639; x_wconf 88' lang='lat' dir='ltr'><strong>incarnatio,</strong></span> <span class='ocrx_word' id='word_1_74' title='bbox 396 1575 488 1639; x_wconf 88' lang='grc'><strong>4989,</strong></span> <span class='ocrx_word' id='word_1_75' title='bbox 507 1577 536 1631; x_wconf 88' lang='grc'><strong>94</strong></span> <span class='ocrx_word' id='word_1_76' title='bbox 559 1574 703 1640; x_wconf 73' lang='lat' dir='ltr'><strong>nativitas,</strong></span> <span class='ocrx_word' id='word_1_77' title='bbox 720 1576 795 1641; x_wconf 86' lang='grc'><strong>999,</strong></span> <span class='ocrx_word' id='word_1_78' title='bbox 814 1574 915 1631; x_wconf 87' lang='grc'><strong>4999.</strong></span> 
     </span>
     <span class='ocr_line' id='line_1_13' title="bbox 200 1662 656 1733; baseline -0.002 -13"><span class='ocrx_word' id='word_1_79' title='bbox 200 1696 239 1705; x_wconf 93' lang='grc'>-</span> <span class='ocrx_word' id='word_1_80' title='bbox 254 1663 302 1733; x_wconf 80' lang='lat' dir='ltr'><strong>Cf.</strong></span> <span class='ocrx_word' id='word_1_81' title='bbox 319 1662 492 1729; x_wconf 89' lang='lat' dir='ltr'><strong>incarnatio,</strong></span> <span class='ocrx_word' id='word_1_82' title='bbox 507 1664 656 1721; x_wconf 84' lang='lat' dir='ltr'><strong>Nativitas.</strong></span> 
     </span>
    </p>

    <p class='ocr_par' dir='ltr' id='par_1_3' title="bbox 199 1752 932 5385">
     <span class='ocr_line' id='line_1_14' title="bbox 239 1752 918 1821; baseline -0.003 -11"><span class='ocrx_word' id='word_1_83' title='bbox 239 1756 337 1821; x_wconf 87' lang='lat' dir='ltr'><strong>Quum</strong></span> <span class='ocrx_word' id='word_1_84' title='bbox 354 1752 523 1809; x_wconf 89' lang='lat' dir='ltr'><strong>mediatoris</strong></span> <span class='ocrx_word' id='word_1_85' title='bbox 536 1753 665 1810; x_wconf 85' lang='lat' dir='ltr'><strong>officium</strong></span> <span class='ocrx_word' id='word_1_86' title='bbox 679 1752 861 1810; x_wconf 83' lang='lat' dir='ltr'><strong>exerciturus</strong></span> <span class='ocrx_word' id='word_1_87' title='bbox 873 1769 918 1809; x_wconf 90' lang='lat' dir='ltr'><strong>es·</strong></span> 
     </span>
     <span class='ocr_line' id='line_1_15' title="bbox 199 1841 918 1914; baseline -0.006 -15"><span class='ocrx_word' id='word_1_88' title='bbox 199 1846 256 1906; x_wconf 88' lang='lat' dir='ltr'><strong>set,</strong></span> <span class='ocrx_word' id='word_1_89' title='bbox 273 1841 371 1899; x_wconf 87' lang='lat' dir='ltr'><strong>decuit</strong></span> <span class='ocrx_word' id='word_1_90' title='bbox 382 1858 451 1898; x_wconf 89' lang='lat' dir='ltr'><strong>eum</strong></span> <span class='ocrx_word' id='word_1_91' title='bbox 471 1857 539 1898; x_wconf 89' lang='lat' dir='ltr'><strong>curn</strong></span> <span class='ocrx_word' id='word_1_92' title='bbox 559 1844 682 1914; x_wconf 86' lang='lat' dir='ltr'><strong>utroque</strong></span> <span class='ocrx_word' id='word_1_93' title='bbox 700 1844 831 1897; x_wconf 80' lang='lat' dir='ltr'><strong>extremo</strong></span> <span class='ocrx_word' id='word_1_94' title='bbox 849 1857 918 1896; x_wconf 92' lang='lat' dir='ltr'><strong>con-</strong></span> 
     </span>
     <span class='ocr_line' id='line_1_16' title="bbox 199 1929 918 1994; baseline -0.001 -8"><span class='ocrx_word' id='word_1_95' title='bbox 199 1930 382 1989; x_wconf 79' lang='lat' dir='ltr'><strong>venientiam</strong></span> <span class='ocrx_word' id='word_1_96' title='bbox 406 1931 521 1993; x_wconf 87' lang='lat' dir='ltr'><strong>habere,</strong></span> <span class='ocrx_word' id='word_1_97' title='bbox 541 1931 642 1994; x_wconf 87' lang='grc'><strong>2949,</strong></span> <span class='ocrx_word' id='word_1_98' title='bbox 665 1946 733 1986; x_wconf 90' lang='lat' dir='ltr'><strong>cum</strong></span> <span class='ocrx_word' id='word_1_99' title='bbox 755 1931 839 1987; x_wconf 90' lang='lat' dir='ltr'><strong>Patre</strong></span> <span class='ocrx_word' id='word_1_100' title='bbox 862 1929 918 1985; x_wconf 91' lang='lat' dir='ltr'><strong>im-</strong></span> 
     </span>
     <span class='ocr_line' id='line_1_17' title="bbox 202 2019 916 2092; baseline -0.003 -15"><span class='ocrx_word' id='word_1_101' title='bbox 202 2021 424 2083; x_wconf 80' lang='lat' dir='ltr'><strong>mortalitatem,</strong></span> <span class='ocrx_word' id='word_1_102' title='bbox 448 2036 516 2078; x_wconf 92' lang='lat' dir='ltr'><strong>cum</strong></span> <span class='ocrx_word' id='word_1_103' title='bbox 542 2020 662 2078; x_wconf 88' lang='lat' dir='ltr'><strong>homine</strong></span> <span class='ocrx_word' id='word_1_104' title='bbox 685 2019 916 2092; x_wconf 86' lang='lat' dir='ltr'><strong>passibilitatem,</strong></span> 
     </span>
     <span class='ocr_line' id='line_1_18' title="bbox 200 2108 920 2180; baseline -0.004 -14"><span class='ocrx_word' id='word_1_105' title='bbox 200 2112 258 2166; x_wconf 88' lang='grc'><strong>294</strong></span> <span class='ocrx_word' id='word_1_106' title='bbox 263 2111 296 2165; x_wconf 89' lang='grc'><strong>9</strong></span> <span class='ocrx_word' id='word_1_107' title='bbox 307 2127 314 2176; x_wconf 86' lang='lat'>;</span> <span class='ocrx_word' id='word_1_108' title='bbox 329 2110 465 2168; x_wconf 85' lang='lat' dir='ltr'><strong>similiter</strong></span> <span class='ocrx_word' id='word_1_109' title='bbox 478 2113 514 2168; x_wconf 90' lang='lat' dir='ltr'><strong>de</strong></span> <span class='ocrx_word' id='word_1_110' title='bbox 528 2112 607 2166; x_wconf 87' lang='lat' dir='ltr'><strong>statu</strong></span> <span class='ocrx_word' id='word_1_111' title='bbox 619 2108 794 2166; x_wconf 72' lang='lat' dir='ltr'><strong>innocentie</strong></span> <span class='ocrx_word' id='word_1_112' title='bbox 807 2109 920 2180; x_wconf 88' lang='lat' dir='ltr'><strong>accepit</strong></span> 
     </span>
     <span class='ocr_line' id='line_1_19' title="bbox 201 2198 920 2271; baseline 0.001 -18"><span class='ocrx_word' id='word_1_113' title='bbox 201 2198 425 2257; x_wconf 87' lang='lat' dir='ltr'><strong>immunitatem</strong></span> <span class='ocrx_word' id='word_1_114' title='bbox 449 2216 468 2256; x_wconf 95' lang='grc'><strong>9</strong></span> <span class='ocrx_word' id='word_1_115' title='bbox 490 2202 617 2271; x_wconf 89' lang='lat' dir='ltr'><strong>peccato,</strong></span> <span class='ocrx_word' id='word_1_116' title='bbox 642 2199 678 2254; x_wconf 90' lang='lat' dir='ltr'><strong>de</strong></span> <span class='ocrx_word' id='word_1_117' title='bbox 700 2201 778 2254; x_wconf 87' lang='lat' dir='ltr'><strong>statu</strong></span> <span class='ocrx_word' id='word_1_118' title='bbox 806 2201 920 2256; x_wconf 78' lang='lat' dir='ltr'><strong>naturis</strong></span> 
     </span>
     <span class='ocr_line' id='line_1_20' title="bbox 202 2287 920 2360; baseline 0 -17"><span class='ocrx_word' id='word_1_119' title='bbox 202 2288 297 2360; x_wconf 75' lang='lat' dir='ltr'><strong>tapsar</strong></span> <span class='ocrx_word' id='word_1_120' title='bbox 319 2288 538 2353; x_wconf 70' lang='lat' dir='ltr'><strong>mortalitatem,</strong></span> <span class='ocrx_word' id='word_1_121' title='bbox 554 2289 589 2344; x_wconf 91' lang='lat' dir='ltr'><strong>de</strong></span> <span class='ocrx_word' id='word_1_122' title='bbox 612 2290 691 2344; x_wconf 90' lang='lat' dir='ltr'><strong>statu</strong></span> <span class='ocrx_word' id='word_1_123' title='bbox 713 2287 814 2359; x_wconf 76' lang='lat' dir='ltr'><strong>glorie</strong></span> <span class='ocrx_word' id='word_1_124' title='bbox 836 2287 920 2343; x_wconf 85' lang='lat' dir='ltr'><strong>risio·</strong></span> 
     </span>
     <span class='ocr_line' id='line_1_21' title="bbox 201 2376 919 2449; baseline -0.001 -17"><span class='ocrx_word' id='word_1_125' title='bbox 201 2392 275 2433; x_wconf 91' lang='lat' dir='ltr'><strong>nem</strong></span> <span class='ocrx_word' id='word_1_126' title='bbox 298 2376 474 2441; x_wconf 83' lang='lat' dir='ltr'><strong>beatificam,</strong></span> <span class='ocrx_word' id='word_1_127' title='bbox 494 2377 592 2433; x_wconf 87' lang='grc'><strong>2949.</strong></span> <span class='ocrx_word' id='word_1_128' title='bbox 618 2408 651 2417; x_wconf 98' lang='grc'>-</span> <span class='ocrx_word' id='word_1_129' title='bbox 675 2377 718 2432; x_wconf 92' lang='grc'><strong>49</strong></span> <span class='ocrx_word' id='word_1_130' title='bbox 742 2376 827 2432; x_wconf 86' lang='grc'><strong>494449</strong></span> <span class='ocrx_word' id='word_1_131' title='bbox 850 2392 919 2449; x_wconf 84' lang='lat' dir='ltr'><strong>ergo</strong></span> 
     </span>
     <span class='ocr_line' id='line_1_22' title="bbox 202 2464 919 2537; baseline 0 -17"><span class='ocrx_word' id='word_1_132' title='bbox 202 2464 262 2521; x_wconf 91' lang='lat' dir='ltr'><strong>fuit</strong></span> <span class='ocrx_word' id='word_1_133' title='bbox 284 2465 520 2537; x_wconf 88' lang='lat' dir='ltr'><strong>comprehensor,</strong></span> <span class='ocrx_word' id='word_1_134' title='bbox 540 2465 622 2529; x_wconf 88' lang='grc'><strong>329,</strong></span> <span class='ocrx_word' id='word_1_135' title='bbox 642 2464 731 2521; x_wconf 89' lang='lat' dir='ltr'><strong>etiam</strong></span> <span class='ocrx_word' id='word_1_136' title='bbox 755 2466 919 2522; x_wconf 87' lang='lat' dir='ltr'><strong>secundum</strong></span> 
     </span>
     <span class='ocr_line' id='line_1_23' title="bbox 201 2554 921 2626; baseline -0.003 -16"><span class='ocrx_word' id='word_1_137' title='bbox 201 2558 344 2611; x_wconf 90' lang='lat' dir='ltr'><strong>naturam</strong></span> <span class='ocrx_word' id='word_1_138' title='bbox 363 2556 555 2626; x_wconf 72' lang='lat' dir='ltr'><strong>assumptam,</strong></span> <span class='ocrx_word' id='word_1_139' title='bbox 571 2555 664 2619; x_wconf 88' lang='grc'><strong>5254,</strong></span> <span class='ocrx_word' id='word_1_140' title='bbox 679 2557 708 2610; x_wconf 86' lang='grc'><strong>94</strong></span> <span class='ocrx_word' id='word_1_141' title='bbox 726 2570 787 2625; x_wconf 80' lang='grc'><strong>999</strong></span> <span class='ocrx_word' id='word_1_142' title='bbox 807 2554 921 2610; x_wconf 90' lang='grc'><strong>9999449</strong></span> 
     </span>
     <span class='ocr_line' id='line_1_24' title="bbox 202 2642 921 2707; baseline -0.006 -6"><span class='ocrx_word' id='word_1_143' title='bbox 202 2644 348 2701; x_wconf 81' lang='lat' dir='ltr'><strong>creaturis</strong></span> <span class='ocrx_word' id='word_1_144' title='bbox 370 2644 462 2700; x_wconf 84' lang='lat' dir='ltr'><strong>ileum</strong></span> <span class='ocrx_word' id='word_1_145' title='bbox 488 2642 663 2701; x_wconf 78' lang='lat' dir='ltr'><strong>excellenter</strong></span> <span class='ocrx_word' id='word_1_146' title='bbox 683 2643 764 2707; x_wconf 81' lang='lat' dir='ltr'><strong>vidit,</strong></span> <span class='ocrx_word' id='word_1_147' title='bbox 785 2643 872 2707; x_wconf 85' lang='grc'><strong>3850,</strong></span> <span class='ocrx_word' id='word_1_148' title='bbox 892 2647 921 2699; x_wconf 90' lang='grc'><strong>94</strong></span> 
     </span>
     <span class='ocr_line' id='line_1_25' title="bbox 203 2732 919 2807; baseline -0.007 -16"><span class='ocrx_word' id='word_1_149' title='bbox 203 2736 313 2791; x_wconf 89' lang='lat' dir='ltr'><strong>cuncta</strong></span> <span class='ocrx_word' id='word_1_150' title='bbox 327 2733 466 2807; x_wconf 74' lang='lat' dir='ltr'><strong>mysteria</strong></span> <span class='ocrx_word' id='word_1_151' title='bbox 480 2732 623 2804; x_wconf 83' lang='lat' dir='ltr'><strong>cognovit,</strong></span> <span class='ocrx_word' id='word_1_152' title='bbox 634 2733 688 2788; x_wconf 89' lang='grc'><strong>498</strong></span> <span class='ocrx_word' id='word_1_153' title='bbox 694 2733 735 2796; x_wconf 87' lang='grc'><strong>9,</strong></span> <span class='ocrx_word' id='word_1_154' title='bbox 747 2749 805 2789; x_wconf 90' lang='grc'><strong>999</strong></span> <span class='ocrx_word' id='word_1_155' title='bbox 819 2735 919 2788; x_wconf 83' lang='lat' dir='ltr'><strong>tamen</strong></span> 
     </span>
     <span class='ocr_line' id='line_1_26' title="bbox 203 2820 921 2893; baseline -0.007 -13"><span class='ocrx_word' id='word_1_156' title='bbox 203 2824 284 2881; x_wconf 91' lang='lat' dir='ltr'><strong>sicut</strong></span> <span class='ocrx_word' id='word_1_157' title='bbox 298 2822 414 2878; x_wconf 79' lang='lat' dir='ltr'><strong>divinus</strong></span> <span class='ocrx_word' id='word_1_158' title='bbox 429 2821 599 2885; x_wconf 82' lang='lat' dir='ltr'><strong>intellectus,</strong></span> <span class='ocrx_word' id='word_1_159' title='bbox 614 2823 708 2877; x_wconf 90' lang='grc'><strong>5254.</strong></span> <span class='ocrx_word' id='word_1_160' title='bbox 724 2821 840 2878; x_wconf 71' lang='lat' dir='ltr'><strong>Animae</strong></span> <span class='ocrx_word' id='word_1_161' title='bbox 857 2820 921 2893; x_wconf 88' lang='lat' dir='ltr'><strong>ejus</strong></span> 
     </span>
     <span class='ocr_line' id='line_1_27' title="bbox 203 2910 921 2971; baseline -0.007 -1"><span class='ocrx_word' id='word_1_162' title='bbox 203 2915 244 2971; x_wconf 87' lang='lat' dir='ltr'><strong>ab</strong></span> <span class='ocrx_word' id='word_1_163' title='bbox 263 2910 384 2968; x_wconf 80' lang='lat' dir='ltr'><strong>exordio</strong></span> <span class='ocrx_word' id='word_1_164' title='bbox 399 2912 475 2967; x_wconf 81' lang='lat' dir='ltr'><strong>datae</strong></span> <span class='ocrx_word' id='word_1_165' title='bbox 497 2914 567 2968; x_wconf 89' lang='lat' dir='ltr'><strong>sunt</strong></span> <span class='ocrx_word' id='word_1_166' title='bbox 584 2914 643 2968; x_wconf 86' lang='lat' dir='ltr'><strong>tres</strong></span> <span class='ocrx_word' id='word_1_167' title='bbox 666 2911 834 2967; x_wconf 90' lang='lat' dir='ltr'><strong>animarum</strong></span> <span class='ocrx_word' id='word_1_168' title='bbox 854 2910 921 2965; x_wconf 88' lang='lat' dir='ltr'><strong>bea·</strong></span> 
     </span>
     <span class='ocr_line' id='line_1_28' title="bbox 204 2998 920 3071; baseline -0.008 -12"><span class='ocrx_word' id='word_1_169' title='bbox 204 3007 307 3059; x_wconf 85' lang='lat' dir='ltr'><strong>tarum</strong></span> <span class='ocrx_word' id='word_1_170' title='bbox 333 3002 425 3064; x_wconf 90' lang='lat' dir='ltr'><strong>dotes,</strong></span> <span class='ocrx_word' id='word_1_171' title='bbox 449 3000 544 3064; x_wconf 88' lang='grc'><strong>3644,</strong></span> <span class='ocrx_word' id='word_1_172' title='bbox 568 2999 662 3071; x_wconf 77' lang='lat' dir='ltr'><strong>gratia</strong></span> <span class='ocrx_word' id='word_1_173' title='bbox 684 2998 747 3055; x_wconf 91' lang='lat' dir='ltr'><strong>sine</strong></span> <span class='ocrx_word' id='word_1_174' title='bbox 771 3015 920 3062; x_wconf 85' lang='lat' dir='ltr'><strong>mensura,</strong></span> 
     </span>
     <span class='ocr_line' id='line_1_29' title="bbox 203 3086 922 3161; baseline -0.01 -13"><span class='ocrx_word' id='word_1_175' title='bbox 203 3091 310 3155; x_wconf 79' lang='grc'><strong>4899,</strong></span> <span class='ocrx_word' id='word_1_176' title='bbox 325 3093 355 3146; x_wconf 88' lang='grc'><strong>94</strong></span> <span class='ocrx_word' id='word_1_177' title='bbox 375 3088 520 3160; x_wconf 85' lang='lat' dir='ltr'><strong>quidquid</strong></span> <span class='ocrx_word' id='word_1_178' title='bbox 543 3091 580 3144; x_wconf 91' lang='lat' dir='ltr'><strong>ad</strong></span> <span class='ocrx_word' id='word_1_179' title='bbox 604 3088 811 3161; x_wconf 77' lang='lat' dir='ltr'><strong>perfectionem</strong></span> <span class='ocrx_word' id='word_1_180' title='bbox 835 3086 922 3159; x_wconf 91' lang='lat' dir='ltr'><strong>perti·</strong></span> 
     </span>
     <span class='ocr_line' id='line_1_30' title="bbox 204 3176 921 3249; baseline -0.01 -12"><span class='ocrx_word' id='word_1_181' title='bbox 204 3184 266 3243; x_wconf 89' lang='lat' dir='ltr'><strong>net,</strong></span> <span class='ocrx_word' id='word_1_182' title='bbox 289 3179 389 3236; x_wconf 82' lang='grc'><strong>4989.</strong></span> <span class='ocrx_word' id='word_1_183' title='bbox 413 3178 468 3249; x_wconf 89' lang='grc'><strong>4994</strong></span> <span class='ocrx_word' id='word_1_184' title='bbox 492 3177 548 3234; x_wconf 88' lang='grc'><strong>4944</strong></span> <span class='ocrx_word' id='word_1_185' title='bbox 569 3178 742 3249; x_wconf 81' lang='lat' dir='ltr'><strong>quintuplex</strong></span> <span class='ocrx_word' id='word_1_186' title='bbox 769 3176 921 3249; x_wconf 89' lang='lat' dir='ltr'><strong>sapientia,</strong></span> 
     </span>
     <span class='ocr_line' id='line_1_31' title="bbox 204 3265 923 3332; baseline -0.007 -6"><span class='ocrx_word' id='word_1_187' title='bbox 204 3272 301 3330; x_wconf 92' lang='grc'><strong>5164,</strong></span> <span class='ocrx_word' id='word_1_188' title='bbox 317 3284 377 3325; x_wconf 88' lang='grc'><strong>999</strong></span> <span class='ocrx_word' id='word_1_189' title='bbox 400 3268 538 3332; x_wconf 86' lang='lat' dir='ltr'><strong>increata,</strong></span> <span class='ocrx_word' id='word_1_190' title='bbox 553 3267 655 3329; x_wconf 91' lang='grc'><strong>5459,</strong></span> <span class='ocrx_word' id='word_1_191' title='bbox 670 3270 729 3323; x_wconf 86' lang='lat' dir='ltr'><strong>tres</strong></span> <span class='ocrx_word' id='word_1_192' title='bbox 752 3270 856 3322; x_wconf 81' lang='lat' dir='ltr'><strong>creatae</strong></span> <span class='ocrx_word' id='word_1_193' title='bbox 879 3265 923 3321; x_wconf 94' lang='lat' dir='ltr'><strong>in·</strong></span> 
     </span>
     <span class='ocr_line' id='line_1_32' title="bbox 205 3355 924 3429; baseline -0.01 -15"><span class='ocrx_word' id='word_1_194' title='bbox 205 3358 291 3420; x_wconf 83' lang='lat' dir='ltr'><strong>fusce,</strong></span> <span class='ocrx_word' id='word_1_195' title='bbox 307 3356 415 3429; x_wconf 89' lang='lat' dir='ltr'><strong>quibus</strong></span> <span class='ocrx_word' id='word_1_196' title='bbox 428 3356 530 3411; x_wconf 90' lang='lat' dir='ltr'><strong>omnia</strong></span> <span class='ocrx_word' id='word_1_197' title='bbox 544 3356 574 3411; x_wconf 94' lang='lat' dir='ltr'><strong>in</strong></span> <span class='ocrx_word' id='word_1_198' title='bbox 589 3356 682 3411; x_wconf 87' lang='lat' dir='ltr'><strong>Verbo</strong></span> <span class='ocrx_word' id='word_1_199' title='bbox 695 3355 777 3419; x_wconf 79' lang='lat' dir='ltr'><strong>vidit,</strong></span> <span class='ocrx_word' id='word_1_200' title='bbox 793 3355 924 3417; x_wconf 69' lang='grc'><strong>516494</strong></span> 
     </span>
     <span class='ocr_line' id='line_1_33' title="bbox 206 3443 925 3516; baseline -0.013 -10"><span class='ocrx_word' id='word_1_201' title='bbox 206 3447 347 3506; x_wconf 86' lang='lat' dir='ltr'><strong>universa</strong></span> <span class='ocrx_word' id='word_1_202' title='bbox 359 3446 398 3502; x_wconf 89' lang='lat' dir='ltr'><strong>ad</strong></span> <span class='ocrx_word' id='word_1_203' title='bbox 412 3461 478 3516; x_wconf 78' lang='lat' dir='ltr'><strong>quse</strong></span> <span class='ocrx_word' id='word_1_204' title='bbox 492 3461 522 3501; x_wconf 90' lang='lat' dir='ltr'><strong>se</strong></span> <span class='ocrx_word' id='word_1_205' title='bbox 535 3444 666 3501; x_wconf 86' lang='lat' dir='ltr'><strong>extendit</strong></span> <span class='ocrx_word' id='word_1_206' title='bbox 676 3444 819 3500; x_wconf 89' lang='lat' dir='ltr'><strong>naturalis</strong></span> <span class='ocrx_word' id='word_1_207' title='bbox 829 3443 925 3498; x_wconf 89' lang='lat' dir='ltr'><strong>homi·</strong></span> 
     </span>
     <span class='ocr_line' id='line_1_34' title="bbox 208 3533 925 3607; baseline -0.006 -14"><span class='ocrx_word' id='word_1_208' title='bbox 208 3535 514 3607; x_wconf 80' lang='lat' dir='ltr'><strong>nispotestas,ttl61t,</strong></span> <span class='ocrx_word' id='word_1_209' title='bbox 530 3537 559 3589; x_wconf 87' lang='grc'><strong>94</strong></span> <span class='ocrx_word' id='word_1_210' title='bbox 579 3534 680 3590; x_wconf 90' lang='lat' dir='ltr'><strong>omnia</strong></span> <span class='ocrx_word' id='word_1_211' title='bbox 699 3533 797 3589; x_wconf 81' lang='lat' dir='ltr'><strong>divina</strong></span> <span class='ocrx_word' id='word_1_212' title='bbox 819 3536 925 3604; x_wconf 76' lang='lat' dir='ltr'><strong>myste-</strong></span> 
     </span>
     <span class='ocr_line' id='line_1_35' title="bbox 207 3622 924 3695; baseline -0.01 -12"><span class='ocrx_word' id='word_1_213' title='bbox 207 3627 265 3689; x_wconf 89' lang='lat' dir='ltr'><strong>ria,</strong></span> <span class='ocrx_word' id='word_1_214' title='bbox 284 3626 378 3686; x_wconf 89' lang='grc'><strong>5464,</strong></span> <span class='ocrx_word' id='word_1_215' title='bbox 398 3622 456 3679; x_wconf 87' lang='grc'><strong>9149</strong></span> <span class='ocrx_word' id='word_1_216' title='bbox 480 3623 600 3679; x_wconf 90' lang='lat' dir='ltr'><strong>demum</strong></span> <span class='ocrx_word' id='word_1_217' title='bbox 624 3622 867 3695; x_wconf 84' lang='lat' dir='ltr'><strong>experimentalis,</strong></span> <span class='ocrx_word' id='word_1_218' title='bbox 894 3622 924 3676; x_wconf 94' lang='lat' dir='ltr'><strong>in</strong></span> 
     </span>
     <span class='ocr_line' id='line_1_36' title="bbox 210 3711 925 3789; baseline -0.01 -17"><span class='ocrx_word' id='word_1_219' title='bbox 210 3732 271 3789; x_wconf 87' lang='lat' dir='ltr'><strong>qua</strong></span> <span class='ocrx_word' id='word_1_220' title='bbox 293 3712 432 3786; x_wconf 88' lang='lat' dir='ltr'><strong>proficere</strong></span> <span class='ocrx_word' id='word_1_221' title='bbox 455 3711 557 3784; x_wconf 90' lang='lat' dir='ltr'><strong>potuit,</strong></span> <span class='ocrx_word' id='word_1_222' title='bbox 573 3711 664 3767; x_wconf 89' lang='grc'><strong>5164.</strong></span> <span class='ocrx_word' id='word_1_223' title='bbox 684 3742 720 3753; x_wconf 95' lang='grc'>-</span> <span class='ocrx_word' id='word_1_224' title='bbox 740 3711 781 3766; x_wconf 91' lang='grc'><strong>49</strong></span> <span class='ocrx_word' id='word_1_225' title='bbox 804 3711 925 3767; x_wconf 78' lang='lat' dir='ltr'><strong>exordio</strong></span> 
     </span>
     <span class='ocr_line' id='line_1_37' title="bbox 210 3800 925 3873; baseline -0.007 -13"><span class='ocrx_word' id='word_1_226' title='bbox 210 3805 269 3861; x_wconf 87' lang='lat' dir='ltr'><strong>fuit</strong></span> <span class='ocrx_word' id='word_1_227' title='bbox 282 3804 334 3867; x_wconf 85' lang='lat' dir='ltr'><strong>vir,</strong></span> <span class='ocrx_word' id='word_1_228' title='bbox 350 3820 408 3859; x_wconf 94' lang='lat' dir='ltr'><strong>non</strong></span> <span class='ocrx_word' id='word_1_229' title='bbox 423 3800 553 3873; x_wconf 91' lang='lat' dir='ltr'><strong>corporis</strong></span> <span class='ocrx_word' id='word_1_230' title='bbox 566 3800 735 3873; x_wconf 83' lang='lat' dir='ltr'><strong>quantitate,</strong></span> <span class='ocrx_word' id='word_1_231' title='bbox 746 3802 796 3857; x_wconf 93' lang='lat' dir='ltr'><strong>sed</strong></span> <span class='ocrx_word' id='word_1_232' title='bbox 811 3800 925 3871; x_wconf 89' lang='lat' dir='ltr'><strong>sapien-</strong></span> 
     </span>
     <span class='ocr_line' id='line_1_38' title="bbox 210 3889 924 3961; baseline -0.008 -11"><span class='ocrx_word' id='word_1_233' title='bbox 210 3895 263 3950; x_wconf 78' lang='lat' dir='ltr'><strong>tie</strong></span> <span class='ocrx_word' id='word_1_234' title='bbox 289 3896 318 3949; x_wconf 89' lang='lat' dir='ltr'><strong>et</strong></span> <span class='ocrx_word' id='word_1_235' title='bbox 342 3892 483 3949; x_wconf 83' lang='lat' dir='ltr'><strong>virtutum</strong></span> <span class='ocrx_word' id='word_1_236' title='bbox 512 3889 693 3961; x_wconf 80' lang='lat' dir='ltr'><strong>perfectione,</strong></span> <span class='ocrx_word' id='word_1_237' title='bbox 717 3890 798 3955; x_wconf 88' lang='grc'><strong>229,</strong></span> <span class='ocrx_word' id='word_1_238' title='bbox 823 3890 924 3952; x_wconf 90' lang='grc'><strong>4949,</strong></span> 
     </span>
     <span class='ocr_line' id='line_1_39' title="bbox 210 3979 925 4051; baseline -0.007 -12"><span class='ocrx_word' id='word_1_239' title='bbox 210 3983 311 4047; x_wconf 87' lang='grc'><strong>4989,</strong></span> <span class='ocrx_word' id='word_1_240' title='bbox 327 3984 355 4038; x_wconf 91' lang='grc'><strong>94</strong></span> <span class='ocrx_word' id='word_1_241' title='bbox 369 3979 507 4037; x_wconf 85' lang='lat' dir='ltr'><strong>omnibus</strong></span> <span class='ocrx_word' id='word_1_242' title='bbox 525 3980 652 4051; x_wconf 90' lang='lat' dir='ltr'><strong>repletus</strong></span> <span class='ocrx_word' id='word_1_243' title='bbox 668 3979 833 4043; x_wconf 82' lang='lat' dir='ltr'><strong>virtutibus,</strong></span> <span class='ocrx_word' id='word_1_244' title='bbox 848 3979 925 4043; x_wconf 88' lang='grc'><strong>504,</strong></span> 
     </span>
     <span class='ocr_line' id='line_1_40' title="bbox 211 4067 926 4139; baseline -0.006 -12"><span class='ocrx_word' id='word_1_245' title='bbox 211 4073 246 4128; x_wconf 89' lang='grc'><strong>49</strong></span> <span class='ocrx_word' id='word_1_246' title='bbox 260 4086 379 4127; x_wconf 90' lang='lat' dir='ltr'><strong>summo</strong></span> <span class='ocrx_word' id='word_1_247' title='bbox 392 4067 926 4139; x_wconf 60' lang='grc'><strong>999999914999969986999999449-</strong></span> 
     </span>
     <span class='ocr_line' id='line_1_41' title="bbox 212 4155 928 4227; baseline -0.008 -11"><span class='ocrx_word' id='word_1_248' title='bbox 212 4161 281 4217; x_wconf 89' lang='lat' dir='ltr'><strong>liter</strong></span> <span class='ocrx_word' id='word_1_249' title='bbox 294 4161 422 4221; x_wconf 89' lang='lat' dir='ltr'><strong>sanctus,</strong></span> <span class='ocrx_word' id='word_1_250' title='bbox 438 4156 516 4220; x_wconf 90' lang='grc'><strong>249,</strong></span> <span class='ocrx_word' id='word_1_251' title='bbox 533 4172 685 4227; x_wconf 84' lang='lat' dir='ltr'><strong>uunquam</strong></span> <span class='ocrx_word' id='word_1_252' title='bbox 701 4156 731 4211; x_wconf 94' lang='lat' dir='ltr'><strong>in</strong></span> <span class='ocrx_word' id='word_1_253' title='bbox 747 4156 863 4227; x_wconf 88' lang='lat' dir='ltr'><strong>culpam</strong></span> <span class='ocrx_word' id='word_1_254' title='bbox 877 4155 928 4211; x_wconf 92' lang='lat' dir='ltr'><strong>ali-</strong></span> 
     </span>
     <span class='ocr_line' id='line_1_42' title="bbox 213 4245 928 4322; baseline -0.007 -15"><span class='ocrx_word' id='word_1_255' title='bbox 213 4266 304 4322; x_wconf 89' lang='lat' dir='ltr'><strong>quam</strong></span> <span class='ocrx_word' id='word_1_256' title='bbox 324 4248 477 4321; x_wconf 90' lang='lat' dir='ltr'><strong>prolapsus</strong></span> <span class='ocrx_word' id='word_1_257' title='bbox 490 4249 542 4309; x_wconf 89' lang='lat' dir='ltr'><strong>est,</strong></span> <span class='ocrx_word' id='word_1_258' title='bbox 553 4246 631 4311; x_wconf 89' lang='grc'><strong>319,</strong></span> <span class='ocrx_word' id='word_1_259' title='bbox 646 4249 675 4302; x_wconf 87' lang='grc'><strong>94</strong></span> <span class='ocrx_word' id='word_1_260' title='bbox 693 4246 827 4318; x_wconf 86' lang='lat' dir='ltr'><strong>quamvis</strong></span> <span class='ocrx_word' id='word_1_261' title='bbox 845 4245 928 4302; x_wconf 88' lang='lat' dir='ltr'><strong>inde·</strong></span> 
     </span>
     <span class='ocr_line' id='line_1_43' title="bbox 212 4334 926 4409; baseline -0.006 -15"><span class='ocrx_word' id='word_1_262' title='bbox 212 4337 365 4394; x_wconf 90' lang='lat' dir='ltr'><strong>trahibiles</strong></span> <span class='ocrx_word' id='word_1_263' title='bbox 378 4340 492 4392; x_wconf 78' lang='lat' dir='ltr'><strong>naturae</strong></span> <span class='ocrx_word' id='word_1_264' title='bbox 500 4334 693 4409; x_wconf 79' lang='lat' dir='ltr'><strong>assumpserit</strong></span> <span class='ocrx_word' id='word_1_265' title='bbox 702 4334 880 4399; x_wconf 86' lang='lat' dir='ltr'><strong>delectas,3l</strong></span> <span class='ocrx_word' id='word_1_266' title='bbox 888 4335 926 4399; x_wconf 91' lang='grc'><strong>9,</strong></span> 
     </span>
     <span class='ocr_line' id='line_1_44' title="bbox 212 4422 930 4497; baseline -0.006 -14"><span class='ocrx_word' id='word_1_267' title='bbox 212 4426 318 4491; x_wconf 90' lang='grc'><strong>4949,</strong></span> <span class='ocrx_word' id='word_1_268' title='bbox 332 4427 362 4481; x_wconf 89' lang='grc'><strong>94</strong></span> <span class='ocrx_word' id='word_1_269' title='bbox 384 4423 542 4497; x_wconf 84' lang='lat' dir='ltr'><strong>passiones,</strong></span> <span class='ocrx_word' id='word_1_270' title='bbox 556 4423 657 4487; x_wconf 92' lang='grc'><strong>2839,</strong></span> <span class='ocrx_word' id='word_1_271' title='bbox 676 4439 829 4495; x_wconf 86' lang='lat' dir='ltr'><strong>nunquam</strong></span> <span class='ocrx_word' id='word_1_272' title='bbox 853 4422 930 4479; x_wconf 90' lang='lat' dir='ltr'><strong>inor·</strong></span> 
     </span>
     <span class='ocr_line' id='line_1_45' title="bbox 214 4511 927 4587; baseline -0.01 -14"><span class='ocrx_word' id='word_1_273' title='bbox 214 4516 350 4573; x_wconf 88' lang='lat' dir='ltr'><strong>dinatum</strong></span> <span class='ocrx_word' id='word_1_274' title='bbox 374 4513 543 4587; x_wconf 89' lang='lat' dir='ltr'><strong>psssionnm</strong></span> <span class='ocrx_word' id='word_1_275' title='bbox 573 4516 687 4569; x_wconf 89' lang='lat' dir='ltr'><strong>motum</strong></span> <span class='ocrx_word' id='word_1_276' title='bbox 713 4511 812 4575; x_wconf 89' lang='lat' dir='ltr'><strong>sensit,</strong></span> <span class='ocrx_word' id='word_1_277' title='bbox 837 4512 927 4577; x_wconf 84' lang='grc'><strong>319’;</strong></span> 
     </span>
     <span class='ocr_line' id='line_1_46' title="bbox 214 4600 930 4673; baseline -0.01 -12"><span class='ocrx_word' id='word_1_278' title='bbox 214 4606 295 4662; x_wconf 92' lang='lat' dir='ltr'><strong>unde</strong></span> <span class='ocrx_word' id='word_1_279' title='bbox 309 4606 343 4661; x_wconf 87' lang='grc'><strong>94</strong></span> <span class='ocrx_word' id='word_1_280' title='bbox 355 4604 444 4659; x_wconf 89' lang='lat' dir='ltr'><strong>homo</strong></span> <span class='ocrx_word' id='word_1_281' title='bbox 463 4601 527 4658; x_wconf 92' lang='lat' dir='ltr'><strong>sine</strong></span> <span class='ocrx_word' id='word_1_282' title='bbox 546 4602 758 4673; x_wconf 87' lang='lat' dir='ltr'><strong>interruptione</strong></span> <span class='ocrx_word' id='word_1_283' title='bbox 777 4600 930 4657; x_wconf 88' lang='lat' dir='ltr'><strong>actualiter</strong></span> 
     </span>
     <span class='ocr_line' id='line_1_47' title="bbox 215 4689 931 4763; baseline -0.011 -12"><span class='ocrx_word' id='word_1_284' title='bbox 215 4693 335 4758; x_wconf 91' lang='lat' dir='ltr'><strong>meruit,</strong></span> <span class='ocrx_word' id='word_1_285' title='bbox 350 4692 447 4757; x_wconf 90' lang='grc'><strong>2469,</strong></span> <span class='ocrx_word' id='word_1_286' title='bbox 464 4694 555 4748; x_wconf 88' lang='lat' dir='ltr'><strong>ileum</strong></span> <span class='ocrx_word' id='word_1_287' title='bbox 576 4690 642 4763; x_wconf 90' lang='lat' dir='ltr'><strong>plus</strong></span> <span class='ocrx_word' id='word_1_288' title='bbox 656 4707 745 4763; x_wconf 88' lang='lat' dir='ltr'><strong>quam</strong></span> <span class='ocrx_word' id='word_1_289' title='bbox 765 4693 877 4746; x_wconf 75' lang='lat' dir='ltr'><strong>cunctae</strong></span> <span class='ocrx_word' id='word_1_290' title='bbox 891 4689 931 4744; x_wconf 91' lang='lat' dir='ltr'><strong>si-</strong></span> 
     </span>
     <span class='ocr_line' id='line_1_48' title="bbox 216 4778 929 4843; baseline -0.01 -4"><span class='ocrx_word' id='word_1_291' title='bbox 216 4782 281 4839; x_wconf 89' lang='lat' dir='ltr'><strong>mul</strong></span> <span class='ocrx_word' id='word_1_292' title='bbox 294 4786 435 4838; x_wconf 76' lang='lat' dir='ltr'><strong>creaturae</strong></span> <span class='ocrx_word' id='word_1_293' title='bbox 445 4779 556 4843; x_wconf 84' lang='lat' dir='ltr'><strong>dilexit,</strong></span> <span class='ocrx_word' id='word_1_294' title='bbox 567 4779 656 4843; x_wconf 90' lang='grc'><strong>3609,</strong></span> <span class='ocrx_word' id='word_1_295' title='bbox 667 4780 718 4835; x_wconf 89' lang='grc'><strong>534</strong></span> <span class='ocrx_word' id='word_1_296' title='bbox 728 4779 756 4841; x_wconf 85' lang='grc'><strong>9,</strong></span> <span class='ocrx_word' id='word_1_297' title='bbox 764 4782 792 4835; x_wconf 89' lang='grc'><strong>94</strong></span> <span class='ocrx_word' id='word_1_298' title='bbox 801 4778 929 4833; x_wconf 79' lang='lat' dir='ltr'><strong>vicissim</strong></span> 
     </span>
     <span class='ocr_line' id='line_1_49' title="bbox 217 4866 930 4943; baseline -0.003 -18"><span class='ocrx_word' id='word_1_299' title='bbox 217 4872 284 4943; x_wconf 93' lang='lat' dir='ltr'><strong>plus</strong></span> <span class='ocrx_word' id='word_1_300' title='bbox 297 4887 316 4926; x_wconf 95' lang='lat' dir='ltr'><strong>a</strong></span> <span class='ocrx_word' id='word_1_301' title='bbox 329 4871 386 4926; x_wconf 90' lang='grc'><strong>999</strong></span> <span class='ocrx_word' id='word_1_302' title='bbox 402 4868 524 4925; x_wconf 89' lang='lat' dir='ltr'><strong>dilectus</strong></span> <span class='ocrx_word' id='word_1_303' title='bbox 537 4872 581 4925; x_wconf 89' lang='lat' dir='ltr'><strong>est</strong></span> <span class='ocrx_word' id='word_1_304' title='bbox 594 4884 682 4939; x_wconf 88' lang='lat' dir='ltr'><strong>quam</strong></span> <span class='ocrx_word' id='word_1_305' title='bbox 697 4866 832 4923; x_wconf 82' lang='lat' dir='ltr'><strong>universa</strong></span> <span class='ocrx_word' id='word_1_306' title='bbox 851 4883 930 4923; x_wconf 86' lang='lat' dir='ltr'><strong>crea-</strong></span> 
     </span>
     <span class='ocr_line' id='line_1_50' title="bbox 215 4956 930 5028; baseline -0.006 -12"><span class='ocrx_word' id='word_1_307' title='bbox 215 4957 616 5024; x_wconf 53' lang='lat' dir='ltr'><strong>acceptator-Pariter</strong></span> <span class='ocrx_word' id='word_1_308' title='bbox 625 4972 730 5028; x_wconf 92' lang='lat' dir='ltr'><strong>corpus</strong></span> <span class='ocrx_word' id='word_1_309' title='bbox 744 4957 816 5028; x_wconf 90' lang='lat' dir='ltr'><strong>ejus,</strong></span> <span class='ocrx_word' id='word_1_310' title='bbox 824 4956 877 5012; x_wconf 90' lang='lat' dir='ltr'><strong>etsi</strong></span> <span class='ocrx_word' id='word_1_311' title='bbox 886 4972 930 5012; x_wconf 78' lang='lat' dir='ltr'><strong>re·</strong></span> 
     </span>
     <span class='ocr_line' id='line_1_51' title="bbox 217 5045 928 5119; baseline -0.01 -14"><span class='ocrx_word' id='word_1_312' title='bbox 217 5065 285 5105; x_wconf 90' lang='lat' dir='ltr'><strong>rum</strong></span> <span class='ocrx_word' id='word_1_313' title='bbox 301 5063 415 5119; x_wconf 86' lang='lat' dir='ltr'><strong>corpus,</strong></span> <span class='ocrx_word' id='word_1_314' title='bbox 426 5062 485 5101; x_wconf 94' lang='lat' dir='ltr'><strong>non</strong></span> <span class='ocrx_word' id='word_1_315' title='bbox 498 5045 723 5118; x_wconf 87' lang='lat' dir='ltr'><strong>phantasticum.</strong></span> <span class='ocrx_word' id='word_1_316' title='bbox 739 5045 822 5109; x_wconf 87' lang='grc'><strong>999,</strong></span> <span class='ocrx_word' id='word_1_317' title='bbox 837 5046 928 5110; x_wconf 90' lang='grc'><strong>4829,</strong></span> 
     </span>
     <span class='ocr_line' id='line_1_52' title="bbox 217 5134 929 5205; baseline -0.006 -12"><span class='ocrx_word' id='word_1_318' title='bbox 217 5134 519 5201; x_wconf 75' lang='grc'><strong>4’,999944994499499</strong></span> <span class='ocrx_word' id='word_1_319' title='bbox 534 5134 588 5191; x_wconf 90' lang='grc'><strong>4944</strong></span> <span class='ocrx_word' id='word_1_320' title='bbox 602 5134 929 5205; x_wconf 69' lang='grc'><strong>99991999995089,</strong></span> 
     </span>
     <span class='ocr_line' id='line_1_53' title="bbox 219 5221 930 5296; baseline -0.006 -13"><span class='ocrx_word' id='word_1_321' title='bbox 219 5243 274 5283; x_wconf 88' lang='grc'><strong>999</strong></span> <span class='ocrx_word' id='word_1_322' title='bbox 295 5224 356 5282; x_wconf 87' lang='lat' dir='ltr'><strong>ulla</strong></span> <span class='ocrx_word' id='word_1_323' title='bbox 383 5224 478 5280; x_wconf 90' lang='lat' dir='ltr'><strong>caruit</strong></span> <span class='ocrx_word' id='word_1_324' title='bbox 500 5223 648 5278; x_wconf 89' lang='lat' dir='ltr'><strong>nobilitate</strong></span> <span class='ocrx_word' id='word_1_325' title='bbox 672 5226 724 5278; x_wconf 91' lang='lat' dir='ltr'><strong>aut</strong></span> <span class='ocrx_word' id='word_1_326' title='bbox 745 5221 930 5296; x_wconf 83' lang='lat' dir='ltr'><strong>perfectione,</strong></span> 
     </span>
     <span class='ocr_line' id='line_1_54' title="bbox 218 5311 932 5385; baseline -0.004 -12"><span class='ocrx_word' id='word_1_327' title='bbox 218 5315 328 5381; x_wconf 83' lang='grc'><strong>5089’;</strong></span> <span class='ocrx_word' id='word_1_328' title='bbox 343 5312 451 5371; x_wconf 72' lang='lat' dir='ltr'><strong>animae</strong></span> <span class='ocrx_word' id='word_1_329' title='bbox 466 5312 589 5385; x_wconf 80' lang='lat' dir='ltr'><strong>perfecte</strong></span> <span class='ocrx_word' id='word_1_330' title='bbox 600 5311 774 5385; x_wconf 89' lang='lat' dir='ltr'><strong>subjectum,</strong></span> <span class='ocrx_word' id='word_1_331' title='bbox 783 5312 866 5380; x_wconf 90' lang='grc'><strong>349,</strong></span> <span class='ocrx_word' id='word_1_332' title='bbox 880 5328 932 5370; x_wconf 88' lang='grc'><strong>99-</strong></span> 
     </span>
    </p>
   </div>
   <div class='ocr_carea' id='block_1_3' title="bbox 1004 685 1735 5381">
    <p class='ocr_par' dir='ltr' id='par_1_4' title="bbox 1004 685 1726 2450">
     <span class='ocr_line' id='line_1_55' title="bbox 1004 685 1715 753; baseline 0.001 -13"><span class='ocrx_word' id='word_1_333' title='bbox 1004 686 1078 741; x_wconf 77' lang='grc'><strong>4999</strong></span> <span class='ocrx_word' id='word_1_334' title='bbox 1091 701 1149 741; x_wconf 90' lang='grc'><strong>999</strong></span> <span class='ocrx_word' id='word_1_335' title='bbox 1165 686 1244 742; x_wconf 84' lang='lat' dir='ltr'><strong>norit</strong></span> <span class='ocrx_word' id='word_1_336' title='bbox 1263 685 1318 741; x_wconf 93' lang='lat' dir='ltr'><strong>nisi</strong></span> <span class='ocrx_word' id='word_1_337' title='bbox 1337 686 1558 744; x_wconf 87' lang='lat' dir='ltr'><strong>indetrahibiles</strong></span> <span class='ocrx_word' id='word_1_338' title='bbox 1577 686 1715 753; x_wconf 87' lang='lat' dir='ltr'><strong>defectus,</strong></span> 
     </span>
     <span class='ocr_line' id='line_1_56' title="bbox 1004 775 1715 841; baseline 0 -11"><span class='ocrx_word' id='word_1_339' title='bbox 1004 776 1089 830; x_wconf 89' lang='grc'><strong>5094</strong></span> <span class='ocrx_word' id='word_1_340' title='bbox 1095 792 1102 841; x_wconf 90' lang='grc'><strong>;</strong></span> <span class='ocrx_word' id='word_1_341' title='bbox 1115 775 1174 830; x_wconf 92' lang='lat' dir='ltr'><strong>imo</strong></span> <span class='ocrx_word' id='word_1_342' title='bbox 1187 792 1220 831; x_wconf 87' lang='lat' dir='ltr'><strong>ex</strong></span> <span class='ocrx_word' id='word_1_343' title='bbox 1237 775 1351 833; x_wconf 84' lang='lat' dir='ltr'><strong>influxu</strong></span> <span class='ocrx_word' id='word_1_344' title='bbox 1365 776 1473 833; x_wconf 79' lang='lat' dir='ltr'><strong>animae</strong></span> <span class='ocrx_word' id='word_1_345' title='bbox 1485 779 1514 834; x_wconf 90' lang='lat' dir='ltr'><strong>et</strong></span> <span class='ocrx_word' id='word_1_346' title='bbox 1526 775 1635 833; x_wconf 89' lang='lat' dir='ltr'><strong>unione</strong></span> <span class='ocrx_word' id='word_1_347' title='bbox 1647 791 1715 833; x_wconf 93' lang='lat' dir='ltr'><strong>cum</strong></span> 
     </span>
     <span class='ocr_line' id='line_1_57' title="bbox 1006 864 1715 938; baseline 0.001 -19"><span class='ocrx_word' id='word_1_348' title='bbox 1006 864 1156 919; x_wconf 83' lang='lat' dir='ltr'><strong>divinitate</strong></span> <span class='ocrx_word' id='word_1_349' title='bbox 1188 865 1295 921; x_wconf 90' lang='lat' dir='ltr'><strong>miram</strong></span> <span class='ocrx_word' id='word_1_350' title='bbox 1328 866 1466 938; x_wconf 89' lang='lat' dir='ltr'><strong>adeptum</strong></span> <span class='ocrx_word' id='word_1_351' title='bbox 1499 869 1543 922; x_wconf 91' lang='lat' dir='ltr'><strong>est</strong></span> <span class='ocrx_word' id='word_1_352' title='bbox 1568 865 1715 927; x_wconf 82' lang='lat' dir='ltr'><strong>virtutem,</strong></span> 
     </span>
     <span class='ocr_line' id='line_1_58' title="bbox 1005 953 1716 1025; baseline 0 -16"><span class='ocrx_word' id='word_1_353' title='bbox 1005 953 1107 1018; x_wconf 88' lang='grc'><strong>5069,</strong></span> <span class='ocrx_word' id='word_1_354' title='bbox 1123 969 1188 1025; x_wconf 82' lang='lat' dir='ltr'><strong>quse</strong></span> <span class='ocrx_word' id='word_1_355' title='bbox 1202 955 1239 1010; x_wconf 88' lang='lat' dir='ltr'><strong>ad</strong></span> <span class='ocrx_word' id='word_1_356' title='bbox 1254 957 1335 1011; x_wconf 84' lang='lat' dir='ltr'><strong>extra</strong></span> <span class='ocrx_word' id='word_1_357' title='bbox 1350 956 1542 1018; x_wconf 85' lang='lat' dir='ltr'><strong>redundabat,</strong></span> <span class='ocrx_word' id='word_1_358' title='bbox 1557 955 1658 1018; x_wconf 88' lang='grc'><strong>5969,</strong></span> <span class='ocrx_word' id='word_1_359' title='bbox 1675 954 1716 1019; x_wconf 93' lang='grc'><strong>9,</strong></span> 
     </span>
     <span class='ocr_line' id='line_1_59' title="bbox 1005 1041 1717 1115; baseline 0.001 -16"><span class='ocrx_word' id='word_1_360' title='bbox 1005 1046 1034 1099; x_wconf 90' lang='grc'><strong>94</strong></span> <span class='ocrx_word' id='word_1_361' title='bbox 1047 1058 1100 1114; x_wconf 91' lang='lat' dir='ltr'><strong>per</strong></span> <span class='ocrx_word' id='word_1_362' title='bbox 1113 1044 1205 1099; x_wconf 77' lang='lat' dir='ltr'><strong>vestes</strong></span> <span class='ocrx_word' id='word_1_363' title='bbox 1220 1041 1297 1114; x_wconf 90' lang='lat' dir='ltr'><strong>ipsas</strong></span> <span class='ocrx_word' id='word_1_364' title='bbox 1311 1047 1340 1099; x_wconf 90' lang='lat' dir='ltr'><strong>et</strong></span> <span class='ocrx_word' id='word_1_365' title='bbox 1349 1043 1480 1101; x_wconf 85' lang='lat' dir='ltr'><strong>fimbrias</strong></span> <span class='ocrx_word' id='word_1_366' title='bbox 1490 1043 1566 1101; x_wconf 88' lang='lat' dir='ltr'><strong>mira</strong></span> <span class='ocrx_word' id='word_1_367' title='bbox 1575 1045 1717 1115; x_wconf 87' lang='lat' dir='ltr'><strong>patrabat,</strong></span> 
     </span>
     <span class='ocr_line' id='line_1_60' title="bbox 1004 1132 1716 1205; baseline 0.003 -18"><span class='ocrx_word' id='word_1_368' title='bbox 1004 1134 1076 1195; x_wconf 88' lang='grc'><strong>649,</strong></span> <span class='ocrx_word' id='word_1_369' title='bbox 1099 1135 1128 1189; x_wconf 88' lang='grc'><strong>94</strong></span> <span class='ocrx_word' id='word_1_370' title='bbox 1148 1132 1297 1188; x_wconf 91' lang='lat' dir='ltr'><strong>interdum</strong></span> <span class='ocrx_word' id='word_1_371' title='bbox 1322 1132 1498 1203; x_wconf 85' lang='lat' dir='ltr'><strong>quibusdam</strong></span> <span class='ocrx_word' id='word_1_372' title='bbox 1524 1132 1716 1205; x_wconf 78' lang='lat' dir='ltr'><strong>gloriosorum</strong></span> 
     </span>
     <span class='ocr_line' id='line_1_61' title="bbox 1006 1220 1719 1293; baseline 0 -16"><span class='ocrx_word' id='word_1_373' title='bbox 1006 1237 1163 1293; x_wconf 90' lang='lat' dir='ltr'><strong>corporum</strong></span> <span class='ocrx_word' id='word_1_374' title='bbox 1183 1221 1300 1277; x_wconf 89' lang='lat' dir='ltr'><strong>dotibus</strong></span> <span class='ocrx_word' id='word_1_375' title='bbox 1314 1220 1427 1283; x_wconf 85' lang='lat' dir='ltr'><strong>claruit,</strong></span> <span class='ocrx_word' id='word_1_376' title='bbox 1443 1222 1532 1278; x_wconf 89' lang='grc'><strong>3649.</strong></span> <span class='ocrx_word' id='word_1_377' title='bbox 1547 1253 1583 1263; x_wconf 93' lang='grc'>-</span> <span class='ocrx_word' id='word_1_378' title='bbox 1596 1223 1719 1278; x_wconf 89' lang='lat' dir='ltr'><strong>Verum-</strong></span> 
     </span>
     <span class='ocr_line' id='line_1_62' title="bbox 1005 1308 1720 1382; baseline 0.001 -16"><span class='ocrx_word' id='word_1_379' title='bbox 1005 1314 1103 1367; x_wconf 88' lang='lat' dir='ltr'><strong>tamen</strong></span> <span class='ocrx_word' id='word_1_380' title='bbox 1125 1326 1191 1382; x_wconf 74' lang='grc'><strong>9999</strong></span> <span class='ocrx_word' id='word_1_381' title='bbox 1205 1308 1456 1381; x_wconf 86' lang='lat' dir='ltr'><strong>imperfectionem</strong></span> <span class='ocrx_word' id='word_1_382' title='bbox 1472 1310 1580 1368; x_wconf 83' lang='lat' dir='ltr'><strong>habent</strong></span> <span class='ocrx_word' id='word_1_383' title='bbox 1598 1311 1720 1369; x_wconf 82' lang='lat' dir='ltr'><strong>virtutes</strong></span> 
     </span>
     <span class='ocr_line' id='line_1_63' title="bbox 1006 1398 1721 1466; baseline -0.001 -10"><span class='ocrx_word' id='word_1_384' title='bbox 1006 1415 1065 1456; x_wconf 90' lang='lat' dir='ltr'><strong>uon</strong></span> <span class='ocrx_word' id='word_1_385' title='bbox 1089 1398 1199 1463; x_wconf 88' lang='lat' dir='ltr'><strong>habuit,</strong></span> <span class='ocrx_word' id='word_1_386' title='bbox 1224 1402 1257 1455; x_wconf 94' lang='lat' dir='ltr'><strong>ut</strong></span> <span class='ocrx_word' id='word_1_387' title='bbox 1285 1398 1382 1462; x_wconf 89' lang='lat' dir='ltr'><strong>fidem,</strong></span> <span class='ocrx_word' id='word_1_388' title='bbox 1406 1399 1490 1464; x_wconf 87' lang='grc'><strong>329,</strong></span> <span class='ocrx_word' id='word_1_389' title='bbox 1516 1399 1605 1463; x_wconf 89' lang='grc'><strong>1999,</strong></span> <span class='ocrx_word' id='word_1_390' title='bbox 1629 1400 1668 1466; x_wconf 94' lang='grc'><strong>9,</strong></span> <span class='ocrx_word' id='word_1_391' title='bbox 1692 1404 1721 1456; x_wconf 96' lang='grc'><strong>94</strong></span> 
     </span>
     <span class='ocr_line' id='line_1_64' title="bbox 1006 1486 1721 1560; baseline 0 -17"><span class='ocrx_word' id='word_1_392' title='bbox 1006 1504 1098 1559; x_wconf 90' lang='lat' dir='ltr'><strong>spem,</strong></span> <span class='ocrx_word' id='word_1_393' title='bbox 1114 1487 1201 1552; x_wconf 84' lang='grc'><strong>2469,</strong></span> <span class='ocrx_word' id='word_1_394' title='bbox 1217 1489 1246 1543; x_wconf 86' lang='grc'><strong>94</strong></span> <span class='ocrx_word' id='word_1_395' title='bbox 1269 1486 1476 1551; x_wconf 87' lang='lat' dir='ltr'><strong>humilitatem,</strong></span> <span class='ocrx_word' id='word_1_396' title='bbox 1492 1487 1548 1543; x_wconf 81' lang='grc'><strong>9494</strong></span> <span class='ocrx_word' id='word_1_397' title='bbox 1567 1504 1633 1544; x_wconf 86' lang='lat' dir='ltr'><strong>esm</strong></span> <span class='ocrx_word' id='word_1_398' title='bbox 1654 1503 1721 1560; x_wconf 74' lang='lat' dir='ltr'><strong>quse</strong></span> 
     </span>
     <span class='ocr_line' id='line_1_65' title="bbox 1005 1574 1718 1641; baseline -0.001 -9"><span class='ocrx_word' id='word_1_399' title='bbox 1005 1592 1041 1632; x_wconf 81' lang='lat' dir='ltr'><strong>ex</strong></span> <span class='ocrx_word' id='word_1_400' title='bbox 1061 1575 1293 1632; x_wconf 87' lang='lat' dir='ltr'><strong>consideratione</strong></span> <span class='ocrx_word' id='word_1_401' title='bbox 1316 1574 1423 1631; x_wconf 80' lang='lat' dir='ltr'><strong>divinar</strong></span> <span class='ocrx_word' id='word_1_402' title='bbox 1445 1575 1609 1634; x_wconf 88' lang='lat' dir='ltr'><strong>altitudinis</strong></span> <span class='ocrx_word' id='word_1_403' title='bbox 1631 1577 1718 1641; x_wconf 85' lang='lat' dir='ltr'><strong>venit,</strong></span> 
     </span>
     <span class='ocr_line' id='line_1_66' title="bbox 1006 1663 1720 1729; baseline 0 -8"><span class='ocrx_word' id='word_1_404' title='bbox 1006 1666 1109 1729; x_wconf 90' lang='grc'><strong>5559,</strong></span> <span class='ocrx_word' id='word_1_405' title='bbox 1134 1668 1162 1722; x_wconf 89' lang='grc'><strong>94</strong></span> <span class='ocrx_word' id='word_1_406' title='bbox 1184 1663 1322 1721; x_wconf 90' lang='lat' dir='ltr'><strong>timorem</strong></span> <span class='ocrx_word' id='word_1_407' title='bbox 1346 1668 1397 1722; x_wconf 90' lang='grc'><strong>994</strong></span> <span class='ocrx_word' id='word_1_408' title='bbox 1420 1682 1586 1729; x_wconf 73' lang='lat' dir='ltr'><strong>maerorem,</strong></span> <span class='ocrx_word' id='word_1_409' title='bbox 1610 1664 1666 1721; x_wconf 91' lang='lat' dir='ltr'><strong>nisi</strong></span> <span class='ocrx_word' id='word_1_410' title='bbox 1689 1665 1720 1721; x_wconf 92' lang='lat' dir='ltr'><strong>in</strong></span> 
     </span>
     <span class='ocr_line' id='line_1_67' title="bbox 1006 1752 1722 1826; baseline 0.001 -16"><span class='ocrx_word' id='word_1_411' title='bbox 1006 1756 1150 1826; x_wconf 88' lang='lat' dir='ltr'><strong>quantum</strong></span> <span class='ocrx_word' id='word_1_412' title='bbox 1161 1752 1323 1810; x_wconf 86' lang='lat' dir='ltr'><strong>voluntarie</strong></span> <span class='ocrx_word' id='word_1_413' title='bbox 1338 1770 1387 1810; x_wconf 95' lang='grc'><strong>999</strong></span> <span class='ocrx_word' id='word_1_414' title='bbox 1402 1754 1722 1826; x_wconf 65' lang='lat' dir='ltr'><strong>susceptationem</strong></span> 
     </span>
     <span class='ocr_line' id='line_1_68' title="bbox 1006 1841 1723 1915; baseline 0.004 -18"><span class='ocrx_word' id='word_1_415' title='bbox 1006 1843 1143 1898; x_wconf 89' lang='lat' dir='ltr'><strong>modoet</strong></span> <span class='ocrx_word' id='word_1_416' title='bbox 1163 1845 1306 1914; x_wconf 87' lang='lat' dir='ltr'><strong>quatenus</strong></span> <span class='ocrx_word' id='word_1_417' title='bbox 1325 1841 1380 1915; x_wconf 92' lang='lat' dir='ltr'><strong>ipsi</strong></span> <span class='ocrx_word' id='word_1_418' title='bbox 1401 1841 1511 1899; x_wconf 88' lang='lat' dir='ltr'><strong>fuerint</strong></span> <span class='ocrx_word' id='word_1_419' title='bbox 1531 1844 1609 1899; x_wconf 92' lang='lat' dir='ltr'><strong>dona</strong></span> <span class='ocrx_word' id='word_1_420' title='bbox 1627 1842 1658 1899; x_wconf 95' lang='lat' dir='ltr'><strong>in</strong></span> <span class='ocrx_word' id='word_1_421' title='bbox 1678 1860 1723 1915; x_wconf 76' lang='lat' dir='ltr'><strong>pe-</strong></span> 
     </span>
     <span class='ocr_line' id='line_1_69' title="bbox 1007 1931 1721 2004; baseline 0.003 -17"><span class='ocrx_word' id='word_1_422' title='bbox 1007 1948 1086 1995; x_wconf 88' lang='lat' dir='ltr'><strong>nere,</strong></span> <span class='ocrx_word' id='word_1_423' title='bbox 1109 1933 1207 1993; x_wconf 89' lang='grc'><strong>2464,</strong></span> <span class='ocrx_word' id='word_1_424' title='bbox 1230 1935 1258 1988; x_wconf 91' lang='grc'><strong>94</strong></span> <span class='ocrx_word' id='word_1_425' title='bbox 1277 1931 1441 2004; x_wconf 88' lang='lat' dir='ltr'><strong>specialiter</strong></span> <span class='ocrx_word' id='word_1_426' title='bbox 1462 1934 1539 1989; x_wconf 85' lang='lat' dir='ltr'><strong>dona</strong></span> <span class='ocrx_word' id='word_1_427' title='bbox 1561 1931 1721 2004; x_wconf 78' lang='lat' dir='ltr'><strong>sapientiae,</strong></span> 
     </span>
     <span class='ocr_line' id='line_1_70' title="bbox 1007 2019 1725 2086; baseline 0.003 -11"><span class='ocrx_word' id='word_1_428' title='bbox 1007 2020 1180 2085; x_wconf 90' lang='lat' dir='ltr'><strong>intellectus,</strong></span> <span class='ocrx_word' id='word_1_429' title='bbox 1199 2022 1253 2076; x_wconf 91' lang='grc'><strong>246</strong></span> <span class='ocrx_word' id='word_1_430' title='bbox 1261 2021 1289 2086; x_wconf 87' lang='lat' dir='ltr'><strong>G,</strong></span> <span class='ocrx_word' id='word_1_431' title='bbox 1311 2019 1434 2085; x_wconf 79' lang='lat' dir='ltr'><strong>concilii,</strong></span> <span class='ocrx_word' id='word_1_432' title='bbox 1450 2022 1503 2076; x_wconf 91' lang='grc'><strong>246</strong></span> <span class='ocrx_word' id='word_1_433' title='bbox 1511 2021 1543 2085; x_wconf 95' lang='grc'><strong>9,</strong></span> <span class='ocrx_word' id='word_1_434' title='bbox 1563 2021 1655 2085; x_wconf 88' lang='grc'><strong>2529,</strong></span> <span class='ocrx_word' id='word_1_435' title='bbox 1671 2020 1725 2077; x_wconf 84' lang='grc'><strong>994-</strong></span> 
     </span>
     <span class='ocr_line' id='line_1_71' title="bbox 1006 2108 1726 2175; baseline 0 -10"><span class='ocrx_word' id='word_1_436' title='bbox 1006 2110 1104 2175; x_wconf 80' lang='lat' dir='ltr'><strong>entire,</strong></span> <span class='ocrx_word' id='word_1_437' title='bbox 1122 2110 1216 2172; x_wconf 89' lang='grc'><strong>2469,</strong></span> <span class='ocrx_word' id='word_1_438' title='bbox 1234 2108 1422 2173; x_wconf 89' lang='lat' dir='ltr'><strong>fortitudinis,</strong></span> <span class='ocrx_word' id='word_1_439' title='bbox 1448 2110 1501 2165; x_wconf 85' lang='grc'><strong>222</strong></span> <span class='ocrx_word' id='word_1_440' title='bbox 1512 2110 1551 2174; x_wconf 90' lang='grc'><strong>9,</strong></span> <span class='ocrx_word' id='word_1_441' title='bbox 1574 2110 1628 2166; x_wconf 88' lang='grc'><strong>246</strong></span> <span class='ocrx_word' id='word_1_442' title='bbox 1640 2111 1672 2175; x_wconf 90' lang='grc'><strong>9,</strong></span> <span class='ocrx_word' id='word_1_443' title='bbox 1696 2112 1726 2167; x_wconf 89' lang='grc'><strong>94</strong></span> 
     </span>
     <span class='ocr_line' id='line_1_72' title="bbox 1006 2197 1725 2270; baseline 0.001 -16"><span class='ocrx_word' id='word_1_444' title='bbox 1006 2198 1131 2263; x_wconf 91' lang='lat' dir='ltr'><strong>timoris,</strong></span> <span class='ocrx_word' id='word_1_445' title='bbox 1147 2198 1200 2254; x_wconf 87' lang='grc'><strong>246</strong></span> <span class='ocrx_word' id='word_1_446' title='bbox 1207 2198 1249 2263; x_wconf 88' lang='grc'><strong>9,</strong></span> <span class='ocrx_word' id='word_1_447' title='bbox 1264 2201 1293 2255; x_wconf 89' lang='grc'><strong>94</strong></span> <span class='ocrx_word' id='word_1_448' title='bbox 1312 2214 1363 2255; x_wconf 90' lang='lat' dir='ltr'><strong>cur</strong></span> <span class='ocrx_word' id='word_1_449' title='bbox 1378 2199 1455 2254; x_wconf 91' lang='lat' dir='ltr'><strong>dono</strong></span> <span class='ocrx_word' id='word_1_450' title='bbox 1469 2197 1585 2254; x_wconf 91' lang='lat' dir='ltr'><strong>timoris</strong></span> <span class='ocrx_word' id='word_1_451' title='bbox 1599 2198 1725 2270; x_wconf 88' lang='lat' dir='ltr'><strong>peculia-</strong></span> 
     </span>
     <span class='ocr_line' id='line_1_73' title="bbox 1008 2286 1724 2359; baseline -0.001 -15"><span class='ocrx_word' id='word_1_452' title='bbox 1008 2288 1079 2345; x_wconf 88' lang='lat' dir='ltr'><strong>riter</strong></span> <span class='ocrx_word' id='word_1_453' title='bbox 1101 2288 1216 2344; x_wconf 89' lang='lat' dir='ltr'><strong>dicatur</strong></span> <span class='ocrx_word' id='word_1_454' title='bbox 1238 2287 1375 2359; x_wconf 89' lang='lat' dir='ltr'><strong>repletus,</strong></span> <span class='ocrx_word' id='word_1_455' title='bbox 1396 2287 1449 2343; x_wconf 92' lang='grc'><strong>246</strong></span> <span class='ocrx_word' id='word_1_456' title='bbox 1457 2286 1505 2352; x_wconf 87' lang='grc'><strong>9’;</strong></span> <span class='ocrx_word' id='word_1_457' title='bbox 1530 2289 1675 2359; x_wconf 88' lang='lat' dir='ltr'><strong>quatenus</strong></span> <span class='ocrx_word' id='word_1_458' title='bbox 1698 2286 1724 2344; x_wconf 93' lang='lat' dir='ltr'><strong>ei</strong></span> 
     </span>
     <span class='ocr_line' id='line_1_74' title="bbox 1008 2376 1429 2450; baseline -0.005 -17"><span class='ocrx_word' id='word_1_459' title='bbox 1008 2380 1155 2450; x_wconf 90' lang='lat' dir='ltr'><strong>competat</strong></span> <span class='ocrx_word' id='word_1_460' title='bbox 1169 2376 1333 2441; x_wconf 86' lang='lat' dir='ltr'><strong>condolere,</strong></span> <span class='ocrx_word' id='word_1_461' title='bbox 1349 2376 1429 2432; x_wconf 82' lang='grc'><strong>219.</strong></span> 
     </span>
    </p>

    <p class='ocr_par' dir='ltr' id='par_1_5' title="bbox 1008 2466 1735 5381">
     <span class='ocr_line' id='line_1_75' title="bbox 1045 2466 1724 2538; baseline -0.001 -16"><span class='ocrx_word' id='word_1_462' title='bbox 1045 2468 1089 2522; x_wconf 85' lang='grc'><strong>49</strong></span> <span class='ocrx_word' id='word_1_463' title='bbox 1104 2466 1277 2522; x_wconf 84' lang='lat' dir='ltr'><strong>salvandum</strong></span> <span class='ocrx_word' id='word_1_464' title='bbox 1294 2466 1458 2522; x_wconf 88' lang='lat' dir='ltr'><strong>humanum</strong></span> <span class='ocrx_word' id='word_1_465' title='bbox 1476 2481 1567 2538; x_wconf 77' lang='lat' dir='ltr'><strong>genus</strong></span> <span class='ocrx_word' id='word_1_466' title='bbox 1582 2467 1724 2538; x_wconf 90' lang='lat' dir='ltr'><strong>quodam·</strong></span> 
     </span>
     <span class='ocr_line' id='line_1_76' title="bbox 1010 2554 1724 2627; baseline 0.001 -18"><span class='ocrx_word' id='word_1_467' title='bbox 1010 2556 1098 2611; x_wconf 89' lang='lat' dir='ltr'><strong>modo</strong></span> <span class='ocrx_word' id='word_1_468' title='bbox 1117 2570 1134 2610; x_wconf 90' lang='lat' dir='ltr'><strong>a</strong></span> <span class='ocrx_word' id='word_1_469' title='bbox 1156 2556 1239 2610; x_wconf 91' lang='lat' dir='ltr'><strong>Patre</strong></span> <span class='ocrx_word' id='word_1_470' title='bbox 1262 2570 1404 2627; x_wconf 79' lang='lat' dir='ltr'><strong>egressus,</strong></span> <span class='ocrx_word' id='word_1_471' title='bbox 1420 2554 1504 2621; x_wconf 87' lang='grc'><strong>399,</strong></span> <span class='ocrx_word' id='word_1_472' title='bbox 1520 2554 1600 2611; x_wconf 88' lang='grc'><strong>99994</strong></span> <span class='ocrx_word' id='word_1_473' title='bbox 1623 2554 1724 2619; x_wconf 81' lang='lat' dir='ltr'><strong>voluit,</strong></span> 
     </span>
     <span class='ocr_line' id='line_1_77' title="bbox 1008 2642 1725 2715; baseline 0.001 -18"><span class='ocrx_word' id='word_1_474' title='bbox 1008 2644 1083 2706; x_wconf 89' lang='grc'><strong>229,</strong></span> <span class='ocrx_word' id='word_1_475' title='bbox 1097 2646 1126 2699; x_wconf 89' lang='grc'><strong>94</strong></span> <span class='ocrx_word' id='word_1_476' title='bbox 1145 2643 1212 2715; x_wconf 91' lang='grc'><strong>9944,</strong></span> <span class='ocrx_word' id='word_1_477' title='bbox 1229 2642 1297 2706; x_wconf 83' lang='grc'><strong>390,</strong></span> <span class='ocrx_word' id='word_1_478' title='bbox 1315 2646 1343 2699; x_wconf 90' lang='grc'><strong>94</strong></span> <span class='ocrx_word' id='word_1_479' title='bbox 1362 2659 1463 2699; x_wconf 88' lang='lat' dir='ltr'><strong>omnes</strong></span> <span class='ocrx_word' id='word_1_480' title='bbox 1482 2643 1606 2699; x_wconf 86' lang='lat' dir='ltr'><strong>redemit</strong></span> <span class='ocrx_word' id='word_1_481' title='bbox 1628 2644 1725 2715; x_wconf 89' lang='lat' dir='ltr'><strong>quoad</strong></span> 
     </span>
     <span class='ocr_line' id='line_1_78' title="bbox 1009 2731 1725 2803; baseline 0 -16"><span class='ocrx_word' id='word_1_482' title='bbox 1009 2732 1225 2798; x_wconf 86' lang='lat' dir='ltr'><strong>sufficientiam,</strong></span> <span class='ocrx_word' id='word_1_483' title='bbox 1240 2731 1321 2797; x_wconf 86' lang='grc'><strong>209,</strong></span> <span class='ocrx_word' id='word_1_484' title='bbox 1337 2732 1390 2787; x_wconf 89' lang='grc'><strong>365</strong></span> <span class='ocrx_word' id='word_1_485' title='bbox 1398 2732 1438 2794; x_wconf 86' lang='grc'><strong>9,</strong></span> <span class='ocrx_word' id='word_1_486' title='bbox 1455 2748 1472 2787; x_wconf 87' lang='grc'><strong>9</strong></span> <span class='ocrx_word' id='word_1_487' title='bbox 1490 2731 1603 2789; x_wconf 88' lang='grc'><strong>9999449</strong></span> <span class='ocrx_word' id='word_1_488' title='bbox 1625 2748 1725 2803; x_wconf 90' lang='lat' dir='ltr'><strong>pecca-</strong></span> 
     </span>
     <span class='ocr_line' id='line_1_79' title="bbox 1008 2820 1725 2892; baseline 0.003 -17"><span class='ocrx_word' id='word_1_489' title='bbox 1008 2821 1055 2880; x_wconf 91' lang='lat' dir='ltr'><strong>tis,</strong></span> <span class='ocrx_word' id='word_1_490' title='bbox 1070 2821 1156 2885; x_wconf 90' lang='grc'><strong>429,</strong></span> <span class='ocrx_word' id='word_1_491' title='bbox 1168 2822 1197 2876; x_wconf 87' lang='grc'><strong>94</strong></span> <span class='ocrx_word' id='word_1_492' title='bbox 1210 2838 1226 2877; x_wconf 87' lang='grc'><strong>9</strong></span> <span class='ocrx_word' id='word_1_493' title='bbox 1241 2820 1349 2892; x_wconf 91' lang='lat' dir='ltr'><strong>triplici</strong></span> <span class='ocrx_word' id='word_1_494' title='bbox 1368 2824 1471 2885; x_wconf 86' lang='lat' dir='ltr'><strong>morte,</strong></span> <span class='ocrx_word' id='word_1_495' title='bbox 1487 2822 1561 2885; x_wconf 90' lang='grc'><strong>224,</strong></span> <span class='ocrx_word' id='word_1_496' title='bbox 1578 2820 1648 2892; x_wconf 88' lang='lat' dir='ltr'><strong>quia</strong></span> <span class='ocrx_word' id='word_1_497' title='bbox 1671 2821 1725 2877; x_wconf 92' lang='grc'><strong>99-</strong></span> 
     </span>
     <span class='ocr_line' id='line_1_80' title="bbox 1010 2908 1726 2982; baseline -0.001 -17"><span class='ocrx_word' id='word_1_498' title='bbox 1010 2909 1138 2966; x_wconf 85' lang='lat' dir='ltr'><strong>manitas</strong></span> <span class='ocrx_word' id='word_1_499' title='bbox 1160 2910 1222 2982; x_wconf 91' lang='lat' dir='ltr'><strong>ejus</strong></span> <span class='ocrx_word' id='word_1_500' title='bbox 1246 2908 1390 2966; x_wconf 82' lang='lat' dir='ltr'><strong>divinitati</strong></span> <span class='ocrx_word' id='word_1_501' title='bbox 1413 2909 1496 2965; x_wconf 90' lang='grc'><strong>99449</strong></span> <span class='ocrx_word' id='word_1_502' title='bbox 1517 2912 1659 2981; x_wconf 87' lang='lat' dir='ltr'><strong>tanquam</strong></span> <span class='ocrx_word' id='word_1_503' title='bbox 1684 2909 1726 2964; x_wconf 90' lang='lat' dir='ltr'><strong>in·</strong></span> 
     </span>
     <span class='ocr_line' id='line_1_81' title="bbox 1012 2998 1725 3070; baseline -0.003 -15"><span class='ocrx_word' id='word_1_504' title='bbox 1012 3000 1196 3062; x_wconf 89' lang='lat' dir='ltr'><strong>dumentum,</strong></span> <span class='ocrx_word' id='word_1_505' title='bbox 1212 2998 1295 3065; x_wconf 90' lang='lat' dir='ltr'><strong>3lB&#39;,</strong></span> <span class='ocrx_word' id='word_1_506' title='bbox 1311 3001 1340 3054; x_wconf 89' lang='lat' dir='ltr'><strong>et</strong></span> <span class='ocrx_word' id='word_1_507' title='bbox 1359 2998 1588 3055; x_wconf 88' lang='lat' dir='ltr'><strong>instrumentum</strong></span> <span class='ocrx_word' id='word_1_508' title='bbox 1603 2998 1725 3070; x_wconf 85' lang='lat' dir='ltr'><strong>conjun-</strong></span> 
     </span>
     <span class='ocr_line' id='line_1_82' title="bbox 1011 3085 1727 3153; baseline -0.003 -9"><span class='ocrx_word' id='word_1_509' title='bbox 1011 3091 1091 3145; x_wconf 91' lang='lat' dir='ltr'><strong>ctum</strong></span> <span class='ocrx_word' id='word_1_510' title='bbox 1118 3088 1146 3144; x_wconf 90' lang='lat' dir='ltr'><strong>et</strong></span> <span class='ocrx_word' id='word_1_511' title='bbox 1173 3086 1349 3153; x_wconf 91' lang='lat' dir='ltr'><strong>animatum,</strong></span> <span class='ocrx_word' id='word_1_512' title='bbox 1377 3088 1452 3151; x_wconf 90' lang='grc'><strong>464,</strong></span> <span class='ocrx_word' id='word_1_513' title='bbox 1480 3087 1580 3152; x_wconf 92' lang='grc'><strong>2469,</strong></span> <span class='ocrx_word' id='word_1_514' title='bbox 1609 3103 1644 3143; x_wconf 83' lang='lat' dir='ltr'><strong>ex</strong></span> <span class='ocrx_word' id='word_1_515' title='bbox 1672 3085 1727 3142; x_wconf 90' lang='lat' dir='ltr'><strong>hac</strong></span> 
     </span>
     <span class='ocr_line' id='line_1_83' title="bbox 1011 3174 1726 3249; baseline -0.004 -16"><span class='ocrx_word' id='word_1_516' title='bbox 1011 3176 1121 3233; x_wconf 91' lang='lat' dir='ltr'><strong>unione</strong></span> <span class='ocrx_word' id='word_1_517' title='bbox 1141 3176 1314 3249; x_wconf 78' lang='lat' dir='ltr'><strong>dignitatem</strong></span> <span class='ocrx_word' id='word_1_518' title='bbox 1337 3177 1556 3248; x_wconf 85' lang='lat' dir='ltr'><strong>quodammodo</strong></span> <span class='ocrx_word' id='word_1_519' title='bbox 1580 3174 1726 3231; x_wconf 88' lang='lat' dir='ltr'><strong>infinitam</strong></span> 
     </span>
     <span class='ocr_line' id='line_1_84' title="bbox 1012 3263 1729 3336; baseline -0.003 -15"><span class='ocrx_word' id='word_1_520' title='bbox 1012 3270 1168 3323; x_wconf 90' lang='lat' dir='ltr'><strong>consecuta</strong></span> <span class='ocrx_word' id='word_1_521' title='bbox 1186 3271 1238 3330; x_wconf 90' lang='lat' dir='ltr'><strong>est,</strong></span> <span class='ocrx_word' id='word_1_522' title='bbox 1253 3266 1337 3320; x_wconf 89' lang='grc'><strong>289.</strong></span> <span class='ocrx_word' id='word_1_523' title='bbox 1353 3268 1387 3321; x_wconf 85' lang='lat' dir='ltr'><strong>nt</strong></span> <span class='ocrx_word' id='word_1_524' title='bbox 1412 3281 1490 3322; x_wconf 90' lang='lat' dir='ltr'><strong>nunc</strong></span> <span class='ocrx_word' id='word_1_525' title='bbox 1514 3282 1565 3336; x_wconf 91' lang='lat' dir='ltr'><strong>per</strong></span> <span class='ocrx_word' id='word_1_526' title='bbox 1586 3263 1729 3320; x_wconf 88' lang='lat' dir='ltr'><strong>ascensio·</strong></span> 
     </span>
     <span class='ocr_line' id='line_1_85' title="bbox 1013 3354 1726 3428; baseline -0.004 -17"><span class='ocrx_word' id='word_1_527' title='bbox 1013 3372 1080 3412; x_wconf 90' lang='lat' dir='ltr'><strong>nem</strong></span> <span class='ocrx_word' id='word_1_528' title='bbox 1097 3372 1245 3428; x_wconf 80' lang='lat' dir='ltr'><strong>regressus</strong></span> <span class='ocrx_word' id='word_1_529' title='bbox 1259 3356 1296 3411; x_wconf 85' lang='lat' dir='ltr'><strong>sd</strong></span> <span class='ocrx_word' id='word_1_530' title='bbox 1310 3354 1528 3419; x_wconf 84' lang='lat' dir='ltr'><strong>Patrem,30[l&#39;,</strong></span> <span class='ocrx_word' id='word_1_531' title='bbox 1538 3354 1570 3409; x_wconf 92' lang='grc'><strong>31</strong></span> <span class='ocrx_word' id='word_1_532' title='bbox 1579 3354 1644 3419; x_wconf 87' lang='lat' dir='ltr'><strong>C,et</strong></span> <span class='ocrx_word' id='word_1_533' title='bbox 1658 3369 1726 3409; x_wconf 92' lang='lat' dir='ltr'><strong>cum</strong></span> 
     </span>
     <span class='ocr_line' id='line_1_86' title="bbox 1013 3442 1725 3516; baseline -0.006 -16"><span class='ocrx_word' id='word_1_534' title='bbox 1013 3444 1076 3516; x_wconf 93' lang='lat' dir='ltr'><strong>ipso</strong></span> <span class='ocrx_word' id='word_1_535' title='bbox 1099 3442 1129 3499; x_wconf 94' lang='lat' dir='ltr'><strong>in</strong></span> <span class='ocrx_word' id='word_1_536' title='bbox 1153 3447 1255 3501; x_wconf 88' lang='lat' dir='ltr'><strong>eodem</strong></span> <span class='ocrx_word' id='word_1_537' title='bbox 1280 3443 1384 3499; x_wconf 92' lang='lat' dir='ltr'><strong>throno</strong></span> <span class='ocrx_word' id='word_1_538' title='bbox 1407 3444 1488 3499; x_wconf 90' lang='lat' dir='ltr'><strong>sedet</strong></span> <span class='ocrx_word' id='word_1_539' title='bbox 1509 3444 1537 3499; x_wconf 92' lang='lat' dir='ltr'><strong>et</strong></span> <span class='ocrx_word' id='word_1_540' title='bbox 1558 3444 1725 3513; x_wconf 85' lang='lat' dir='ltr'><strong>conregnat,</strong></span> 
     </span>
     <span class='ocr_line' id='line_1_87' title="bbox 1013 3530 1726 3605; baseline -0.006 -16"><span class='ocrx_word' id='word_1_541' title='bbox 1013 3535 1095 3599; x_wconf 87' lang='grc'><strong>599,</strong></span> <span class='ocrx_word' id='word_1_542' title='bbox 1111 3550 1162 3605; x_wconf 92' lang='lat' dir='ltr'><strong>pro</strong></span> <span class='ocrx_word' id='word_1_543' title='bbox 1179 3532 1262 3588; x_wconf 86' lang='lat' dir='ltr'><strong>nobis</strong></span> <span class='ocrx_word' id='word_1_544' title='bbox 1276 3532 1331 3603; x_wconf 91' lang='lat' dir='ltr'><strong>ipsi</strong></span> <span class='ocrx_word' id='word_1_545' title='bbox 1351 3532 1507 3588; x_wconf 85' lang='lat' dir='ltr'><strong>ostendens</strong></span> <span class='ocrx_word' id='word_1_546' title='bbox 1526 3531 1600 3588; x_wconf 91' lang='lat' dir='ltr'><strong>latus</strong></span> <span class='ocrx_word' id='word_1_547' title='bbox 1618 3534 1646 3587; x_wconf 93' lang='lat' dir='ltr'><strong>ct</strong></span> <span class='ocrx_word' id='word_1_548' title='bbox 1664 3530 1726 3586; x_wconf 87' lang='lat' dir='ltr'><strong>rul-</strong></span> 
     </span>
     <span class='ocr_line' id='line_1_88' title="bbox 1014 3619 1726 3690; baseline -0.007 -11"><span class='ocrx_word' id='word_1_549' title='bbox 1014 3638 1093 3687; x_wconf 89' lang='lat' dir='ltr'><strong>nera,</strong></span> <span class='ocrx_word' id='word_1_550' title='bbox 1109 3622 1193 3685; x_wconf 89' lang='grc'><strong>499,</strong></span> <span class='ocrx_word' id='word_1_551' title='bbox 1208 3621 1291 3685; x_wconf 89' lang='grc'><strong>899,</strong></span> <span class='ocrx_word' id='word_1_552' title='bbox 1306 3624 1335 3676; x_wconf 88' lang='grc'><strong>94</strong></span> <span class='ocrx_word' id='word_1_553' title='bbox 1354 3621 1383 3675; x_wconf 90' lang='grc'><strong>49</strong></span> <span class='ocrx_word' id='word_1_554' title='bbox 1402 3619 1528 3675; x_wconf 80' lang='lat' dir='ltr'><strong>Ecclesia</strong></span> <span class='ocrx_word' id='word_1_555' title='bbox 1553 3622 1652 3675; x_wconf 87' lang='lat' dir='ltr'><strong>manet</strong></span> <span class='ocrx_word' id='word_1_556' title='bbox 1674 3635 1726 3690; x_wconf 91' lang='lat' dir='ltr'><strong>per</strong></span> 
     </span>
     <span class='ocr_line' id='line_1_89' title="bbox 1014 3708 1727 3781; baseline -0.006 -14"><span class='ocrx_word' id='word_1_557' title='bbox 1014 3710 1256 3767; x_wconf 87' lang='lat' dir='ltr'><strong>sacramentalem</strong></span> <span class='ocrx_word' id='word_1_558' title='bbox 1272 3710 1457 3781; x_wconf 76' lang='lat' dir='ltr'><strong>praesentiam</strong></span> <span class='ocrx_word' id='word_1_559' title='bbox 1472 3712 1501 3765; x_wconf 89' lang='lat' dir='ltr'><strong>et</strong></span> <span class='ocrx_word' id='word_1_560' title='bbox 1516 3708 1672 3781; x_wconf 78' lang='lat' dir='ltr'><strong>gratiosam</strong></span> <span class='ocrx_word' id='word_1_561' title='bbox 1684 3708 1727 3763; x_wconf 91' lang='lat' dir='ltr'><strong>in·</strong></span> 
     </span>
     <span class='ocr_line' id='line_1_90' title="bbox 1014 3798 1727 3863; baseline -0.007 -6"><span class='ocrx_word' id='word_1_562' title='bbox 1014 3800 1234 3862; x_wconf 85' lang='lat' dir='ltr'><strong>habitationem,</strong></span> <span class='ocrx_word' id='word_1_563' title='bbox 1249 3800 1282 3854; x_wconf 93' lang='grc'><strong>54</strong></span> <span class='ocrx_word' id='word_1_564' title='bbox 1294 3798 1335 3863; x_wconf 91' lang='grc'><strong>4’;</strong></span> <span class='ocrx_word' id='word_1_565' title='bbox 1351 3801 1380 3854; x_wconf 90' lang='grc'><strong>94</strong></span> <span class='ocrx_word' id='word_1_566' title='bbox 1398 3798 1505 3855; x_wconf 91' lang='lat' dir='ltr'><strong>iterum</strong></span> <span class='ocrx_word' id='word_1_567' title='bbox 1524 3799 1663 3854; x_wconf 80' lang='lat' dir='ltr'><strong>venturus</strong></span> <span class='ocrx_word' id='word_1_568' title='bbox 1682 3800 1727 3853; x_wconf 91' lang='lat' dir='ltr'><strong>est</strong></span> 
     </span>
     <span class='ocr_line' id='line_1_91' title="bbox 1010 3885 1727 3962; baseline -0.007 -16"><span class='ocrx_word' id='word_1_569' title='bbox 1010 3890 1102 3962; x_wconf 82' lang='lat' dir='ltr'><strong>judex</strong></span> <span class='ocrx_word' id='word_1_570' title='bbox 1125 3887 1236 3951; x_wconf 80' lang='lat' dir='ltr'><strong>sacculi,</strong></span> <span class='ocrx_word' id='word_1_571' title='bbox 1259 3887 1337 3942; x_wconf 92' lang='grc'><strong>239.</strong></span> <span class='ocrx_word' id='word_1_572' title='bbox 1359 3917 1391 3927; x_wconf 99' lang='grc'>-</span> <span class='ocrx_word' id='word_1_573' title='bbox 1415 3886 1499 3942; x_wconf 87' lang='lat' dir='ltr'><strong>Recte</strong></span> <span class='ocrx_word' id='word_1_574' title='bbox 1523 3902 1591 3957; x_wconf 77' lang='lat' dir='ltr'><strong>ergo</strong></span> <span class='ocrx_word' id='word_1_575' title='bbox 1619 3885 1727 3941; x_wconf 92' lang='lat' dir='ltr'><strong>dicitur</strong></span> 
     </span>
     <span class='ocr_line' id='line_1_92' title="bbox 1015 3972 1726 4039; baseline -0.004 -6"><span class='ocrx_word' id='word_1_576' title='bbox 1015 3979 1065 4035; x_wconf 90' lang='grc'><strong>994</strong></span> <span class='ocrx_word' id='word_1_577' title='bbox 1089 3981 1117 4034; x_wconf 89' lang='grc'><strong>94</strong></span> <span class='ocrx_word' id='word_1_578' title='bbox 1139 3976 1294 4032; x_wconf 85' lang='lat' dir='ltr'><strong>hominurn</strong></span> <span class='ocrx_word' id='word_1_579' title='bbox 1321 3973 1473 4037; x_wconf 91' lang='lat' dir='ltr'><strong>mediator,</strong></span> <span class='ocrx_word' id='word_1_580' title='bbox 1495 3976 1570 4039; x_wconf 90' lang='grc'><strong>464,</strong></span> <span class='ocrx_word' id='word_1_581' title='bbox 1591 3972 1726 4030; x_wconf 91' lang='lat' dir='ltr'><strong>omnium</strong></span> 
     </span>
     <span class='ocr_line' id='line_1_93' title="bbox 1015 4062 1726 4137; baseline -0.008 -14"><span class='ocrx_word' id='word_1_582' title='bbox 1015 4068 1191 4137; x_wconf 89' lang='lat' dir='ltr'><strong>redemptor,</strong></span> <span class='ocrx_word' id='word_1_583' title='bbox 1206 4064 1280 4125; x_wconf 89' lang='grc'><strong>209,</strong></span> <span class='ocrx_word' id='word_1_584' title='bbox 1301 4066 1329 4119; x_wconf 89' lang='grc'><strong>94</strong></span> <span class='ocrx_word' id='word_1_585' title='bbox 1349 4064 1514 4127; x_wconf 82' lang='lat' dir='ltr'><strong>advocatus,</strong></span> <span class='ocrx_word' id='word_1_586' title='bbox 1534 4063 1605 4127; x_wconf 90' lang='grc'><strong>909,</strong></span> <span class='ocrx_word' id='word_1_587' title='bbox 1625 4062 1726 4126; x_wconf 87' lang='grc'><strong>3439,</strong></span> 
     </span>
     <span class='ocr_line' id='line_1_94' title="bbox 1016 4151 1729 4224; baseline -0.003 -15"><span class='ocrx_word' id='word_1_588' title='bbox 1016 4154 1118 4211; x_wconf 88' lang='grc'><strong>9949449</strong></span> <span class='ocrx_word' id='word_1_589' title='bbox 1137 4156 1247 4217; x_wconf 90' lang='lat' dir='ltr'><strong>auctor,</strong></span> <span class='ocrx_word' id='word_1_590' title='bbox 1262 4152 1334 4215; x_wconf 89' lang='grc'><strong>909,</strong></span> <span class='ocrx_word' id='word_1_591' title='bbox 1350 4151 1454 4207; x_wconf 91' lang='lat' dir='ltr'><strong>mundi</strong></span> <span class='ocrx_word' id='word_1_592' title='bbox 1473 4168 1548 4224; x_wconf 89' lang='lat' dir='ltr'><strong>spes,</strong></span> <span class='ocrx_word' id='word_1_593' title='bbox 1561 4153 1643 4218; x_wconf 85' lang='grc'><strong>494;</strong></span> <span class='ocrx_word' id='word_1_594' title='bbox 1659 4151 1729 4209; x_wconf 89' lang='grc'><strong>4994-</strong></span> 
     </span>
     <span class='ocr_line' id='line_1_95' title="bbox 1016 4240 1730 4306; baseline -0.003 -7"><span class='ocrx_word' id='word_1_595' title='bbox 1016 4243 1067 4306; x_wconf 91' lang='lat' dir='ltr'><strong>fer,</strong></span> <span class='ocrx_word' id='word_1_596' title='bbox 1087 4244 1174 4305; x_wconf 91' lang='grc'><strong>4444,</strong></span> <span class='ocrx_word' id='word_1_597' title='bbox 1197 4243 1305 4297; x_wconf 80' lang='lat' dir='ltr'><strong>aeterna</strong></span> <span class='ocrx_word' id='word_1_598' title='bbox 1328 4240 1378 4297; x_wconf 79' lang='lat' dir='ltr'><strong>lux</strong></span> <span class='ocrx_word' id='word_1_599' title='bbox 1402 4241 1593 4305; x_wconf 88' lang='lat' dir='ltr'><strong>credentium,</strong></span> <span class='ocrx_word' id='word_1_600' title='bbox 1615 4241 1681 4305; x_wconf 85' lang='grc'><strong>499,</strong></span> <span class='ocrx_word' id='word_1_601' title='bbox 1701 4244 1730 4297; x_wconf 90' lang='grc'><strong>94</strong></span> 
     </span>
     <span class='ocr_line' id='line_1_96' title="bbox 1017 4328 1728 4400; baseline -0.007 -12"><span class='ocrx_word' id='word_1_602' title='bbox 1017 4331 1150 4388; x_wconf 93' lang='lat' dir='ltr'><strong>conditor</strong></span> <span class='ocrx_word' id='word_1_603' title='bbox 1172 4330 1314 4393; x_wconf 89' lang='lat' dir='ltr'><strong>siderum,</strong></span> <span class='ocrx_word' id='word_1_604' title='bbox 1332 4330 1419 4394; x_wconf 85' lang='lat' dir='ltr'><strong>l8C&#39;;</strong></span> <span class='ocrx_word' id='word_1_605' title='bbox 1438 4328 1572 4385; x_wconf 74' lang='lat' dir='ltr'><strong>Ecclesiae</strong></span> <span class='ocrx_word' id='word_1_606' title='bbox 1595 4344 1728 4400; x_wconf 87' lang='lat' dir='ltr'><strong>sponsus,</strong></span> 
     </span>
     <span class='ocr_line' id='line_1_97' title="bbox 1015 4415 1730 4491; baseline -0.007 -14"><span class='ocrx_word' id='word_1_607' title='bbox 1015 4423 1091 4485; x_wconf 91' lang='grc'><strong>234,</strong></span> <span class='ocrx_word' id='word_1_608' title='bbox 1107 4421 1188 4484; x_wconf 89' lang='grc'><strong>649,</strong></span> <span class='ocrx_word' id='word_1_609' title='bbox 1200 4423 1295 4491; x_wconf 85' lang='lat' dir='ltr'><strong>caput,</strong></span> <span class='ocrx_word' id='word_1_610' title='bbox 1307 4419 1390 4483; x_wconf 87' lang='grc'><strong>649,</strong></span> <span class='ocrx_word' id='word_1_611' title='bbox 1403 4417 1476 4489; x_wconf 87' lang='grc'><strong>49949</strong></span> <span class='ocrx_word' id='word_1_612' title='bbox 1490 4417 1648 4489; x_wconf 82' lang='lat' dir='ltr'><strong>angularis,</strong></span> <span class='ocrx_word' id='word_1_613' title='bbox 1665 4415 1730 4473; x_wconf 90' lang='lat' dir='ltr'><strong>fun·</strong></span> 
     </span>
     <span class='ocr_line' id='line_1_98' title="bbox 1017 4506 1732 4572; baseline -0.008 -5"><span class='ocrx_word' id='word_1_614' title='bbox 1017 4509 1283 4571; x_wconf 68' lang='grc'><strong>6919994999249,</strong></span> <span class='ocrx_word' id='word_1_615' title='bbox 1302 4508 1397 4572; x_wconf 88' lang='grc'><strong>1199,</strong></span> <span class='ocrx_word' id='word_1_616' title='bbox 1411 4508 1511 4571; x_wconf 85' lang='grc'><strong>3429,</strong></span> <span class='ocrx_word' id='word_1_617' title='bbox 1527 4510 1556 4564; x_wconf 88' lang='grc'><strong>94</strong></span> <span class='ocrx_word' id='word_1_618' title='bbox 1574 4506 1664 4563; x_wconf 81' lang='lat' dir='ltr'><strong>altere</strong></span> <span class='ocrx_word' id='word_1_619' title='bbox 1683 4524 1732 4562; x_wconf 90' lang='lat' dir='ltr'><strong>su-</strong></span> 
     </span>
     <span class='ocr_line' id='line_1_99' title="bbox 1018 4595 1732 4669; baseline -0.006 -14"><span class='ocrx_word' id='word_1_620' title='bbox 1018 4600 1118 4663; x_wconf 90' lang='lat' dir='ltr'><strong>blime,</strong></span> <span class='ocrx_word' id='word_1_621' title='bbox 1133 4597 1238 4662; x_wconf 88' lang='grc'><strong>3439;</strong></span> <span class='ocrx_word' id='word_1_622' title='bbox 1258 4612 1309 4653; x_wconf 81' lang='lat' dir='ltr'><strong>rex</strong></span> <span class='ocrx_word' id='word_1_623' title='bbox 1334 4595 1474 4669; x_wconf 79' lang='lat' dir='ltr'><strong>gentium,</strong></span> <span class='ocrx_word' id='word_1_624' title='bbox 1497 4597 1569 4659; x_wconf 89' lang='grc'><strong>649,</strong></span> <span class='ocrx_word' id='word_1_625' title='bbox 1590 4595 1661 4668; x_wconf 89' lang='lat' dir='ltr'><strong>quia</strong></span> <span class='ocrx_word' id='word_1_626' title='bbox 1681 4612 1732 4668; x_wconf 91' lang='lat' dir='ltr'><strong>per</strong></span> 
     </span>
     <span class='ocr_line' id='line_1_100' title="bbox 1018 4683 1734 4761; baseline -0.006 -17"><span class='ocrx_word' id='word_1_627' title='bbox 1018 4688 1183 4761; x_wconf 88' lang='lat' dir='ltr'><strong>passionem</strong></span> <span class='ocrx_word' id='word_1_628' title='bbox 1208 4702 1291 4741; x_wconf 88' lang='lat' dir='ltr'><strong>ruam</strong></span> <span class='ocrx_word' id='word_1_629' title='bbox 1312 4684 1421 4741; x_wconf 83' lang='grc'><strong>494949</strong></span> <span class='ocrx_word' id='word_1_630' title='bbox 1445 4684 1582 4741; x_wconf 89' lang='lat' dir='ltr'><strong>militanti</strong></span> <span class='ocrx_word' id='word_1_631' title='bbox 1606 4683 1734 4741; x_wconf 78' lang='lat' dir='ltr'><strong>Ecclesia</strong></span> 
     </span>
     <span class='ocr_line' id='line_1_101' title="bbox 1018 4772 1734 4848; baseline -0.008 -15"><span class='ocrx_word' id='word_1_632' title='bbox 1018 4777 1130 4848; x_wconf 81' lang='lat' dir='ltr'><strong>regiam</strong></span> <span class='ocrx_word' id='word_1_633' title='bbox 1150 4774 1258 4831; x_wconf 90' lang='lat' dir='ltr'><strong>meruit</strong></span> <span class='ocrx_word' id='word_1_634' title='bbox 1278 4776 1460 4845; x_wconf 89' lang='lat' dir='ltr'><strong>potestatem,</strong></span> <span class='ocrx_word' id='word_1_635' title='bbox 1472 4774 1546 4838; x_wconf 86' lang='grc'><strong>409,</strong></span> <span class='ocrx_word' id='word_1_636' title='bbox 1562 4777 1590 4831; x_wconf 86' lang='grc'><strong>94</strong></span> <span class='ocrx_word' id='word_1_637' title='bbox 1604 4790 1655 4847; x_wconf 91' lang='lat' dir='ltr'><strong>per</strong></span> <span class='ocrx_word' id='word_1_638' title='bbox 1669 4772 1734 4829; x_wconf 91' lang='lat' dir='ltr'><strong>uni-</strong></span> 
     </span>
     <span class='ocr_line' id='line_1_102' title="bbox 1019 4861 1735 4937; baseline -0.008 -15"><span class='ocrx_word' id='word_1_639' title='bbox 1019 4883 1106 4922; x_wconf 89' lang='lat' dir='ltr'><strong>onem</strong></span> <span class='ocrx_word' id='word_1_640' title='bbox 1130 4864 1352 4937; x_wconf 79' lang='lat' dir='ltr'><strong>hypostaticam,</strong></span> <span class='ocrx_word' id='word_1_641' title='bbox 1374 4862 1538 4919; x_wconf 84' lang='lat' dir='ltr'><strong>dominium</strong></span> <span class='ocrx_word' id='word_1_642' title='bbox 1563 4880 1651 4935; x_wconf 89' lang='lat' dir='ltr'><strong>super</strong></span> <span class='ocrx_word' id='word_1_643' title='bbox 1671 4861 1735 4919; x_wconf 91' lang='lat' dir='ltr'><strong>uni·</strong></span> 
     </span>
     <span class='ocr_line' id='line_1_103' title="bbox 1018 4951 1735 5016; baseline -0.001 -8"><span class='ocrx_word' id='word_1_644' title='bbox 1018 4970 1132 5011; x_wconf 81' lang='lat' dir='ltr'><strong>versam</strong></span> <span class='ocrx_word' id='word_1_645' title='bbox 1157 4956 1332 5014; x_wconf 88' lang='lat' dir='ltr'><strong>creaturam,</strong></span> <span class='ocrx_word' id='word_1_646' title='bbox 1354 4951 1446 5016; x_wconf 78' lang='lat' dir='ltr'><strong>tos&#39;;</strong></span> <span class='ocrx_word' id='word_1_647' title='bbox 1471 4952 1604 5008; x_wconf 90' lang='lat' dir='ltr'><strong>omnium</strong></span> <span class='ocrx_word' id='word_1_648' title='bbox 1630 4952 1735 5009; x_wconf 90' lang='lat' dir='ltr'><strong>electo·</strong></span> 
     </span>
     <span class='ocr_line' id='line_1_104' title="bbox 1018 5040 1734 5112; baseline -0.006 -13"><span class='ocrx_word' id='word_1_649' title='bbox 1018 5060 1086 5099; x_wconf 89' lang='lat' dir='ltr'><strong>rum</strong></span> <span class='ocrx_word' id='word_1_650' title='bbox 1101 5042 1169 5105; x_wconf 83' lang='lat' dir='ltr'><strong>rita,</strong></span> <span class='ocrx_word' id='word_1_651' title='bbox 1185 5043 1258 5106; x_wconf 88' lang='grc'><strong>444,</strong></span> <span class='ocrx_word' id='word_1_652' title='bbox 1274 5044 1303 5097; x_wconf 85' lang='grc'><strong>94</strong></span> <span class='ocrx_word' id='word_1_653' title='bbox 1316 5044 1411 5112; x_wconf 87' lang='grc'><strong>99994,</strong></span> <span class='ocrx_word' id='word_1_654' title='bbox 1427 5040 1523 5104; x_wconf 89' lang='grc'><strong>3569,</strong></span> <span class='ocrx_word' id='word_1_655' title='bbox 1539 5042 1628 5105; x_wconf 90' lang='grc'><strong>3894,</strong></span> <span class='ocrx_word' id='word_1_656' title='bbox 1644 5058 1662 5097; x_wconf 83' lang='grc'><strong>9</strong></span> <span class='ocrx_word' id='word_1_657' title='bbox 1676 5056 1734 5112; x_wconf 86' lang='lat' dir='ltr'><strong>quo</strong></span> 
     </span>
     <span class='ocr_line' id='line_1_105' title="bbox 1021 5130 1735 5203; baseline -0.003 -15"><span class='ocrx_word' id='word_1_658' title='bbox 1021 5133 1120 5189; x_wconf 82' lang='lat' dir='ltr'><strong>fideles</strong></span> <span class='ocrx_word' id='word_1_659' title='bbox 1137 5132 1227 5187; x_wconf 82' lang='lat' dir='ltr'><strong>vitam</strong></span> <span class='ocrx_word' id='word_1_660' title='bbox 1251 5130 1352 5203; x_wconf 75' lang='lat' dir='ltr'><strong>gratim</strong></span> <span class='ocrx_word' id='word_1_661' title='bbox 1375 5134 1602 5202; x_wconf 86' lang='lat' dir='ltr'><strong>consequuntur,</strong></span> <span class='ocrx_word' id='word_1_662' title='bbox 1618 5131 1690 5195; x_wconf 91' lang='grc'><strong>444,</strong></span> <span class='ocrx_word' id='word_1_663' title='bbox 1706 5134 1735 5186; x_wconf 86' lang='grc'><strong>94</strong></span> 
     </span>
     <span class='ocr_line' id='line_1_106' title="bbox 1022 5218 1732 5291; baseline -0.003 -14"><span class='ocrx_word' id='word_1_664' title='bbox 1022 5224 1135 5277; x_wconf 90' lang='lat' dir='ltr'><strong>motum</strong></span> <span class='ocrx_word' id='word_1_665' title='bbox 1159 5220 1311 5283; x_wconf 83' lang='lat' dir='ltr'><strong>virtutum,</strong></span> <span class='ocrx_word' id='word_1_666' title='bbox 1329 5218 1422 5284; x_wconf 80' lang='lat' dir='ltr'><strong>20ll’;</strong></span> <span class='ocrx_word' id='word_1_667' title='bbox 1443 5220 1528 5290; x_wconf 90' lang='lat' dir='ltr'><strong>panis</strong></span> <span class='ocrx_word' id='word_1_668' title='bbox 1550 5219 1732 5291; x_wconf 77' lang='lat' dir='ltr'><strong>angelorum,</strong></span> 
     </span>
     <span class='ocr_line' id='line_1_107' title="bbox 1021 5308 1735 5381; baseline -0.004 -13"><span class='ocrx_word' id='word_1_669' title='bbox 1021 5313 1095 5378; x_wconf 91' lang='grc'><strong>699,</strong></span> <span class='ocrx_word' id='word_1_670' title='bbox 1110 5310 1152 5378; x_wconf 90' lang='grc'><strong>9,</strong></span> <span class='ocrx_word' id='word_1_671' title='bbox 1167 5314 1196 5366; x_wconf 90' lang='grc'><strong>94</strong></span> <span class='ocrx_word' id='word_1_672' title='bbox 1216 5308 1382 5376; x_wconf 90' lang='lat' dir='ltr'><strong>hominum,</strong></span> <span class='ocrx_word' id='word_1_673' title='bbox 1397 5308 1479 5377; x_wconf 71' lang='lat' dir='ltr'><strong>oon,</strong></span> <span class='ocrx_word' id='word_1_674' title='bbox 1494 5308 1548 5365; x_wconf 93' lang='lat' dir='ltr'><strong>llos</strong></span> <span class='ocrx_word' id='word_1_675' title='bbox 1567 5308 1735 5381; x_wconf 80' lang='lat' dir='ltr'><strong>fragrantis-</strong></span> 
     </span>
    </p>
   </div>
   <div class='ocr_carea' id='block_1_4' title="bbox 0 0 2184 6259">
    <p class='ocr_par' dir='ltr' id='par_1_6' title="bbox 0 0 2184 6259">
     <span class='ocr_line' id='line_1_108' title="bbox 0 0 2184 6259; baseline 0 0"><span class='ocrx_word' id='word_1_676' title='bbox 0 0 2184 6259; x_wconf 95' lang='lat' dir='ltr'><strong> </strong></span> 
     </span>
    </p>
   </div>
  </div>
 </body>
</html>
