4309 6259
430 494 487 561 tte

770 510 928 560 uxrostnto
948 509 1047 557 utttttt
1070 510 1077 555 :
1101 508 1256 555 sumunda
1275 506 1423 553 PATRRNAE
1443 505 1561 553 omnm

344 690 362 747 7
467 690 579 748 Lcelus
592 686 663 746 dies
676 686 730 743 lu'e
745 682 984 745 transeamus
998 688 1056 758 θεῖ,
1074 686 1175 743 totum
1188 676 1214 739 Α
1229 676 1309 739 Ιθθίε
1324 676 1453 738 diurna.
1471 674 1590 756 Nempe
1606 692 1663 755 per
1680 673 1742 736 hoe
1761 672 1848 754 quod
1868 688 1977 735 coram

1227 776 1291 839 Deo
1304 793 1438 858 peccare
1454 775 1706 838 verecundamur
1721 780 1753 834 et
1766 770 1866 835 nobili
1885 768 1977 833 casti-

428 786 514 849 huuc
529 786 613 849 diem
633 784 664 847 in
686 780 832 847 virtuosis
851 781 972 845 actibus
993 799 1064 843 cum
1085 778 1176 861 spiri-

428 884 504 947 tuali
529 884 642 965 gaudio
668 882 893 963 expendamus,
918 898 1045 943 omnem
1069 878 1176 941 otiosi-

428 991 537 1061 tatem,
554 981 790 1063 negligentiam,
803 978 1086 1059 transgressionem
1101 976 1174 1039 totis

428 1080 547 1143 viribus
568 1081 759 1143 detestantes
786 1097 822 1141 ac
847 1076 1024 1139 devitantes
1042 1098 1048 1137 :
1066 1075 1175 1155 sieque

428 1178 495 1241 dies
519 1186 648 1241 vocatur
673 1178 762 1240 letus
790 1184 844 1239 aut
872 1174 980 1253 tristis,
1003 1193 1040 1236 ex
1070 1172 1175 1235 laetitia

429 1285 482 1339 aut
501 1276 624 1338 tristitia
644 1276 807 1339 hominum
827 1273 881 1354 qui
901 1281 975 1335 sunt
999 1272 1031 1334 in
1056 1290 1105 1334 eo.
1124 1271 1174 1332 Sic

429 1394 504 1457 ergo
518 1375 705 1457 impleamus
721 1374 804 1455 quod
826 1372 902 1435 dixit
923 1372 1084 1453 apostolus
1099 1368 1176 1431 Pau-

280 1490 413 1547 rlrupplv,
429 1475 478 1537 lus
502 1475 541 1537 ad
566 1474 782 1555 Philippenses
800 1496 806 1533 :
824 1472 963 1535 Gaudete
985 1470 1017 1531 in
1042 1468 1174 1531 Domino

429 1590 564 1652 semper.
592 1571 720 1653 Oportet
743 1571 847 1651 itaque
873 1576 906 1631 ut
934 1567 1041 1630 omnia
1070 1566 1174 1628 cultus

428 1665 526 1730 divini
559 1665 709 1746 obsequia
744 1671 890 1746 prompto
929 1663 1047 1743 anime,
1083 1659 1174 1722 hilari

427 1774 543 1841 mente,
562 1782 634 1826 cum
651 1763 773 1825 interna
789 1761 947 1824 alacritate
964 1760 1092 1841 spiritus
1108 1778 1176 1839 per-

1227 875 1282 937 tati
1297 893 1427 956 operam
1448 875 1571 953 damuS,
1588 873 1680 935 valde
1701 872 1839 953 desuper
1859 867 1977 931 illumi-

1227 974 1295 1036 nari
1320 973 1500 1054 incipimus,
1517 974 1591 1056 quia
1609 973 1649 1035 de
1670 972 1730 1033 ista
1753 966 1975 1033 erubescentia

1228 1074 1443 1153 scriptumest
1460 1096 1467 1134 :
1484 1072 1539 1134 Est
1559 1070 1703 1134 conlusio
1723 1070 1886 1132 adducens
1905 1084 1977 1149 gra·
2004 1085 2071 1129 aaa.
2084 1100 2106 1132 a.

1229 1171 1302 1233 tiam
1322 1178 1354 1234 et
1378 1170 1521 1252 gloriam.
1538 1170 1618 1232 ilinc
1641 1169 1789 1231 indurato
1812 1176 1844 1229 θῖ
1869 1183 1978 1228 assue-
1991 1152 2024 1191 ²⁵·

1228 1268 1312 1332 laeto
1335 1270 1367 1330 in
1393 1269 1475 1331 vitiis
1499 1268 1637 1351 loquitur
1664 1266 1815 1330 Jeremias
1842 1289 1849 1327 :
1877 1264 1978 1327 Frons
1990 1286 2036 1330 ue.
2049 1302 2075 1338 ιι,
2086 1290 2102 1330 r.

1228 1366 1369 1428 mulieris
1394 1367 1567 1430 meretricis
1589 1364 1674 1428 lacta
1693 1372 1742 1427 est
1760 1362 1828 1441 tibi,
1846 1361 1978 1424 noluisti

1228 1464 1424 1527 erubescere.
1443 1468 1541 1526 Fides
1560 1468 1648 1524 uelut
1666 1464 1824 1523 meridies
1840 1482 1851 1520 .·
1865 1460 1897 1522 id
1916 1470 1976 1539 θεῖ,

1228 1561 1309 1625 tides
1341 1571 1449 1626 nostra
1482 1564 1565 1626 dono
1595 1561 1755 1645 sapientia
1784 1580 1823 1623 ac
1854 1560 1976 1623 lumine

1228 1661 1334 1743 gratiae
1355 1661 1458 1725 taliter
1481 1661 1665 1739 illustretur,
1684 1659 1823 1723 caritatis
1848 1676 1979 1739 quoque

1228 1758 1353 1822 lervore
1378 1760 1420 1821 ita
1444 1759 1638 1841 perficiatur,
1656 1767 1691 1821 ut
1710 1767 1863 1839 tanquam
1883 1758 1980 1820 meri-

281 1877 568 1941 r2.x011,2.agamuS,
586 1859 667 1921 sicut
692 1859 834 1921 hortatur
854 1857 1008 1938 Propheta
1026 1879 1033 1917 2
1052 1855 1173 1917 Servite
1190 1849 1295 1920 Bdies
1309 1857 1430 1940 fulgeat
1443 1858 1476 1919 in
1492 1866 1597 1920 menta
1612 1877 1650 1920 ae
1666 1856 1902 1937 lerveat,atque
1919 1874 1979 1936 per

426 1958 558 2021 Domino
583 1958 615 2019 in
642 1956 757 2019 laetitia.
780 1956 1002 2018 Verumtamen
1027 1952 1174 2037 jucundi-

425 2064 522 2119 tatem
545 2056 627 2117 hanc
653 2055 742 2116 liliali
767 2054 890 2132 timore,
907 2051 1066 2133 frequenti
1089 2070 1174 2113 com·

427 2155 609 2235 punctione,
626 2153 767 2235 diligenti
790 2152 893 2215 cordis
917 2150 1058 2215 custodia
1081 2168 1174 2232 opor-

427 2260 471 2314 tet
508 2252 636 2332 muniri,
676 2251 855 2332 temperari,
896 2249 1034 2327 misceri,
1075 2268 1172 2330 quum

286 2368 327 2412 rs.
340 2382 362 2419 a,
378 2372 410 2412 u.
427 2350 580 2432 scriptum
605 2350 669 2412 sit:
687 2348 806 2413 Servite
832 2347 965 2411 Domino
990 2347 1022 2409 in
1048 2347 1171 2425 timore,

277 2467 411 2519 acetrum,
426 2456 458 2511 et
482 2448 634 2510 exsultate
659 2448 688 2510 ei
714 2467 787 2510 cum
811 2454 958 2508 tremere.
976 2444 1054 2507 Nam
1075 2453 1107 2506 et
1125 2463 1173 2505 sa-

278 2533 312 2573 ²⁷·
317 2593 386 2635 ,m
426 2547 516 2628 piens
537 2547 569 2607 in
589 2546 736 2609 omnibus
757 2545 878 2621 metuit,
896 2552 926 2607 et
948 2542 1057 2605 beatus
1077 2542 1173 2605 homo

278 2669 352 2706 mm,
368 2658 400 2699 ¹⁴·
425 2645 480 2726 qui
506 2662 632 2726 semper
657 2652 704 2706 est
728 2643 870 2724 pavidus
893 2642 1072 2704 lnordineta
1098 2658 1173 2702 vero

1228 1956 1311 2018 bona
1325 1974 1420 2036 opera
1435 1955 1653 2018 edificationis
1672 1956 1817 2038 exempla
1836 1955 1980 2037 praebeat

1226 2054 1388 2136 proximis,
1409 2062 1441 2116 et
1464 2054 1507 2115 ita
1531 2054 1571 2116 sit
1590 2054 1719 2116 lucerna
1739 2054 1850 2117 lucens
1870 2073 1908 2116 ac
1928 2073 1980 2115 ar·
2007 2084 2109 2126 rm,

1226 2153 1315 2216 dens.
1333 2156 1578 2228 crepusculum,
1595 2152 1654 2215 hoe
1670 2160 1719 2214 est
1732 2170 1881 2215 occasum
1901 2171 1978 2233 pec-
1994 2150 2028 2188 ³⁵·

1227 2252 1299 2329 cati,
1314 2270 1473 2313 recessum
1488 2250 1726 2313 illuminationis
1741 2250 1856 2312 divinae
1870 2258 1903 2313 et
1917 2250 1978 2311 mi-

1227 2349 1422 2412 norationem
1453 2349 1533 2411 lueis
1556 2349 1699 2427 internae,
1725 2368 1815 2408 mens
1838 2350 1976 2417 neseiat,

1227 2448 1341 2524 idest,
1369 2466 1424 2509 eor
1448 2456 1590 2509 nostrum
1615 2465 1679 2509 non
1705 2445 1841 2527 patiatur
1868 2464 1976 2526 neque

1227 2545 1386 2620 incurrat3
1412 2545 1487 2622 imo,
1510 2545 1576 2608 sole
1600 2545 1791 2623 declinante,
1815 2543 1918 2625 magis
1937 2563 1978 2607 ac

1228 2643 1327 2723 magis
1356 2662 1390 2705 se
1419 2643 1503 2705 intus
1533 2644 1706 2725 recolligat,
1733 2643 1773 2706 ad
1802 2642 1975 2706 Dominum

426 2741 561 2821 tristitia,
579 2741 736 2804 saeeularis
756 2748 788 2803 et
807 2740 947 2819 mordax,
965 2739 1052 2801 omni
1073 2737 1174 2801 homi-
1228 2742 1424 2817 elevetur,ac
1437 2740 1494 2803 soli
1511 2741 1671 2823 sapientiae
1686 2761 1719 2804 se
1734 2741 1895 2823 applicare
1911 2758 1978 2803 non

425 2842 469 2919 ni,
486 2840 660 2922 prasertim
680 2840 830 2918 solitario,
850 2847 898 2901 est
922 2838 1059 2915 vitanda,
1076 2856 1173 2918 quem
1229 2847 1341 2916 cessat,
1359 2839 1492 2901 dicendo
1510 2863 1516 2901 :
1535 2840 1622 2903 blane
1637 2840 1814 2917 nobiseum,
1831 2839 1977 2919 Domine,
2000 2870 2053 2912 st,
2067 2883 2106 2910 n,
2135 2887 2136 2920 ,

425 2947 550 3021 oportet
576 2938 667 3001 boum
691 2956 761 3000 esse
786 2936 921 3015 liduciae,
938 2946 969 2998 et
993 2936 1025 2997 in
1050 2933 1174 2996 infinita
1228 2937 1376 3019 quoniam
1401 2938 1644 3019 advesperascit.
1665 2937 1744 3000 ilinc
1767 2937 1800 3000 in
1824 2938 1980 3019 Vespera·
1994 2936 2030 2975 ²⁹·

425 3038 480 3100 [lei
510 3036 725 3099 misericordia
754 3035 920 3116 respirare,
951 3054 1016 3097 non
1046 3033 1175 3114 pusilla·
1193 3030 1214 3093 C
1230 3055 1299 3097 rum
1321 3035 1438 3117 hymno
1460 3035 1659 3098 cecinimus:

427 3133 546 3195 nimem
581 3132 797 3195 desolatumve
827 3152 908 3208 esse,
939 3131 1002 3193 imo
1032 3130 1064 3191 in
1095 3129 1176 3192 cella

429 3231 574 3293 coelicam
600 3232 717 3293 ducere
742 3230 849 3310 vitam,
871 3229 1075 3307 orationibus,
1094 3229 1176 3310 psal-

429 3328 554 3405 modiis,
577 3328 842 3406 meditationibus,
868 3328 1173 3409 compunctionibus

428 3426 587 3489 interdum
607 3434 711 3489 autem
732 3434 764 3488 el
783 3426 908 3489 lectioni
928 3428 1079 3489 vacanda.
1098 3425 1175 3488 Hinc

285 3537 413 3587 suram.
429 3522 460 3585 in
478 3520 697 3584 Ecclesiastico
712 3522 862 3585 edocetur
879 3520 1066 3583 :tristitiam
1083 3520 1176 3601 longe

282 3602 363 3707 {3:²⁵¹
381 3602 413 3649 ¹⁷·
430 3620 586 3701 expellea
608 3628 648 3699 te,
666 3620 783 3682 multos
802 3621 887 3683 enim
906 3619 1021 3684 occidit
1040 3619 1174 3696 tristitia,
1270 3631 1406 3687 Aurora
1429 3646 1545 3687 cursus
1563 3629 1716 3703 prouehit
1739 3647 1750 3687 .·
1773 3626 1835 3690 hoe
1858 3634 1919 3707 est,
1944 3627 1981 3689 in
2049 3640 2066 3694 8

430 3728 462 3783 et
475 3738 540 3783 non
555 3727 604 3781 est
623 3719 741 3781 utilitas
761 3720 793 3780 in
813 3739 871 3797 ea3
893 3718 1072 3783 meliorest
1091 3736 1177 3781 mors
1231 3745 1248 3782 «
1265 3741 1377 3786 aurora
1397 3743 1508 3786 cursus
1524 3747 1553 3801 u,
1570 3724 1601 3787 id
1626 3733 1675 3787 est
1698 3724 1784 3787 celer
1808 3731 1913 3787 motus
1937 3727 1981 3787 ad

429 3836 526 3898 quam
547 3817 610 3879 vita
630 3836 737 3879 amara
751 3839 759 3892 3
775 3817 957 3898 jucunditas
977 3816 1092 3894 cordis,
1110 3817 1177 3878 haec
1232 3823 1314 3885 bona
1330 3842 1386 3884 seu
1400 3821 1529 3884 lervens
1548 3840 1733 3904 progressus
1752 3823 1784 3885 in
1803 3832 1893 3887 aetus
1916 3823 1983 3886 vir-

282 3931 324 3976 lot
340 3932 414 3982 uuae.
430 3924 479 3980 est
494 3916 558 3978 vita
572 3916 721 3977 hominis.
739 3915 825 3977 Unde
841 3916 924 3995 apud
940 3916 998 3979 lob
1015 3937 1022 3975 :
1040 3914 1102 3977 Cur
1121 3915 1178 3976 mi·
1233 3927 1344 3997 tutum,
1362 3941 1379 3978 u
1404 3920 1549 4000 provehit
1573 3943 1601 3998 u,
1619 3919 1650 3981 id
1673 3928 1732 3999 est,
1748 3922 1788 3984 ad
1810 3921 1921 3985 altiora
1945 3934 1985 3986 et

431 4032 502 4077 sero
517 4014 589 4076 data
604 4020 653 4075 est
667 4013 730 4091 lux,
749 4020 780 4075 et
794 4012 857 4075 vita
872 4013 921 4075 his
940 4012 994 4093 qui
1014 4012 1046 4073 in
1066 4012 1179 4074 amari·
1231 4018 1362 4080 meliora
1378 4018 1516 4080 sustollit
1530 4026 1562 4080 et
1577 4018 1680 4081 elevat
1701 4028 1850 4099 mentem,
1867 4038 1985 4101 quem-

430 4112 539 4174 tudine
556 4114 650 4173 suntl
667 4111 760 4173 Porro
775 4110 830 4192 qui
849 4111 937 4173 novit
957 4130 994 4173 ae
1013 4110 1123 4174 didicit
1144 4109 1177 4172 in
1231 4116 1402 4179 admodum
1417 4116 1464 4179 sol
1479 4116 1512 4177 in
1528 4136 1640 4180 aurora
1655 4118 1798 4181 ascendit
1817 4118 1849 4180 in
1872 4118 1955 4183 coelo
1972 4142 1982 4196 3

430 4210 571 4273 adversis
600 4211 748 4291 gaudere,
775 4217 806 4271 et
835 4210 935 4290 ipsam
966 4208 999 4271 al
1001 4209 1176 4272 llictionem
1192 4211 1216 4272 D
1232 4213 1294 4291 vel,
1311 4235 1327 4272 u
1345 4233 1458 4277 aurora
1480 4234 1592 4277 cursus
1608 4236 1636 4292 u,
1654 4214 1685 4276 id
1705 4224 1755 4277 est
1773 4216 1878 4298 ipsum
1897 4216 1985 4280 dilu-

429 4309 591 4390 objectum
606 4307 720 4371 laetitiae
735 4307 794 4371 sibi
814 4315 950 4370 statuere
971 4308 1001 4369 in
1022 4315 1177 4389 quantum
1232 4312 1390 4390 culum,in
1401 4331 1463 4393 quo
1478 4312 1589 4393 incipit
1603 4332 1714 4375 cursus
1729 4314 1791 4376 diei
1805 4324 1837 4377 et
1851 4334 1985 4397 proces-

429 4406 646 4487 multipliciter
660 4406 746 4468 utilis
762 4415 819 4485 est,
837 4414 942 4489 potest
957 4424 1085 4487 semper
1102 4425 1178 4486 gau·
1231 4432 1285 4475 sus
1309 4411 1500 4492 operationis
1524 4411 1655 4488 diurne,
1678 4434 1695 4470 «
1722 4414 1868 4494 provehit
1892 4437 1922 4493 a,
1944 4415 1984 4479 id

427 4505 513 4568 dere.
1231 4518 1289 4588 est,
1320 4509 1550 4590 promotionem
1582 4509 1615 4570 in
1650 4509 1780 4573 meliora
1807 4530 1902 4593 agere
1930 4512 1985 4576 in-

468 4606 597 4675 Pudor,
618 4604 714 4667 idest
733 4603 926 4686 sapientialis
945 4602 1174 4680 erubescentia,
1231 4608 1324 4671 ehoat
1341 4630 1347 4668 :
1365 4608 1450 4688 quod
1465 4625 1577 4669 aumm
1592 4626 1686 4689 egere
1701 4608 1894 4690 perhibetur,
1903 4612 1985 4692 quia

430 4721 493 4783 qua
507 4702 602 4765 homo
622 4700 727 4765 lidelis
748 4702 906 4765 erubescit
924 4702 957 4763 in
977 4700 1092 4764 divinae
1112 4720 1177 4762 ma·
1229 4704 1263 4765 in
1284 4723 1321 4767 ea
1343 4703 1403 4767 hoc
1425 4704 1537 4785 agitur.

429 4800 552 4881 jeslatis
567 4800 733 4881 praesentia
749 4800 852 4863 viliter
867 4818 900 4861 se
916 4799 1178 4877 habere,(lreato
1268 4805 1403 4866 Aurora
1423 4813 1508 4864 totus
1527 4806 1679 4878 prodeat,
1704 4805 1741 4864 iu
1764 4807 1868 4866 Patre
1891 4816 1985 4869 toties

430 4917 499 4961 rem
512 4896 689 4975 ollendere,
702 4898 835 4980 turpiter
850 4897 997 4978 cogitare,
1007 4918 1023 4956 c
1041 4898 1176 4977 pudor»
1229 4902 1350 4972 Filius,
1361 4910 1392 4961 et
1407 4910 1493 4961 totus
1508 4903 1544 4960 iu
1569 4903 1666 4963 Verbo
1681 4905 1786 4964 Pater
1800 4924 1812 4961 .·
1826 4901 1858 4964 id
1873 4912 1932 4982 est,
1944 4905 1984 4968 in

429 5013 566 5077 quoque,
584 4995 646 5059 hoc
665 5003 714 5057 θεῖ
733 4994 882 5075 pudicitia
903 4994 1064 5073 eastitatis,
1081 4998 1125 5055 ait
1138 5005 1176 5056 ut
1229 4998 1298 5080 ipsa
1312 5020 1329 5057 «
1345 5016 1457 5061 aurora
1472 4998 1568 5061 Filius
1582 5006 1667 5061 totus
1683 5020 1712 5079 u,
1727 4999 1760 5061 id
1774 5010 1824 5063 est
1837 5001 1985 5067 Christus

428 5097 628 5165 diluculum,
643 5093 675 5155 id
700 5101 759 5171 est,
782 5093 821 5156 sil
846 5092 1036 5175 principium
1060 5092 1177 5155 illumi·
1229 5096 1389 5178 perlectus
1414 5116 1451 5159 ac
1471 5096 1603 5179 integer,
1626 5097 1709 5160 Deus
1727 5105 1760 5160 et
1774 5098 1880 5178 homo,
1898 5104 1985 5166 exsi-

427 5192 563 5256 natiouis
577 5192 690 5255 animae
706 5200 832 5271 nostre,
848 5192 1115 5272 quemadmodum
1130 5192 1176 5254 di·
1229 5202 1315 5257 stens
1330 5217 1347 5255 o
1365 5203 1448 5259 tetus
1473 5196 1505 5257 in
1529 5195 1619 5259 Patre
1634 5218 1651 5256 r
1666 5203 1817 5277 tauquam
1836 5198 1982 5266 Verbum

426 5289 569 5355 luculum
585 5310 642 5355 seu
656 5309 769 5357 aurora
786 5289 978 5375 principium
997 5299 1046 5355 est
1059 5290 1122 5355 diei
1136 5310 1174 5355 ac
1228 5292 1326 5356 Patris
1344 5292 1378 5355 in
1397 5294 1493 5359 corde
1512 5292 1610 5357 Patris
1631 5292 1821 5359 atemaliter
1841 5294 1983 5359 invaria-

1385 3213 1421 3261 Ut
1436 3227 1521 3277 quum
1534 3213 1673 3277 protunda
1685 3212 1822 3264 clauserit

1384 3294 1463 3344 Diem
1479 3293 1571 3356 caligo
1587 3293 1722 3353 noctium,

1385 3374 1467 3423 Fides
1479 3374 1610 3424 tenebras
1626 3374 1742 3435 nesciat,

1385 3454 1419 3504 Et
1432 3468 1487 3505 nox
1501 3454 1554 3504 fide
1570 3455 1703 3506 reluceat.
