4309 6259
462 468 524 533 tto
749 487 790 533 nn
810 486 967 537 nummo
988 486 1025 531 rr
1045 484 1211 531 nruurrura
1230 484 1347 545 nuru,
1370 486 1457 533 urana
1478 487 1511 533 rr.
1533 505 1574 517 -
1594 488 1663 535 rar.
1686 489 1719 534 rx

462 657 573 721 tentia.
590 658 684 721 Porro
704 664 809 720 creata
823 656 937 719 Christi
959 655 1117 739 sapientia
1139 674 1210 737 par-
1223 655 1249 717 A
1264 654 1437 739 sapientiae,
1464 657 1640 738 comparari
1663 666 1795 738 queunt,
1816 666 1995 741 catenasque

461 756 547 819 titur.
568 755 623 818 Est
645 755 733 817 enim
755 774 831 835 una,
852 774 916 837 qua
937 754 1081 817 divinam
1102 773 1210 817 essen·
1263 754 1381 817 distant
1408 764 1562 836 quantum
1592 774 1701 819 servos
1729 776 1748 818 a
1770 765 1869 819 matre
1890 757 1994 819 distare

460 855 539 917 tiam
552 861 647 936 atque
666 852 700 915 in
719 872 758 916 ca
775 853 884 916 emnia
903 853 1010 932 videt3
1026 853 1089 915 alia
1104 860 1208 914 antem
1263 854 1365 915 decet.

460 951 615 1016 divinitus
644 950 761 1031 inlusa,
786 970 850 1033 qua
877 970 915 1013 ea
942 951 1091 1013 universa
1116 950 1209 1031 plene

461 1049 605 1131 agnoscit
618 1050 658 1111 ad
678 1068 750 1130 quta
771 1069 805 1113 se
828 1048 981 1111 naturalis
1002 1047 1142 1111 hominis
1164 1047 1210 1110 fa-

461 1148 563 1211 cultas
578 1146 736 1229 expandit.
753 1146 893 1229 Denique
908 1155 940 1208 ct
961 1146 1053 1208 tertia
1067 1146 1097 1209 ei
1113 1146 1207 1225 inest,
1456 1124 1719 1219 ARTICULUS
1756 1126 1818 1189 ῙΧ·

460 1265 523 1328 qua
537 1246 719 1310 divinornm
733 1245 954 1327 mysteriorum
970 1243 1145 1325 perfectam
1161 1262 1210 1307 θα
1264 1273 1414 1340 cmiter
1441 1273 1568 1332 cerato
1594 1274 1682 1333 racto
1716 1274 1812 1349 vsryo
1835 1275 1941 1334 aare
1965 1276 1993 1333 a

459 1344 636 1426 gnitioncm
670 1343 799 1406 sortitus
827 1350 896 1421 est3
925 1348 1038 1424 quarta
1069 1360 1207 1423 quoquc,
1303 1361 1422 1421 mundi
1448 1362 1667 1437 redemptione
1694 1372 1862 1437 cooperma
1885 1364 1993 1422 intent.

460 1461 531 1524 qute
545 1440 800 1523 experimentalis
813 1448 882 1503 est:
899 1441 933 1502 in
948 1440 1007 1502 hac
1023 1439 1090 1503 sola
1105 1440 1210 1520 profe·
1299 1453 1408 1527 penda
1429 1460 1486 1511 esc,

460 1540 516 1617 cit,
531 1538 684 1621 quoniam
704 1538 738 1599 in
757 1538 828 1599 aliis
846 1537 888 1599 ah
906 1537 976 1620 ipso
990 1536 1209 1619 conceptionis

463 1636 593 1700 exordio
613 1635 774 1718 perfectus
794 1634 924 1698 exstitit.
1263 1636 1396 1800 NON
1406 1638 1496 1697 misit
1510 1639 1598 1699 Deus
1612 1639 1738 1699 Filium
1753 1658 1849 1700 soom
1864 1640 1900 1699 in
1912 1660 1993 1701 mar·
2002 1664 2057 1705 teat
2069 1678 2086 1708 ·.

500 1735 589 1798 Ratio
612 1742 719 1797 autem
748 1752 805 1796 cnr
836 1733 928 1796 tertia
954 1733 1021 1815 jam
1045 1732 1209 1796 nominata
1344 1738 1424 1795 dum
1439 1736 1613 1812 ctjudicet
1634 1739 1925 1807 mandamaes
1943 1729 2027 1796 sati·
2105 1742 2106 1779 t

460 1831 616 1916 sapientia
630 1831 752 1895 Christo
771 1831 864 1908 inest,
882 1831 1016 1893 traditur
1032 1855 1039 1893 :
1056 1832 1246 1912 quoniamB
1263 1842 1358 1893 vetor
1380 1836 1525 1894 mundus
1548 1850 1611 1909 per
1640 1835 1757 1910 ipsam.
1785 1834 1992 1897 Verumtamen

459 1949 516 2012 per
539 1938 685 1993 naturam
710 1936 905 2010 assumptam
931 1947 995 1992 non
1021 1929 1088 2009 jam
1118 1929 1209 1992 dnm·
1262 1929 1390 1993 Creator
1403 1930 1576 1993 altissimus
1591 1939 1685 2012 atque
1704 1940 1853 2011 aeternus,
1867 1932 1920 2014 qui
1937 1950 2087 2003 emmanu,

457 2037 542 2092 mat
570 2029 744 2090 humanam
771 2035 916 2089 naturam
945 2026 1116 2109 reparavit,
1153 2029 1209 2091 sed
1262 2027 1316 2090 nia
1340 2028 1373 2090 in
1399 2029 1555 2111 sapientia
1577 2029 1665 2109 fecit,
1686 2029 1859 2094 humanam
1881 2049 1993 2113 quoquc

457 2126 565 2210 gratiae
585 2126 715 2208 iusuper
734 2133 923 2207 propagator
943 2124 1016 2188 fuit.
1038 2125 1111 2188 llaec
1132 2144 1208 2189 vero
1263 2127 1397 2189 salutem
1412 2126 1647 2209 sapientissime
1667 2129 1836 2209 reparavit,
1852 2137 1886 2191 ut
1899 2148 1994 2210 quorn-

459 2222 581 2301 notitia,
598 2224 763 2287 hominum
782 2231 815 2285 et
836 2223 912 2285 item
936 2222 1122 2305 angelorum
1141 2223 1208 2285 vim
1262 2224 1434 2287 admodum
1450 2224 1500 2287 vir
1513 2242 1577 2287 non
1596 2224 1666 2288 sinc
1685 2233 1876 2308 cooperante
1890 2225 1994 2289 femina
2106 2284 2107 2307 ,

459 2322 635 2385 naturalem
658 2321 879 2400 transcendit;
900 2329 1136 2402 cognoscuntur
1154 2341 1210 2384 au·
1262 2324 1417 2386 mnndum
1438 2322 1566 2401 occidit,
1583 2323 1629 2385 sic
1651 2342 1710 2387 nec
1733 2324 1853 2405 absque
1875 2343 1995 2389 concau-
2106 2326 2107 2383 ζ

459 2429 524 2483 tem
549 2419 669 2499 [divina
692 2419 852 2501 mysterial
875 2420 915 2482 ah
943 2419 1127 2482 hominihus
1151 2438 1209 2501 pcr
1263 2428 1352 2484 sante
1367 2421 1500 2484 muliere
1516 2421 1565 2484 vir
1578 2422 1734 2484 mundum
1749 2423 1926 2485 redimeret.

458 2518 622 2600 sapientiae
647 2518 766 2580 donum
787 2516 1023 2599 prophetiaque
1048 2517 1206 2598 spiritum.
1302 2518 1371 2582 Non
1386 2526 1492 2581 tamen
1507 2518 1554 2581 sic
1568 2517 1692 2582 Christo
1712 2519 1863 2584 salvatori
1882 2520 1995 2583 hlariam

497 2616 631 2681 Proinde
652 2635 690 2678 ex
711 2615 808 2697 hujus
822 2616 863 2697 (si
885 2616 944 2678 rite
966 2616 1146 2695 considero)
1160 2636 1209 2679 ra·
1262 2624 1463 2699 cooperatam
1492 2634 1564 2681 reor
1592 2623 1743 2697 tanquam
1773 2617 1828 2681 ille
1856 2637 1918 2683 non
1942 2618 1996 2681 sul·

458 2715 556 2778 tionis
570 2713 816 2793 virtutc,inferri
832 2714 878 2776 nil
893 2713 1039 2796 prohibet
1052 2716 1130 2795 quin
1145 2733 1208 2796 quo
1262 2713 1385 2777 fecerit.
1412 2713 1548 2778 Suffecit
1572 2732 1713 2796 prorsus,
1741 2716 1930 2798 penitusque
1955 2736 1997 2777 sn-

457 2813 579 2876 Christe
595 2812 690 2895 Virgo
703 2813 800 2875 ldater
815 2812 848 2873 in
872 2812 1069 2893 reparatione
1088 2821 1209 2876 naturae
1261 2811 1449 2895 persuffecit
1480 2836 1487 2875 ε
1517 2812 1637 2894 qnippe
1665 2812 1759 2894 cujus
1787 2814 1997 2878 satisfactionis

458 2910 747 2994 propagationeque
761 2910 870 2992 gratia
884 2909 1020 2973 vicinior
1032 2918 1100 2973 erat
1114 2919 1208 2993 atque
1262 2930 1335 2993 pars
1349 2909 1520 2973 millesima
1540 2910 1673 2973 omnino
1695 2918 1762 2973 erat
1783 2911 1892 2994 digna,
1908 2931 1942 2974 ac
1955 2931 1998 2973 su

459 3007 688 3088 concausaiior‚
714 3026 752 3071 eo
783 3006 969 3089 ampliorem
1001 3016 1073 3088 post
1102 3008 1243 3090 ipsnmC
1263 3008 1435 3091 peridonea
1455 3007 1636 3071 exsistebat.
1652 3007 1758 3071 Nihilo
1774 3009 1880 3073 minus
1901 3010 1996 3091 utiquc
2107 3026 2108 3093 t

458 3104 678 3188 mysteriomm
692 3105 800 3186 gratiae
815 3104 976 3168 notionem
990 3104 1143 3167 divinitus
1158 3107 1209 3169 ad·
1261 3106 1372 3169 multis
1391 3106 1565 3170 rationibus
1586 3106 1710 3169 Christo
1730 3117 1901 3189 cooperata
1921 3127 1998 3169 mun

458 3212 533 3287 epta
547 3204 597 3266 sit.
613 3204 721 3285 Neque
735 3204 823 3267 enim
837 3202 982 3267 dubitare
997 3223 1054 3286 par
1068 3212 1117 3267 est
1131 3205 1208 3285 quin
1262 3204 1358 3285 dique
1386 3204 1536 3266 salvatrix
1559 3202 1661 3266 fertur
1683 3204 1790 3269 liaris.
1817 3206 1919 3269 Primo
1940 3205 1998 3287 qui·

460 3302 629 3368 secretiora
639 3302 679 3364 de
692 3302 913 3366 incarnatione
928 3302 1107 3385 ceterisque
1118 3322 1208 3368 novae
1262 3302 1346 3380 dem,
1363 3300 1514 3382 quoniam
1529 3320 1602 3364 eum
1621 3302 1676 3382 qni
1690 3302 1801 3365 orhem
1818 3304 1930 3367 refecit
1940 3304 1998 3385 ipsa

460 3402 541 3484 legis
555 3400 772 3481 sacramentis,
788 3401 880 3484 plura
898 3419 1024 3483 quoqne
1045 3401 1078 3463 in
1094 3402 1208 3484 spiritu
1263 3400 1411 3482 concepit
1424 3407 1457 3461 ct
1469 3398 1581 3480 edidit,
1597 3398 1727 3463 lactavit
1739 3408 1772 3462 et
1786 3400 1870 3465 fovit
1886 3411 1935 3465 :et
1948 3400 1999 3464 sci-

460 3498 634 3581 prophctiae
651 3498 692 3561 de
711 3497 810 3561 divini
832 3498 957 3562 consilii
976 3500 1110 3577 arcanis,
1132 3519 1209 3562 cun-
1262 3517 1334 3561 mus
1349 3498 1424 3579 quia
1438 3497 1523 3579 quod
1538 3505 1587 3561 est
1605 3516 1701 3561 causa
1719 3517 1834 3579 causae,
1853 3508 1901 3563 est
1918 3516 1999 3563 causa

461 3597 521 3661 ctis
542 3595 729 3674 viatoribus,
749 3596 846 3660 ctiam
867 3596 900 3658 in
923 3597 1014 3661 terris
1036 3598 1141 3660 adhuc
1162 3598 1210 3661 vi·
1264 3595 1395 3660 causati.
1415 3630 1456 3641 —
1479 3594 1512 3657 Si
1535 3602 1642 3658 autem
1666 3594 1838 3677 objeceris,
1862 3598 1999 3680 qnoniam

461 3715 551 3775 vens,
566 3695 780 3777 contemplata
795 3695 837 3757 sit
850 3694 947 3758 ldatcr
959 3696 1108 3777 gloriosa.
1126 3696 1210 3759 Alio-
1264 3693 1478 3779 parilormiter
1492 3700 1523 3757 et
1537 3694 1647 3756 mundi
1662 3696 1798 3758 creatrix
1811 3696 1879 3760 dici
1889 3703 1998 3780 posset:
2108 3700 2109 3703 ’

461 3794 528 3875 qni,
544 3793 704 3875 quomodo
724 3802 826 3856 mater
839 3793 946 3875 gratia
965 3794 1140 3874 mundique
1162 3814 1210 3857 re-
1264 3813 1337 3857 cum
1359 3810 1474 3873 nempe
1501 3790 1556 3873 qni
1584 3792 1739 3855 mundum
1768 3795 1922 3875 condidit,
1942 3795 2001 3877 ipsa

461 3890 620 3973 demptrix
634 3891 758 3954 censeri
780 3892 885 3954 valetl
901 3891 962 3954 nisi
983 3891 1064 3955 forte
1085 3911 1149 3956 non
1169 3893 1210 3955 sit
1264 3890 1674 3973 gennitllespondendum,
1687 3890 1809 3956 Christe
1823 3901 1931 3955 actum
1945 3910 2002 3955 cre·

463 3990 526 4072 ipsi
555 4008 743 4054 concessum
769 4009 962 4072 cognoscere
989 3992 1072 4072 qnod
1101 3993 1208 4056 datum
1264 3988 1380 4053 ationis
1395 4007 1434 4052 cx
1447 3987 1615 4051 divinitate
1630 3996 1821 4071 competere,
1838 4010 1934 4073 quam
1947 4008 2001 4052 non

462 4095 511 4151 est
521 4088 551 4151 ei
561 4107 643 4168 esse,
651 4085 755 4168 sitque
770 4087 820 4150 vel
836 4087 1032 4170 ingrata,aut
1045 4100 1132 4151 certe
1146 4108 1211 4154 non
1265 4107 1303 4151 ex
1316 4086 1412 4150 llario
1426 4084 1573 4169 sumpsit,
1590 4086 1646 4149 sed
1660 4104 1717 4168 per
1736 4106 1832 4167 quam
1853 4106 2003 4170 eamque
2108 4162 2109 4165 Ἴ

463 4186 540 4249 satis
559 4194 649 4268 grata
665 4208 672 4248 ε
690 4186 775 4265 quod
795 4184 887 4247 nefas
908 4186 1052 4249 arbitror.
1068 4186 1160 4266 Nam,
1177 4196 1212 4250 nt
1226 4186 1251 4249 o
1265 4203 1327 4266 que
1346 4184 1475 4247 creavit.
1496 4183 1590 4247 Porro
1605 4183 1791 4262 satisfactio,
1809 4184 2003 4249 humanitatis
2108 4246 2109 4255 ,

463 4302 574 4347 secure
596 4284 718 4364 loqnar,
736 4300 796 4345 nec
816 4282 967 4365 princeps
988 4283 1211 4364 Apostolorum
1267 4289 1314 4344 est
1340 4281 1496 4344 idoneitas
1524 4288 1659 4362 tantum,
1689 4281 1830 4364 itemque
1869 4282 2004 4347 efficacia

463 4382 584 4462 Petrus,
609 4398 713 4462 neque
740 4380 773 4441 in
802 4380 930 4442 tertium
958 4382 1075 4444 coelum
1103 4391 1211 4463 raptus
1268 4378 1491 4442 satisfactionis
1519 4378 1613 4441 istius
1647 4378 1687 4441 ab
1722 4380 1812 4443 unita
1848 4382 2002 4445 divinitate
2108 4424 2109 4437 .

462 4479 588 4557 Paulus,
610 4496 669 4541 nec
693 4479 830 4542 loannes
853 4478 1072 4560 theologorum
1096 4479 1213 4542 altissi-
1267 4484 1404 4540 emanat.
1432 4475 1667 4538 humanitatem
1703 4496 1778 4541 vero
1819 4498 1859 4541 cx
1888 4479 2002 4561 Virgine

464 4596 534 4639 mus
550 4576 748 4656 ubertimque
764 4576 797 4637 in
814 4575 925 4657 spiritu
945 4576 1134 4657 consistens,
1152 4597 1211 4641 nec
1267 4574 1406 4657 suscepit
1437 4572 1605 4654 :ideoque
1635 4592 1699 4637 non
1727 4577 1863 4640 creatrix
1893 4576 2001 4653 mundi,

464 4672 625 4755 legislator
637 4674 770 4755 Moyses,
786 4692 890 4753 neque
907 4673 1005 4737 David
1020 4673 1134 4737 Vatum
1149 4676 1213 4756 spi·
1267 4674 1323 4736 sed
1345 4671 1494 4735 salvatrix
1514 4671 1579 4734 dici
1602 4680 1718 4754 potest.
2108 4662 2109 4665 ¹

464 4769 700 4850 ritnalissimns,
726 4788 821 4852 quem
847 4770 983 4852 Spiritus
1010 4772 1065 4835 Dei
1095 4772 1210 4852 induit,
1306 4770 1448 4850 Denique
1469 4770 1619 4833 salvatrix
1639 4771 1726 4834 orhis
1745 4772 1935 4854 appellatur,
1949 4791 2004 4836 uon

464 4888 524 4931 nec
546 4868 655 4948 isaias,
670 4868 726 4948 qui
749 4868 789 4930 de
810 4866 926 4930 Christi
946 4876 1041 4950 atque
1061 4871 1212 4936 Ecclesiae
1267 4877 1396 4951 propter
1409 4867 1630 4947 efficientiam,
1638 4869 1789 4949 quoniam
1806 4890 1868 4936 nec
1883 4872 2005 4935 salntem

463 4965 624 5049 mysteriis
647 4972 711 5027 tam
735 4965 912 5028 eminenter
935 4967 1063 5045 cecinit,
1087 4968 1211 5050 Virgini
1267 4987 1325 5029 nco
1340 4966 1474 5049 gratiam
1494 4965 1565 5048 ipsa
1584 4966 1707 5046 effrcit;
1725 4970 1780 5031 sed
1796 4981 1930 5054 propter
1943 4969 2006 5031 suh
2108 4972 2109 5037 J

464 5065 538 5127 huic
561 5071 679 5125 sanctur
703 5062 855 5142 hlatrique
878 5063 1005 5143 divinae,
1029 5066 1063 5127 in
1087 5065 1211 5131 divino-
1267 5065 1448 5128 ventioncm
1475 5086 1481 5125 :
1507 5063 1584 5144 quia
1606 5064 1741 5146 gratiam
1764 5065 2005 5149 felicitatemque
2108 5086 2109 5143 y

464 5182 535 5225 rum
558 5159 826 5243 contemplatione
849 5161 1083 5242 mysteriorum,
1108 5164 1141 5226 in
1164 5165 1211 5227 di·
1266 5162 1356 5226 nohis
1385 5170 1533 5245 precatur
1561 5170 1656 5243 atquc
1689 5174 1853 5244 procurat.
1884 5166 2004 5239 llursus,

464 5258 533 5325 vini
563 5257 756 5322 revelatione
788 5256 926 5337 consilii,
959 5257 993 5319 in
1028 5260 1209 5325 sinceritate
1267 5261 1418 5345 qnoniam
1439 5261 1604 5325 mediatrix
1626 5261 1738 5325 mundi
1761 5261 1849 5327 facta
1874 5272 1932 5346 est,
1947 5280 2006 5327 eos·
2108 5344 2109 5351 ἵ
