4309 6259
383 501 423 547 nn
442 500 601 549 rancorem
621 502 660 547 nr
680 501 845 549 nrourrlrs
864 503 981 561 naara,
1004 503 1093 549 arnna
1113 504 1145 549 rr.
1167 522 1208 533 -
1228 503 1298 550 sur.
1322 504 1389 561 xur,
1410 504 1463 550 xrv
1636 479 1696 547 tta

149 669 319 753 conspicis,
349 670 487 754 Virginis
513 672 620 736 llatris
653 672 828 754 caritatem,
855 673 895 736 ad
910 675 935 737 Α
950 674 1031 755 ejus.
1057 672 1127 737 Non
1152 675 1335 738 conferetur
1362 674 1470 738 tinctis
1494 672 1591 735 lndiae
1614 670 1699 734 colo-

149 768 257 832 dilecti
281 768 331 831 sui
357 769 511 833 unionem
535 790 605 834 eam
635 769 842 835 indicibiliter
864 778 897 834 et
950 772 1049 854 ribus,
1071 792 1131 836 nee
1160 772 1259 855 lapidi
1289 772 1487 855 sardonycho
1509 766 1700 853 pretiosissi-

149 868 197 947 (ut
219 867 270 930 fas
293 869 354 948 est)
378 868 593 931 indesinenter
616 870 770 933 excitasse
789 889 826 933 ac
848 870 896 932 in·
950 888 1016 949 mo,
1032 871 1083 934 vel
1099 870 1260 953 sapphiro.
1278 870 1345 934 Non
1365 868 1581 952 adaequabitur
1598 866 1627 929 ei
1646 884 1701 928 au-

148 965 427 1030 flammasse.Unio
437 975 544 1031 autem
558 968 783 1031 intellectualis
794 968 896 1050 ipsius
952 988 1022 1031 rum
1037 968 1088 1031 vel
1103 968 1232 1047 vitrum,
1243 987 1303 1031 nec
1318 968 1459 1050 topazius
1474 967 1513 1030 de
1528 962 1697 1045 AEthiopia.

148 1064 285 1127 amantis
300 1065 338 1127 ad
353 1065 517 1145 dilectum,
529 1086 587 1148 per
601 1066 771 1130 mentalem
786 1066 904 1148 utique.
951 1067 1099 1129 Trahitur
1125 1074 1231 1131 autem
1257 1066 1410 1149 sapientia
1433 1066 1474 1129 de
1497 1062 1642 1143 occultis,
1668 1068 1701 1123 et

147 1162 306 1225 visionem
330 1161 485 1243 efficitur,
511 1165 663 1247 quoniam
688 1183 752 1228 non
775 1165 838 1227 nisi
862 1164 896 1227 in
952 1165 1137 1229 abscondita
1160 1173 1210 1228 est
1232 1166 1273 1228 ab
1296 1164 1398 1229 oculis
1423 1163 1563 1227 molliter
1590 1161 1702 1225 viven-

148 1260 313 1341 cognitum
333 1260 411 1324 ferri
433 1262 519 1325 valet
539 1263 697 1326 voluntas.
720 1263 827 1345 ltaque
849 1282 898 1325 sa·
952 1263 1043 1327 tium.
1059 1264 1197 1328 Perditio
1219 1272 1251 1327 et
1269 1282 1355 1327 mors
1378 1262 1526 1325 dixerunt
1541 1285 1549 1323 ι
1565 1260 1702 1323 Auribus

146 1357 310 1440 pientialis
324 1356 565 1441 affectuosaque
579 1379 670 1423 mens
685 1378 742 1441 per
756 1368 897 1424 contem·
952 1362 1068 1425 nostris
1082 1362 1263 1426 audivimus
1278 1361 1397 1424 famam
1412 1360 1493 1442 ejus.
1509 1360 1592 1422 Deus
1610 1357 1702 1421 intel·

147 1455 322 1537 plationem
341 1456 510 1538 copulatur
527 1466 643 1522 amato.
665 1458 752 1521 Unde
771 1458 898 1521 elucere
952 1460 1023 1541 figit
1036 1460 1120 1523 viam
1135 1460 1218 1541 ejus,
1235 1468 1266 1523 et
1281 1459 1350 1541 ipse
1370 1457 1459 1521 novit
1478 1458 1584 1521 locum
1603 1454 1700 1517 illius.

147 1573 231 1634 reor,
257 1554 304 1618 sic
327 1554 432 1617 llatris
456 1555 636 1637 purissima
661 1555 895 1635 incessabilem,
952 1558 1010 1634 Qui
1026 1558 1103 1621 fecit
1117 1558 1222 1621 ventis
1238 1557 1371 1640 pondus,
1388 1563 1421 1619 et
1434 1575 1532 1638 aquas
1552 1552 1704 1636 appendit

146 1654 314 1735 magisque
327 1673 422 1737 quam
438 1653 497 1717 lari
511 1664 606 1738 queat
620 1656 805 1720 continuam
820 1656 898 1719 fuis
953 1658 986 1719 in
1011 1676 1172 1737 mensura,
1199 1657 1326 1737 quando
1351 1654 1490 1737 ponebat
1514 1652 1631 1734 pluviis
1659 1651 1704 1713 lo-

149 1771 183 1815 se
218 1752 520 1833 contemplationem
553 1753 624 1815 Filii
657 1754 821 1833 adorandi,
850 1754 898 1816 uti
955 1774 1038 1837 gem,
1061 1763 1094 1817 et
1116 1753 1201 1817 viam
1227 1753 1376 1835 procellis
1402 1751 1600 1829 sonantibus,
1625 1758 1702 1811 tunc

149 1850 317 1931 utriusque
350 1859 481 1914 mutuus
515 1870 604 1915 amor
634 1853 899 1916 aestuantissimus
917 1852 941 1914 B
956 1853 1036 1917 vidit
1056 1851 1144 1915 illam
1166 1860 1197 1914 et
1218 1850 1385 1914 enarravit.

150 1948 386 2031 continuusque
406 1949 536 2013 exstitit.
996 1951 1126 2031 Propter
1149 1950 1209 2013 hoe
1234 1948 1353 2031 optavi,
1379 1957 1411 2010 et
1434 1947 1527 2010 datus
1551 1952 1599 2009 est
1621 1943 1700 2007 mihi
1715 1970 1849 2029 smqs,

113 2078 131 2115 v,
188 2047 420 2126 Praeterea,etsi
433 2048 537 2129 justus
552 2048 669 2130 septies
683 2048 716 2111 in
730 2048 783 2112 die
798 2050 900 2127 cadat,
956 2068 1089 2125 sensus;
1104 2046 1264 2127 invocavi,
1286 2054 1318 2109 et
1338 2045 1425 2109 venit
1447 2045 1480 2106 in
1503 2062 1554 2106 me
1574 2042 1702 2125 spiritus
1715 2037 1736 2079 ⁸·

44 2158 48 2168 ·
92 2201 136 2238 Μ,
149 2146 332 2226 denuoque,
359 2146 387 2207 si
411 2145 582 2209 dixerimus
610 2146 762 2227 quoniam
790 2166 901 2228 pecca·
956 2146 1130 2230 sapientiae.
1152 2144 1309 2227 Praeposui
1334 2143 1422 2206 illanr
1442 2141 1549 2223 regnis
1568 2148 1600 2203 et
1621 2140 1704 2203 sedi-

148 2252 217 2305 tum
245 2261 310 2306 non
334 2243 499 2322 habemus,
525 2244 586 2325 ipsi
612 2264 671 2308 nos
696 2246 900 2325 seducimus;
956 2246 1027 2324 bus,
1043 2252 1076 2307 et
1095 2243 1223 2307 divitias
1246 2242 1326 2305 nihil
1348 2260 1417 2304 esse
1437 2239 1501 2301 dixi
1524 2239 1558 2300 in
1578 2256 1704 2319 compa-

148 2341 281 2403 llariam
295 2350 402 2404 tamen
416 2360 557 2423 unquam
572 2343 738 2423 cecidisse,
748 2352 803 2405 aut
816 2351 902 2407 certe
957 2343 1077 2406 ratione
1092 2342 1188 2404 illius.
1205 2341 1295 2404 Clara
1308 2348 1357 2403 est
1369 2339 1468 2415 enim,
1485 2345 1516 2399 et
1536 2355 1606 2417 quae
1624 2354 1706 2396 nun·
1718 2354 1852 2405 ronnas

148 2458 314 2521 peccasse,
329 2440 474 2503 arbitrari
489 2440 580 2503 nefas
594 2440 727 2503 omnino
742 2451 800 2503 est.
817 2441 903 2503 Nun·
956 2461 1051 2525 quarn
1088 2440 1267 2519 marcescit,
1305 2436 1462 2519 sapientia
1500 2458 1507 2497 :
1543 2442 1575 2497 et
1609 2433 1705 2495 facile
1719 2421 1753 2462 ¹⁶·

148 2558 247 2621 quarn
262 2556 339 2619 ergo
354 2538 559 2601 mensllariae
574 2538 756 2601 inordinate
770 2557 902 2620 occupa·
958 2539 1118 2602 invenitur
1137 2538 1177 2600 ah
1200 2537 1250 2599 his
1274 2536 1329 2618 qui
1353 2541 1497 2617 querunt
1517 2551 1607 2610 eam3
1627 2550 1706 2613 prae-

147 2646 179 2699 ta
204 2637 348 2700 otiosave
368 2635 498 2698 exstitit.
522 2636 621 2699 Omne
641 2636 747 2717 itaque
768 2637 901 2700 interius
956 2644 1092 2719 occupat
1110 2653 1165 2699 eos
1186 2635 1240 2716 qui
1266 2652 1300 2696 se
1324 2632 1577 2713 concupiscunt;
1598 2638 1631 2691 et
1649 2627 1704 2709 qui

147 2753 230 2816 opus
256 2733 329 2816 ejus
347 2740 415 2797 erat
434 2741 490 2796 aut
509 2733 692 2798 divinorum
714 2734 900 2817 speculatio,
955 2733 1136 2816 vigilaverit
1150 2732 1188 2794 ad
1204 2731 1305 2808 illarn,
1321 2729 1385 2793 cito
1399 2730 1461 2791 erit
1475 2747 1618 2791 securus.
1635 2724 1705 2789 Non
1731 2742 1791 2786 nu.
1806 2756 1851 2797 vn,

148 2840 203 2895 aut
228 2840 407 2895 ceterarum
430 2831 651 2914 operationum
675 2831 709 2893 in
732 2832 831 2894 Deum
853 2851 901 2894 re
956 2832 1043 2897 enim
1065 2832 1161 2894 habet
1180 2828 1425 2892 amaritudinem
1445 2824 1646 2889 conversatio
1666 2823 1706 2885 il·
1720 2807 1753 2849 ¹⁶·

148 2930 260 2994 ductio
286 2953 293 2990 ε
319 2929 362 2992 ita
385 2930 470 3010 quod
499 2929 545 2991 nil
570 2930 697 3010 penitus
722 2930 822 3012 egerit
845 2948 902 2992 seu
956 2932 1031 3009 lius,
1047 2949 1106 2992 nee
1122 2928 1249 2991 taedium
1269 2925 1435 2989 convictus
1456 2924 1565 3006 ipsius.
1582 2924 1706 2985 Intrans

149 3028 348 3109 cognoverit,
377 3036 432 3091 aut
460 3035 545 3090 certe
573 3026 784 3107 affectaverit,
816 3028 900 3109 quod
919 3030 989 3093 Gin
1003 3031 1133 3092 domum
1153 3044 1269 3104 meam,
1285 3023 1511 3105 conquiescam
1530 3040 1604 3085 cum
1623 3020 1703 3083 illa:

148 3145 214 3189 non
249 3126 446 3189 incessanter
481 3132 576 3207 atque
611 3134 741 3207 repente
777 3127 810 3188 in
844 3126 900 3188 Dei
956 3126 1108 3210 quoniam
1124 3124 1274 3207 gaudium
1290 3122 1385 3186 babet
1399 3129 1494 3204 atque
1509 3119 1661 3183 letitiam.

149 3224 306 3287 honorem
341 3223 537 3305 gloriamque
566 3224 719 3287 retulerit.
748 3224 902 3304 Huiusce
996 3223 1159 3302 Invenisti,
1182 3240 1200 3284 o
1220 3221 1340 3303 optima
1363 3219 1470 3298 illaria,
1492 3218 1704 3300 sapientiam;

149 3322 360 3385 mediantem
381 3321 494 3384 vitain
513 3322 781 3403 contemplatione
799 3322 902 3384 excel·
956 3332 988 3387 et
1001 3323 1077 3405 quia
1091 3322 1174 3383 hanc
1196 3319 1309 3381 amasti
1331 3326 1362 3380 et
1376 3316 1541 3398 exquisisti
1557 3336 1575 3379 a
1593 3317 1706 3398 juven·
1721 3338 1804 3383 rnna

150 3418 329 3482 lentissime
356 3418 575 3499 stabiliterque
602 3437 757 3500 suspensa
780 3428 838 3481 est.
863 3418 902 3480 ht
957 3430 1023 3484 tute
1038 3417 1256 3498 tua,factaque
1271 3436 1305 3479 es
1320 3415 1453 3478 amatrix
1466 3414 1577 3477 formae
1591 3414 1703 3496 ipsius,

152 3538 242 3597 vero,
273 3536 365 3581 mens
392 3536 488 3599 quam
521 3518 711 3596 inordinata,
741 3519 902 3579 mundana
957 3517 1089 3580 amatrix
1118 3517 1227 3597 utique
1256 3514 1390 3595 simplex
1415 3520 1446 3574 et
1473 3531 1564 3594 pura,
1591 3512 1704 3573 ardens

152 3617 222 3679 sive
238 3615 374 3679 carnalis
390 3615 477 3677 nulla
500 3624 587 3679 tenet
605 3614 747 3696 allectio,
762 3635 833 3696 que
852 3634 913 3686 ea-,
958 3637 994 3680 ac
1012 3615 1204 3691 humillima,
1226 3612 1314 3675 venit
1336 3611 1368 3671 in
1390 3619 1421 3672 to
1439 3611 1522 3673 Fons
1548 3608 1704 3671 universae
1717 3624 1790 3669 neers.
1805 3627 1849 3677 ..a

152 3715 247 3778 ritate
268 3713 462 3777 calidissime
482 3713 581 3791 ardet,
598 3721 630 3776 et
650 3712 727 3776 item
746 3713 903 3795 sapientia
957 3714 1131 3796 sapientiae,
1149 3712 1287 3775 Verbum
1303 3710 1400 3772 Patris
1416 3708 1448 3770 in
1465 3706 1636 3784 ultissimis,
1650 3707 1705 3769 do

152 3812 395 3895 preclarissime
410 3812 507 3891 lucet,
523 3812 556 3873 in
570 3810 772 3875 deiformium
791 3812 902 3893 utique
957 3813 1085 3894 ouftque
1114 3820 1146 3873 et
1173 3808 1351 3892 penetravit
1378 3814 1408 3869 te
1438 3804 1589 3889 splendor
1620 3804 1701 3885 ejus,

152 3910 338 3974 sinceritate
352 3910 605 3993 speculationum
621 3928 744 3971 summe
759 3908 824 3972 fixa
837 3917 901 3972 est:
957 3930 1053 3993 super
1066 3928 1194 3974 omnem
1209 3907 1282 3971 coeli
1297 3914 1329 3969 et
1347 3904 1499 3980 siderum,
1517 3902 1604 3981 solis,
1621 3902 1704 3964 lunae

152 4009 250 4072 talem
279 4027 405 4090 quoque
430 4007 674 4089 sapientissime
698 4006 812 4069 Puellae
836 4008 904 4069 ani·
957 4018 989 4073 et
1012 4008 1136 4073 orbium
1161 4004 1401 4088 dispositionem
1426 4009 1521 4083 atque
1543 4001 1703 4078 decorem,

152 4127 244 4171 mum
267 4107 435 4185 exstitisse,
455 4106 652 4189 preinducta
672 4106 900 4169 demonstrant.
957 4116 1072 4171 cuncta
1087 4107 1244 4169 viseerum
1260 4111 1387 4166 tuorum
1406 4100 1519 4162 intima
1537 4096 1705 4181 pulchrifi-

919 4205 943 4266 l)
958 4206 1194 4284 eans,ite1nque
1208 4197 1460 4263 illustransNon
1476 4198 1520 4260 sie
1536 4197 1583 4259 sol
1599 4197 1705 4277 splen-

347 4307 595 4372 ARTICULUS
619 4307 713 4370 XIII.
957 4307 1012 4369 det
1035 4304 1069 4365 in
1091 4301 1172 4365 coelo
1194 4300 1242 4363 uti
1267 4297 1423 4379 sapientia
1448 4296 1481 4357 in
1505 4296 1613 4358 animo
1638 4303 1702 4358 tuo.

154 4448 398 4511 Commendatio
412 4446 582 4522 sapientiae
597 4453 734 4521 propter
752 4446 902 4505 bonorem

237 4546 267 4597 et
283 4538 412 4596 laudem
429 4535 678 4610 sapientissime
691 4535 823 4594 Marica.
1151 4516 1396 4582 ARTIGULUS
1420 4514 1512 4577 XIV.

992 4681 1014 4720 n
1033 4660 1229 4735 prinsquam
1254 4654 1384 4730 Virpini
1403 4654 1630 4729 Archanqelns
1647 4653 1711 4714 Dei

1001 4748 1263 4808 iaearnationem
1278 4742 1582 4816 nuntiauerat,ipsa
1599 4759 1710 4816 super-

1001 4847 1120 4899 sanetoe
1147 4833 1324 4896 Trinitatis
1347 4832 1500 4890 notitiam
1524 4850 1565 4889 ena
1589 4833 1656 4907 ieqe
1680 4839 1711 4890 et

43 4704 141 4759 turm
216 4694 395 4759 ΑΡΙΕΝΤΙΑ
409 4713 486 4758 vero
506 4694 562 4756 ubi
582 4694 818 4756 invenitur‘lEt
835 4695 906 4775 quis
959 4664 988 4722 Α

44 4772 83 4811 ’²⁷'
231 4802 282 4856 est
305 4792 395 4857 locus
417 4792 657 4874 intelligentiael
682 4790 789 4854 Nescit
811 4793 907 4854 homo

156 4892 298 4977 pretium
320 4892 402 4972 ejus,
418 4909 478 4952 nec
498 4890 659 4953 invenitur
681 4890 714 4951 in
735 4897 819 4952 terra
837 4908 908 4951 sua·
1002 4924 1178 5003 Wopkens
1197 4921 1359 4981 habueri,

156 4993 243 5055 viter
266 4987 452 5054 viventium.
476 4986 616 5070 Abyssus
638 4988 717 5050 dicit
739 5011 747 5050 s
770 4986 839 5050 Non
860 4996 909 5050 est

157 5090 191 5153 in
208 5108 281 5166 me;
297 5095 329 5151 et
342 5104 429 5149 mare
443 5085 582 5166 loquitur
598 5109 605 5148 :
622 5085 690 5150 Non
706 5093 755 5148 est
769 5104 906 5147 mecum.
967 5080 1270 5283 OUAESTIONEM,
1292 5100 1332 5142 an
1351 5098 1390 5142 ex
1408 5079 1478 5160 lege
1497 5086 1530 5141 et
1547 5076 1711 5159 Prophetis

157 5187 229 5251 Non
251 5185 380 5249 dabitur
399 5203 512 5247 aurum
530 5185 681 5266 obryzum
702 5202 759 5265 pro
781 5202 829 5264 ea,
850 5203 909 5246 nec
1050 5180 1211 5243 Trinitatis
1235 5179 1318 5242 fides
1339 5176 1500 5240 veteribus
1525 5175 1708 5253 innotuerit,

160 5285 363 5369 appendetur
396 5291 562 5365 argentum
594 5282 629 5345 in
664 5282 910 5346 commutatione
966 5279 1134 5364 probarive
1158 5285 1263 5360 queat,
1290 5274 1503 5339 sciscitantem
1525 5274 1592 5356 jem
1615 5272 1711 5337 relin-
