4309 6259
665 482 823 531 axrosmo
843 482 953 529 rrrssn.
975 500 1015 511 -
1037 482 1109 529 sur.
1132 482 1197 530 xru
1646 463 1704 530 357

168 656 265 717 nostri
281 656 356 715 lesu
377 653 512 715 Christi.
531 652 603 733 Ipsa
626 659 674 714 est
697 650 782 714 enim
806 651 901 714 unica
916 653 941 714 Α
958 670 1027 715 esse
1055 654 1140 735 apud
1168 670 1279 717 omncs
1314 654 1353 716 ad
1381 671 1461 734 quos
1491 673 1524 717 se
1552 653 1702 717 extendit.

168 754 217 817 illa
228 751 439 815 amantissima
453 751 591 830 Dei,tota
607 751 901 833 pulchra,omnium
957 751 1058 825 Quum
1085 769 1160 832 ergo
1188 769 1290 814 canon
1320 750 1362 813 sit
1390 751 1510 833 regula,
1537 770 1601 815 non
1631 750 1706 814 licet

167 853 321 915 beatorum
353 849 548 933 dignissima.
579 853 646 912 Sed
672 860 703 909 et
736 852 901 909 beatorum
957 850 1063 931 ipsum
1089 856 1222 927 mutare,
1247 868 1305 913 nec
1329 849 1475 913 addendo
1499 869 1558 913 nec
1584 849 1707 912 subtra-

167 953 382 1026 Apostolorum
397 968 436 1008 ac
449 956 635 1027 martyrum
659 957 789 1008 tuorum
804 950 903 1010 Petri
956 948 1083 1027 hend03
1101 949 1155 1011 scd
1170 948 1276 1011 Sancti
1292 949 1369 1011 tales
1384 949 1438 1030 qui
1461 968 1525 1013 uon
1547 948 1706 1031 explican-

167 1058 195 1108 et
211 1049 319 1117 Pauli,
340 1054 401 1109 etc.
421 1044 489 1109 Non
508 1044 547 1108 su
564 1043 616 1107 hic
637 1044 758 1108 mentio
780 1043 901 1108 confes·
957 1054 1008 1108 tur
1032 1046 1065 1107 in
1092 1064 1224 1123 canone,
1246 1054 1320 1109 ante
1344 1045 1589 1110 celebrationem
1616 1046 1705 1109 invo-

166 1164 263 1209 sorum
277 1167 284 1205 ε
296 1143 445 1225 quoniam
459 1142 552 1206 llissa
566 1150 613 1205 est
627 1142 774 1207 officium
789 1142 821 1203 in
837 1159 901 1223 quo
958 1144 1050 1206 candi
1066 1153 1151 1222 sunt,
1168 1144 1218 1207 vel
1233 1130 1318 1207 certe
1334 1144 1366 1206 in
1382 1144 1450 1227 ipso
1465 1143 1577 1207 officio
1592 1143 1702 1224 llissae,

166 1250 420 1307 commemoratur
451 1240 636 1323 mysterium
672 1241 828 1323 passionis
862 1260 900 1304 ac
957 1243 1191 1325 perorationes
1211 1242 1411 1324 privatas,ut
1435 1242 1532 1307 moris
1556 1249 1705 1321 estante

165 1339 318 1422 sanguinis
342 1338 468 1418 Christi,
492 1338 692 1403 confessores
713 1348 818 1402 autem
842 1358 901 1421 pro
957 1340 1132 1422 Epistolam
1148 1350 1178 1403 et
1194 1340 1272 1404 locis
1288 1340 1493 1422 sequentibus
1509 1340 1669 1423 congruis,

165 1439 278 1503 Christo
304 1438 389 1519 passi
417 1456 482 1501 non
515 1446 589 1500 suut
620 1456 681 1500 nec
713 1438 900 1519 sanguinem

165 1536 359 1613 effudernut3
375 1536 528 1614 secundo,
539 1534 689 1617 quoniam
704 1552 743 1599 co
758 1544 901 1617 tempore

164 1652 222 1715 quo
245 1651 345 1696 canon
369 1632 472 1697 factus
496 1640 556 1711 est,
581 1651 646 1697 non
669 1632 845 1696 habebatur
867 1632 900 1695 in
1138 1604 1382 1670 ARTICULUS
1405 1604 1516 1669 ΧΧῙῙ·

164 1731 293 1795 Ecclesia
321 1730 542 1795 confessorum
567 1730 707 1794 solennis
732 1730 898 1795 festivitas.
1006 1754 1054 1813 De
1078 1760 1200 1831 quarm
1220 1760 1317 1827 pam
1339 1752 1485 1821 camis,
1505 1752 1627 1811 ,cilicet
1642 1772 1653 1810 ⁸.

162 1830 315 1894 Ponuntur
333 1837 439 1891 antem
457 1828 491 1890 in
510 1846 632 1893 canone
652 1828 757 1891 Sancti
778 1828 824 1891 illi
847 1829 900 1911 qui
919 1828 943 1891 B
1073 1844 1167 1901 Hane
1183 1842 1290 1917 tqitur
1304 1842 1510 1909 oblationem,
1526 1846 1586 1902 etc,

162 1936 301 2011 protunc
316 1926 503 1991 famosiores
518 1935 608 1990 crant
626 1927 709 2008 apud
724 1926 899 1989 Romanum

163 2026 353 2089 Pontificem.
376 2026 414 2089 Ut
441 2035 547 2089 autem
571 2026 758 2089 Sanctorum
787 2024 901 2088 horum
1031 2028 1241 2091 ABENTES
1257 2028 1443 2103 pontificem
1462 2046 1631 2103 mapnum,
1645 2027 1705 2106 qui
1731 2046 1801 2090 nter.
1820 2058 1850 2097 o.

163 2123 308 2186 memoria
327 2121 474 2187 devotius
494 2122 662 2201 recolatur,
679 2122 805 2203 expedit
818 2122 901 2184 scire
1042 2126 1229 2201 penetravit
1247 2127 1474 2194 eccleclesiam
1489 2126 1614 2187 Filium
1629 2124 1703 2192 Dei,
1720 2112 1752 2159 ¹⁸·
1766 2110 1798 2152 ¹⁶·

160 2221 251 2287 ‚vium
278 2229 309 2283 et
339 2221 519 2303 passionem
547 2238 657 2285 eorum
684 2243 692 2281 :
719 2220 810 2283 aliter
837 2238 901 2285 non
957 2226 1200 2283 adeamuscum
1214 2222 1396 2300 fiduciaad
1411 2224 1566 2282 thronum
1584 2222 1705 2299 gratiae

163 2328 259 2401 petest
272 2318 452 2381 affectuosa
466 2326 498 2381 ct
512 2317 654 2399 perfecta
667 2336 777 2380 corum
792 2318 901 2381 baberi
957 2321 1038 2403 ejus.
1064 2320 1186 2394 Quanto
1210 2318 1243 2381 in
1266 2337 1387 2382 canone
1411 2319 1450 2381 ad
1474 2319 1571 2381 verba
1596 2336 1705 2382 consc-

162 2417 315 2482 memoria.
344 2417 476 2479 Additur
498 2423 604 2479 autem
629 2416 663 2478 in
691 2434 812 2479 canone
839 2440 846 2479 :
872 2426 903 2476 et
957 2418 1110 2483 cretionis
1130 2417 1267 2499 amplius
1286 2417 1532 2500 approximatur,
1549 2425 1636 2481 tanto
1659 2416 1706 2477 di-

162 2519 300 2576 omnium
338 2518 536 2577 Sanctorum
575 2524 721 2585 tuorum,
756 2514 904 2576 videlicet
958 2518 1082 2581 viniora
1097 2525 1128 2579 et
1142 2516 1306 2580 devotiora
1321 2515 1418 2579 verba
1431 2515 1619 2593 funduntur,
1637 2534 1706 2597 qum

162 2633 234 2695 quos
254 2632 343 2676 nunc
366 2630 431 2675 non
453 2612 665 2694 expressimus
687 2620 814 2694 propter
832 2628 905 2694 pro·
958 2616 1054 2679 etiam
1069 2634 1142 2679 curn
1159 2614 1272 2695 majori
1287 2623 1381 2696 gustu
1396 2614 1500 2677 cordis
1515 2621 1547 2677 ct
1561 2614 1705 2678 calidiori

162 2714 304 2776 finitatem
318 2712 496 2789 vitandam,
512 2711 656 2792 quamvis
671 2710 732 2794 ipsi
746 2711 833 2774 omui
848 2711 904 2775 bc
958 2714 1079 2777 affectu
1094 2713 1231 2776 dicenda
1246 2720 1331 2775 sunt.
1348 2712 1454 2794 ltaque
1470 2712 1502 2774 in
1517 2713 1577 2775 hac
1596 2720 1707 2795 quarta

161 2831 232 2875 nore
252 2819 348 2893 atque
372 2809 524 2873 memoria
546 2810 633 2892 digni
657 2817 743 2888 sunt,
764 2830 904 2889 quorum
958 2821 1047 2895 parte
1063 2811 1196 2875 canonis
1211 2810 1257 2873 sic
1272 2811 1371 2872 Deum
1387 2818 1455 2873 crat
1470 2811 1641 2874 sacerdos:

161 2912 282 2970 meritis
293 2911 511 2988 precibusque
528 2911 682 2968 concedas
697 2916 733 2968 ut
748 2911 783 2967 in
803 2908 905 2967 omni·
1004 2915 1099 2973 Hanc
1129 2912 1236 2987 igitur
1263 2909 1468 2978 oblationem,
1498 2908 1531 2970 id
1562 2915 1610 2971 est
1641 2908 1709 2972 haec

161 3010 226 3078 ltus,
244 3008 381 3070 maxime
406 3015 511 3069 tamen
538 3006 570 3067 in
595 3005 655 3068 isto
680 3004 790 3068 officio
814 3012 846 3067 et
870 3004 903 3066 in
921 3009 943 3073 G
960 3010 1054 3090 dona,
1076 3007 1144 3070 haec
1170 3025 1312 3084 munera,
1337 3007 1420 3069 sicut
1443 3006 1628 3089 praedictum
1649 3015 1708 3086 est,

161 3114 228 3168 actu
243 3104 618 3187 praesenti,protcctionis
633 3114 698 3163 tute
713 3106 905 3163 muniamur
960 3126 1157 3187 prices-umus,
1183 3109 1334 3176 Domine,
1359 3114 1396 3167 ut
1417 3110 1579 3182 placatus,
1605 3104 1638 3168 id
1662 3112 1711 3168 est

161 3205 295 3274 circitio,
325 3203 358 3265 id
387 3210 447 3281 est,
476 3200 686 3265 defendamur
713 3201 754 3263 ab
781 3200 905 3263 insidiis
959 3205 1116 3267 malorum
1142 3211 1322 3267 nostrorum
1346 3202 1473 3283 oblitus,
1500 3205 1653 3280 accipias,
1678 3202 1710 3265 id

161 3301 275 3365 inimici
303 3308 336 3364 et
363 3320 383 3363 a
410 3300 617 3364 distractione
646 3319 683 3362 ac
713 3300 904 3382 cogitatione
960 3311 1019 3380 est,
1045 3309 1134 3384 grata
1159 3310 1190 3364 et
1218 3301 1336 3383 placita
1364 3320 1482 3381 sumas,
1512 3320 1576 3365 non
1609 3301 1711 3383 impu-

161 3420 315 3482 perversa,
333 3419 391 3482 per
409 3398 544 3480 gratiam
564 3406 661 3461 tuam.
959 3402 1056 3463 tando
1082 3398 1174 3463 nobis
1200 3399 1412 3481 negligentias
1436 3406 1469 3462 et
1494 3398 1632 3462 malitias
1657 3418 1710 3462 no

198 3498 267 3561 flac
294 3516 373 3561 vero
401 3497 589 3559 Sanctorum
624 3494 779 3559 memoria
807 3494 906 3577 pluri·
961 3508 1053 3577 stras,
1084 3518 1143 3561 nec
1173 3498 1379 3579 despiciendo
1409 3496 1623 3559 ministerium
1652 3516 1709 3561 no-

59 3616 91 3657 m
103 3623 148 3667 qr,
161 3616 245 3659 mum
268 3595 360 3658 utilis
383 3603 442 3673 est,
468 3594 561 3657 sicuti
585 3594 643 3658 iob
668 3594 835 3657 consulit:
859 3594 904 3656 Ad
960 3606 1072 3673 strum,
1091 3597 1145 3659 scd
1166 3595 1379 3657 convertendo
1398 3594 1591 3657 oblationem
1613 3595 1708 3675 hauc,

162 3694 293 3776 aliquem
309 3694 485 3776 (inquiens)
500 3692 686 3755 Sanctorum
706 3700 902 3755 convertere.
961 3714 1017 3757 seu
1042 3693 1207 3756 materiam
1237 3692 1329 3753 istam
1358 3691 1507 3770 oblatam,
1533 3692 1565 3753 in
1594 3710 1710 3773 corpus

45 3810 148 3866 umam
160 3790 233 3855 Nam
248 3793 369 3876 lloyses
383 3800 414 3853 ct
427 3791 542 3853 Esdras
556 3810 594 3853 ac
608 3790 717 3853 Daniel
740 3790 772 3851 in
791 3790 907 3853 oratio-
961 3792 1074 3855 Christi
1100 3798 1131 3853 et
1155 3790 1354 3871 sanguinem,
1372 3792 1504 3869 diesque
1523 3799 1661 3859 nostros,
1678 3790 1711 3852 id

45 3871 149 3990 iffi&
161 3891 250 3953 nibus
265 3892 333 3953 suis
348 3890 498 3972 leguntur
512 3896 693 3952 sanctorum
713 3888 907 3951 Patriarcba·
960 3898 1008 3953 est
1019 3890 1118 3951 vitam
1133 3898 1164 3951 et
1178 3908 1274 3970 opera
1285 3896 1393 3951 nostra
1403 3886 1597 3969 quotidiana,
1607 3890 1642 3947 in
1654 3898 1711 3947 tua

45 4002 67 4040 ¹⁵·
161 4008 227 4051 rum
251 3988 368 4053 fecisse
394 3987 592 4066 memoriam,
618 3986 760 4049 diceutes
785 3987 825 4049 ad
846 3986 907 4050 Do-
957 4008 1037 4066 pace
1051 3991 1217 4065 disponas,
1233 3986 1266 4048 id
1288 3994 1346 4065 est,
1364 3985 1396 4048 in
1419 4005 1493 4048 vcra
1516 3993 1547 4047 ct
1567 3986 1712 4049 ordinata

160 4087 279 4149 minum
311 4111 318 4149 :
349 4086 525 4149 Recordare
555 4084 724 4162 Abraham,
753 4086 840 4147 lsaac
874 4093 906 4147 et
960 4106 997 4149 ac
1023 4086 1181 4167 spirituali
1207 4084 1436 4165 tranquillitate
1462 4083 1631 4165 gubernes,
1647 4084 1711 4147 dis-

159 4186 262 4266 tacob‚
279 4195 342 4249 etc.
360 4184 398 4247 lit
422 4186 461 4247 de
484 4184 620 4247 Ieremia
644 4183 689 4245 ait
712 4184 874 4266 Scriptura
896 4208 903 4246 :
920 4184 946 4246 D
961 4185 1098 4265 cordias,
1115 4184 1369 4266 perturbationes
1385 4192 1416 4246 et
1431 4184 1500 4245 lites
1522 4183 1708 4263 auferendo,

51 4286 213 4347 Jbalantiis
228 4294 276 4348 est
297 4284 432 4347 fratrum
454 4291 586 4359 amator,
603 4282 657 4364 qui
680 4283 816 4345 multum
837 4292 906 4345 oret
960 4294 1058 4363 atque
1082 4286 1122 4343 ab
1146 4292 1270 4343 aeterna
1297 4284 1508 4343 damnatione
1532 4302 1589 4343 nos
1613 4284 1711 4358 eripi,

45 4356 60 4394 ⁸'
160 4401 214 4466 pro
229 4384 349 4467 populo
363 4381 469 4445 lsrael.
486 4382 530 4444 Ex
544 4400 608 4461 quo
623 4381 804 4458 innotescit,
821 4382 904 4462 quod
961 4392 991 4442 et
1013 4385 1047 4441 in
1069 4400 1168 4459 prepe
1192 4384 1365 4440 electorum
1393 4391 1537 4450 tuorum,
1554 4378 1585 4441 id
1607 4387 1655 4442 est
1679 4379 1710 4441 in

160 4482 265 4545 Sancti
297 4490 369 4563 post
396 4481 494 4561 hujus
518 4480 593 4544 vitta
617 4479 790 4542 incolatum
815 4488 907 4543 orent
961 4497 1094 4542 numero
1123 4478 1359 4556 salvandorum,
1384 4496 1442 4539 nos
1458 4480 1577 4554 jubeas
1601 4499 1713 4539 nume-

159 4598 214 4661 pro
239 4581 336 4657 vivis,
359 4578 534 4661 praesertim
560 4596 618 4659 pro
642 4577 693 4638 his
716 4577 770 4658 qui
787 4570 904 4640 'eorum
963 4580 1048 4648 rari,
1071 4596 1133 4653 per
1155 4578 1320 4637 Christum
1347 4578 1522 4637 Dominum
1550 4585 1709 4637 nostrum.

159 4686 353 4741 venerantur
371 4676 569 4740 memoriam.
961 4680 1075 4738 Amen.

198 4776 258 4838 Sed
273 4775 372 4857 quaeri
388 4782 503 4856 potest,
519 4792 560 4835 an
579 4774 725 4837 sacerdos
740 4773 907 4855 possitad-
1003 4773 1237 4835 advertendum
1266 4778 1384 4848 autem,
1415 4771 1499 4853 quod
1528 4770 1562 4833 in
1591 4790 1712 4835 canone

158 4872 293 4956 jungere
307 4873 431 4955 aliquos
452 4872 596 4951 Sanctos,
612 4872 651 4933 ad
670 4890 750 4953 quos
768 4872 908 4954 singula·
965 4872 1124 4935 interdum
1147 4870 1335 4952 exprimitur
1353 4869 1459 4931 oblata
1478 4870 1620 4948 materia,
1638 4880 1712 4952 puta

159 4990 225 5034 rem
240 4972 444 5035 devotionem
458 4970 564 5047 habet,
576 4970 630 5051 qui
646 4990 710 5032 uon
726 4971 909 5051 exprimun-
964 4971 1074 5034 vinum
1090 4978 1121 5032 ct
1137 4968 1241 5051 panis,
1252 4970 1283 5031 in
1300 4968 1415 5049 plurali
1432 4978 1713 5051 numero,propter

160 5079 210 5132 tur
234 5071 268 5132 in
295 5088 427 5133 canone.
450 5068 489 5131 Et
515 5068 626 5131 dicunt
651 5069 797 5132 nonnulli
822 5072 907 5150 quod
964 5070 1109 5131 diversas
1134 5076 1263 5129 naturas
1292 5066 1567 5148 accidentalesquc
1595 5066 1713 5131 formas

161 5168 217 5230 sic.
247 5168 312 5231 Sed
345 5168 406 5233 hoc
434 5186 499 5231 non
527 5166 654 5229 videtur
681 5167 908 5232 rationabiliter
964 5166 1056 5249 panis
1072 5176 1101 5228 et
1118 5166 1197 5243 vini,
1212 5173 1245 5227 ut
1260 5165 1292 5226 in
1307 5164 1466 5246 principio
1481 5165 1623 5243 canonis,
1637 5167 1711 5228 dum

160 5266 295 5331 dictum.
316 5266 434 5349 Regula
456 5283 594 5348 namque
618 5265 713 5328 debet
737 5264 907 5331 uniformis
964 5264 1093 5345 dicitur,
1111 5264 1178 5327 haec
1201 5265 1296 5342 dona,
1317 5264 1383 5327 heac
1406 5281 1548 5343 munera,
1565 5272 1624 5326 etc.
1641 5286 1648 5343 ;
1665 5264 1714 5326 in-
