4309 6259
349 542 355 554 ,
445 480 504 545 234
741 499 781 546 BE
802 496 891 547 oculs
913 497 1047 545 salutans
1069 495 1189 559 seheri,
1212 493 1386 543 thecteros
1408 497 1448 543 lv.
1471 517 1512 527 -
1531 499 1656 545 AoolTlo
1677 498 1709 545 tv

310 693 429 736 aranu.
486 668 594 750 ltaque
609 668 724 733 Doctor
738 669 797 731 iste
813 687 909 751 super
921 668 1048 731 tertium
1064 668 1196 731 Senten-
1211 666 1234 727 A
1251 676 1421 745 amentem,
1449 678 1579 751 propter
1602 670 1662 733 hoc
1685 671 1771 751 qnod
1796 668 1910 733 mehus
1928 668 1994 731 alli·

445 767 560 829 tiaram
589 768 634 830 sic
658 768 701 830 ait
727 790 733 829 :
761 768 920 848 Sapientia
949 766 1197 848 quadrupliciter
1251 765 1354 827 cimur
1373 766 1457 829 circa
1476 767 1574 829 [laum
1594 768 1698 849 prima
1718 767 1908 849 cognitione,
1929 786 1993 848 quaa

446 865 591 944 sumitur,
606 873 669 927 tam
684 885 702 927 a
719 865 917 947 philosophis
932 884 1027 946 quam
1041 885 1060 927 a
1074 864 1196 927 theolo-
1250 872 1299 925 est
1323 882 1379 944 per
1400 864 1593 929 ablationem
1614 875 1647 928 θῖ
1670 866 1881 947 negationem,
1903 883 1993 945 quam

445 962 495 1043 gis
517 986 525 1023 :
547 964 650 1043 primo
675 964 898 1043 communiter,
923 963 1064 1025 secundo
1089 962 1195 1024 minus
1249 980 1307 1043 per
1335 961 1596 1043 affirmationem,
1627 972 1661 1025 ut
1690 963 1722 1025 in
1753 962 1834 1026 libro
1863 962 1993 1043 Mysticae
2004 996 2076 1039 apia.

446 1061 668 1138 communiter,
686 1061 779 1124 tertio
805 1061 943 1143 proprio,
961 1069 1073 1140 quarto
1093 1060 1194 1141 magis
1251 1060 1416 1141 theologiae
1445 1068 1586 1124 testatur.
1617 1062 1698 1124 Hinc
1732 1061 1776 1124 ait
1808 1060 1991 1138 Bernardus,

446 1158 584 1239 proprie.
601 1158 818 1222 Communiter
832 1159 948 1222 dicitur
964 1178 1069 1222 rerum
1086 1158 1195 1238 cogni·
1250 1158 1411 1221 caritatem
1431 1158 1463 1220 in
1484 1160 1672 1239 sapientiam
1693 1158 1862 1240 proficere.
1879 1158 1992 1221 Idcirco

446 1258 490 1319 tio
505 1256 704 1337 generaliter,
723 1258 897 1321 secundum
917 1258 1000 1338 quod
1022 1276 1094 1319 eam
1114 1254 1194 1317 deli·
1250 1256 1344 1317 etiam
1369 1256 1520 1337 sapientia
1545 1274 1609 1320 non
1635 1265 1738 1338 potest
1766 1257 1864 1319 nimia
1892 1276 1989 1319 esse:

445 1354 538 1417 niunt
562 1356 756 1436 Augustinus
784 1364 878 1437 atque
901 1355 1121 1435 Philosophus,
1146 1353 1194 1415 di·
1249 1353 1325 1433 quia
1339 1372 1486 1416 excessus
1502 1354 1534 1415 in
1550 1353 1768 1435 experimento
1789 1354 1908 1417 divine
1929 1373 1992 1416 sua-

446 1454 547 1516 cendo
574 1477 580 1515 :
613 1453 775 1534 Sapientia
803 1463 851 1516 est
879 1473 985 1516 rerum
1013 1453 1193 1515 divinarum
1250 1453 1356 1514 vitatis
1370 1453 1475 1534 potius
1491 1462 1538 1515 est
1553 1453 1719 1516 laudabilis
1735 1472 1831 1535 quam
1846 1453 1994 1535 vitupera·

446 1559 477 1614 et
492 1552 702 1615 humanarum
722 1552 871 1633 cognitio.
888 1551 925 1614 Et
948 1552 980 1613 in
1001 1551 1104 1613 Prima
1126 1550 1195 1631 phi·
1250 1550 1332 1627 hilis,
1360 1560 1394 1613 ut
1419 1560 1505 1633 patet
1528 1552 1560 1613 in
1589 1552 1666 1615 viris
1695 1553 1824 1631 sanctis,
1851 1552 1907 1633 qui
1936 1570 1993 1633 pra

446 1649 590 1732 losophia
614 1650 795 1713 Aristoteles
820 1649 863 1712 ait
884 1674 890 1710 :
913 1649 1045 1731 Sapiens
1069 1658 1118 1711 θεῖ
1141 1648 1193 1729 qui
1250 1648 1348 1712 nimia
1362 1649 1531 1712 dulcedine
1547 1651 1640 1714 modo
1660 1650 1826 1714 elevantur
1844 1650 1878 1713 in
1899 1660 1992 1714 ecsta-

445 1748 552 1810 omnia
567 1748 656 1811 novit
670 1749 847 1811 secundum
861 1748 945 1829 qnod
965 1746 1123 1810 convenit.
1142 1745 1195 1808 Se·
1251 1748 1320 1826 sim,
1338 1749 1432 1811 modo
1451 1748 1657 1811 sublevantur
1679 1769 1777 1832 usque
1796 1749 1836 1812 ad
1861 1758 1990 1831 raptum,

446 1848 551 1909 cundo
566 1845 720 1928 sapientia
734 1846 851 1909 dicitur
865 1845 1005 1927 cognitio
1025 1864 1089 1909 non
1111 1864 1194 1925 quaa
1212 1844 1236 1905 B
1251 1845 1324 1908 licet
1338 1846 1397 1909 hoc
1413 1848 1576 1929 contingat
1594 1847 1806 1931 paucissimis.
1822 1884 1865 1894 —
1878 1848 1991 1929 ltaque,

446 1962 594 2024 cumque,
611 1945 666 2006 sed
682 1944 838 2021 sublimis,
853 1944 976 2006 scilicet
990 1951 1192 2006 aetemorum.
1251 1944 1283 2005 in
1310 1963 1417 2008 amore
1443 1945 1508 2024 Dei,
1534 1946 1594 2027 ipsi
1622 1947 1729 2028 gustui
1757 1946 1930 2027 conjuncta
1951 1955 1995 2008 est

445 2041 484 2103 Et
498 2041 544 2104 sic
561 2041 657 2104 sumit
676 2062 746 2104 eam
762 2042 942 2123 Apostolus,
959 2042 998 2103 ad
1017 2040 1194 2103 Corinthios
1251 2043 1389 2123 cognitio
1420 2067 1426 2105 :
1458 2044 1595 2125 optimus
1624 2045 1709 2107 enim
1739 2046 1853 2108 modus
1883 2061 1994 2125 cogno-

446 2139 555 2201 dicens
581 2163 588 2201 :
615 2139 677 2201 Alii
706 2159 763 2221 per
791 2139 942 2221 Spiritum
971 2140 1063 2201 datur
1091 2156 1194 2201 sermo
1250 2142 1360 2204 scendi
1380 2142 1478 2203 Deum
1504 2150 1552 2203 est
1576 2160 1633 2223 per
1657 2143 1911 2223 experimentum
1931 2142 1995 2203 dul·

446 2237 618 2319 sapientiae,
636 2236 688 2299 alii
702 2256 806 2301 sermo
821 2238 972 2300 scientiae.
989 2238 1104 2318 Sicque
1118 2236 1196 2298 dicit
1251 2239 1381 2303 cedinis
1407 2239 1494 2302 Unde
1520 2258 1723 2321 cognoscere,
1747 2258 1812 2302 non
1837 2248 1886 2302 est
1910 2248 1993 2302 actus

446 2334 666 2416 Philosophus,
692 2336 777 2416 quod
801 2335 956 2416 sapientia
984 2343 1033 2397 est
1056 2335 1195 2416 cognitio
1251 2338 1412 2419 sapientiae
1446 2338 1636 2419 praecipuus,
1670 2339 1726 2401 sed
1761 2338 1928 2401 concurrit
1957 2338 1993 2399 ad

446 2432 671 2497 altissimarum
687 2453 865 2497 causarum.
876 2434 980 2496 Tertio
994 2433 1110 2496 dicitnr
1125 2451 1195 2515 pro·
1250 2443 1354 2497 actum
1370 2436 1439 2516 ejus
1455 2436 1662 2517 precipuum.
1680 2436 1841 2516 Sapientia
1862 2454 1995 2516 namque

447 2530 514 2611 prie
548 2530 687 2612 cognitio
716 2531 770 2595 Dei
800 2532 976 2594 secundum
1006 2530 1153 2612 pietatem
1186 2554 1192 2591 :
1250 2532 1385 2595 includit
1404 2534 1437 2594 in
1457 2553 1491 2596 se
1515 2542 1621 2596 actum
1646 2542 1828 2615 utrumque,
1846 2534 1890 2596 ita
1914 2534 1993 2615 quod

446 2648 517 2710 quaa
546 2628 685 2711 cognitio
713 2629 884 2692 attenditur
908 2630 941 2691 in
966 2629 1054 2691 cultu
1083 2629 1192 2707 latriae,
1250 2650 1343 2708 unus,
1362 2640 1436 2712 puta
1451 2650 1654 2712 cognoscere,
1672 2639 1720 2693 est
1733 2640 1822 2693 actus
1842 2632 1916 2712 eJ'us
1936 2630 1995 2713 pri·

446 2746 541 2808 quem
563 2728 626 2791 [leo
649 2727 835 2791 exhibemus
854 2746 911 2809 per
926 2726 1038 2805 iidem,
1055 2745 1145 2808 spem
1164 2735 1196 2789 et
1250 2746 1332 2807 mus,
1348 2738 1380 2791 at
1393 2729 1482 2807 alter,
1496 2729 1617 2793 scilicet
1631 2748 1749 2808 amare,
1761 2737 1811 2791 est
1823 2738 1915 2791 actus
1929 2728 1995 2809 ejus

446 2826 620 2888 caritatem.
636 2825 675 2888 Et
699 2825 744 2887 sio
769 2826 886 2907 accipit
905 2845 976 2888 eam
999 2824 1194 2906 Augustinus
1250 2826 1426 2908 praecipuus
1440 2850 1446 2887 :
1460 2828 1582 2909 primus
1598 2827 1680 2889 sicut
1694 2826 1880 2909 disponens,
1888 2844 1996 2888 secun-

446 2924 681 3004 quartodecimo
700 2923 740 2985 de
756 2923 915 3000 Trinitate,
933 2941 1096 3003 exponens
1115 2922 1194 2983 illud
1250 2925 1308 2985 dus
1339 2925 1420 2987 sicut
1448 2925 1622 3007 complens.
1644 2958 1684 2970 -
1707 2924 1742 2987 ln
1771 2932 1844 2987 actu
1872 2942 1995 3007 quoque

297 3041 340 3150 ζεῖ
358 3054 431 3092 naa.
446 3022 478 3084 in
503 3022 561 3085 Job
587 3046 595 3083 ι
621 3022 703 3084 Εθθθ
728 3022 837 3103 pietas,
862 3022 932 3103 ipsa
955 3030 1004 3085 est
1026 3022 1190 3103 sapientia.
1207 3027 1229 3091 c
1249 3023 1323 3086 doni
1346 3023 1509 3104 sapientiae
1530 3024 1630 3086 rarius
1650 3022 1718 3085 falli
1739 3022 1997 3105 contingitque

298 3167 358 3213 m·
371 3108 434 3163 Μ
446 3121 527 3183 llicit
541 3120 626 3183 enim
640 3119 861 3200 ibidem,quod
876 3120 1031 3201 sapientia
1046 3129 1078 3183 θῖ
1093 3120 1193 3201 pietas
1248 3120 1333 3183 niam
1355 3129 1444 3184 actus
1465 3122 1519 3185 ille
1542 3122 1659 3185 certior
1680 3130 1738 3185 est.

446 3218 531 3280 idem
552 3226 635 3280 sunt.
1287 3220 1450 3297 Praeterea,
1475 3220 1559 3283 circa
1587 3220 1707 3282 donum
1737 3222 1923 3281 intellectus
1946 3219 1996 3282 ad-

485 3315 600 3389 Ouarto
615 3315 730 3379 dicitur
744 3316 844 3397 magis
864 3317 992 3397 proprie
1011 3315 1065 3378 Dei
1087 3316 1193 3397 cogni·
1249 3319 1447 3395 vertendum,
1474 3319 1557 3399 quod
1587 3318 1727 3400 cognitio
1755 3326 1860 3399 potest
1888 3317 1994 3381 haberi

444 3415 489 3477 tio
504 3413 759 3495 experimentalis
780 3433 838 3496 per
856 3423 984 3495 gustum
1005 3415 1165 3477 internum
1183 3438 1190 3476 :
1246 3417 1286 3478 de
1301 3416 1365 3479 Deo
1381 3416 1558 3479 secundum
1579 3416 1740 3497 triplicem
1753 3417 1894 3479 ‘modum
1911 3440 1919 3477 ε
1936 3415 1996 3497 pri-

444 3522 477 3576 θῖ
503 3513 547 3574 ita
575 3521 624 3576 est
651 3514 770 3576 donum
796 3513 929 3594 Spiritus
955 3512 1071 3589 Sancti,
1100 3514 1191 3594 cujus
1248 3533 1310 3590 mc,
1337 3533 1394 3596 per
1422 3514 1600 3596 simplicem
1628 3532 1816 3591 assensum
1844 3514 1993 3592 secundo,

443 3620 533 3675 actus
548 3612 694 3675 consistit
707 3612 741 3673 in
756 3613 953 3693 degustando
968 3611 1111 3674 divinam
1127 3633 1192 3675 sua·
1248 3630 1306 3693 per
1319 3612 1448 3674 rationis
1464 3611 1693 3674 adminiculum
1708 3634 1716 3688 3
1732 3612 1837 3693 tertio,
1854 3630 1914 3694 per
1928 3630 1997 3675 con-

444 3711 584 3773 vitatem.
608 3710 646 3773 Et
670 3712 820 3790 qnoniam
845 3710 885 3773 ad
911 3719 1040 3791 gustum
1064 3710 1192 3775 interio-
1246 3710 1362 3772 tuitum
1378 3710 1568 3791 simplicem.
1580 3710 1718 3773 Primum
1734 3718 1783 3773 est
1797 3710 1888 3790 fidei,
1905 3710 1994 3791 cujus

444 3827 522 3886 rom,
539 3807 572 3868 in
587 3825 650 3887 quo
665 3814 713 3870 θεῖ
727 3807 905 3883 delectatio,
923 3807 1095 3888 requiritur
1114 3807 1193 3871 alie·
1247 3816 1295 3871 θεῖ
1315 3808 1491 3885 assentire;
1513 3809 1689 3871 secundum
1711 3816 1759 3871 θεῖ
1778 3808 1853 3870 doni
1875 3807 1996 3870 intelle·

444 3906 556 3969 ctionis
580 3914 670 3967 actus
694 3906 733 3967 ad
759 3904 1030 3986 conjungendum,
1048 3913 1080 3967 θῖ
1103 3913 1192 3969 actus
1247 3916 1328 3985 ctae,
1346 3907 1437 3987 cujus
1453 3914 1501 3969 θεῖ
1516 3907 1635 3969 credita
1655 3925 1713 3988 per
1731 3906 1886 3969 rationem
1908 3906 1996 3969 intol-

444 4003 632 4083 cognitionis
647 4003 687 4064 ad
708 4003 1024 4083 apprehendendum,
1042 4005 1194 4085 quemad·
1248 4005 1367 4086 ligere,
1384 4005 1513 4068 tertium
1529 4013 1577 4067 est
1592 4004 1756 4067 munditiae
1771 4004 1889 4085 cordis,
1905 4004 1995 4085 cnjus

444 4102 575 4164 modum
604 4100 646 4161 ait
669 4100 889 4182 Philosophus,
916 4102 1000 4181 quod
1025 4102 1192 4165 delectatio
1247 4113 1296 4167 θεῖ
1319 4106 1420 4167 Deum
1446 4103 1563 4167 videre.
1582 4103 1735 4177 Quoniam
1759 4121 1834 4184 ergo
1860 4103 1996 4167 rationes

443 4206 493 4263 est
520 4198 703 4280 conjunctio
732 4198 952 4262 convenientis
978 4219 1051 4262 cum
1076 4201 1231 4264 conve-D
1248 4203 1363 4283 quihus
1388 4202 1538 4283 juvamur
1560 4202 1600 4264 ad
1630 4201 1748 4265 credita
1776 4202 1993 4284 intelligenda,

444 4296 555 4377 nienti,
581 4315 654 4359 cum
683 4316 779 4360 sensu
807 4296 972 4378 ejusdem3
999 4297 1074 4360 hinc
1103 4308 1191 4361 actus
1248 4300 1447 4382 accipiuntur
1480 4318 1544 4364 non
1580 4300 1683 4364 solum
1713 4319 1731 4363 a
1761 4301 1995 4364 conditionibus

444 4396 518 4459 doni
544 4397 714 4472 sapientiae
738 4395 852 4477 partim
880 4404 928 4457 est
953 4396 1131 4477 cognitivus
1160 4406 1192 4459 et
1246 4400 1434 4478 conditoris,
1452 4400 1616 4463 sedetiam
1636 4406 1787 4463 creaturae
1809 4399 1993 4481 spiritualis,

445 4494 560 4577 partim
585 4492 765 4572 allectivus,
787 4494 829 4555 ita
852 4494 937 4575 quod
956 4494 989 4555 in
1010 4494 1190 4575 cognitione
1246 4517 1316 4579 quaa
1338 4498 1401 4561 Deo
1421 4497 1553 4561 similior
1576 4506 1670 4579 atque
1694 4498 1905 4579 propinquior
1927 4507 1993 4577 θεῖς

445 4592 622 4672 inchoatur,
639 4590 671 4654 et
689 4592 722 4654 in
747 4591 919 4655 allectione
940 4602 1188 4673 consummatur,
1246 4596 1321 4659 hinc
1344 4597 1463 4660 donum
1479 4596 1659 4659 intellectus
1675 4596 1781 4676 (cujus
1795 4604 1885 4659 actus
1901 4606 1949 4659 ost
1964 4598 1995 4658 in

444 4707 543 4770 quum
564 4689 606 4751 sit
624 4689 882 4771 experimentalis
901 4687 1039 4771 cognitio
1058 4691 1133 4753 boni
1154 4712 1190 4755 ac
1247 4694 1546 4777 contemplationem
1572 4696 1687 4758 summi
1706 4694 1775 4757 veri
1794 4695 1913 4758 elevari
1940 4714 1996 4779 per

443 4788 556 4850 dulcis.
582 4786 703 4850 idcirco
728 4796 818 4849 actus
843 4788 1020 4869 praecipuus
1043 4789 1118 4852 doni
1143 4810 1191 4853 sa·
1246 4795 1352 4856 lumen
1384 4795 1468 4875 quod
1498 4812 1562 4857 non
1592 4793 1695 4857 solum
1723 4792 1801 4855 lacit
1828 4795 1992 4871 assentire,

444 4886 582 4968 pientiae,
608 4894 656 4947 θεῖ
685 4904 723 4947 ex
750 4894 839 4966 parte
866 4886 1034 4950 allectiva.
1062 4887 1191 4969 Propter
1247 4893 1301 4955 sed
1325 4891 1419 4955 etiam
1444 4912 1502 4975 per
1526 4892 1664 4956 rationes
1690 4909 1846 4973 congruas
1874 4892 1995 4955 credita

301 5003 376 5049 neco.
398 5016 428 5055 a.
442 4985 527 5066 quod
551 4983 585 5044 in
608 4983 830 5046 Ecclesiastico
859 4984 973 5065 legitur
998 5008 1005 5045 ε
1032 4984 1191 5067 Sapientia
1247 4989 1439 5070 intelligere)
1458 5009 1522 5052 non
1542 4989 1644 5052 solum
1665 4990 1839 5051 attenditur
1862 4989 1894 5051 in
1922 5008 1995 5052 con·

294 5068 330 5110 ²³·
444 5082 619 5145 secundum
644 5099 761 5144 nomen
787 5090 835 5143 θεῖ
855 5082 936 5162 ejus.
954 5083 992 5145 Et
1015 5086 1190 5149 secundum
1246 5086 1450 5169 templatione
1467 5087 1628 5151 creatricis
1647 5087 1804 5167 essentiae,
1821 5088 1877 5150 sed
1898 5087 1994 5150 ctiam

310 5221 341 5265 [κ
358 5220 428 5264 mg,
443 5179 640 5263 Gregorium,
657 5178 728 5259 ejus
743 5188 833 5241 actus
847 5188 896 5242 θεῖ
917 5180 1060 5245 relicere.
1077 5182 1191 5265 Diony·
1246 5186 1416 5267 spiritualis
1441 5194 1602 5249 creatura.
1624 5185 1711 5249 Unde
1735 5185 1900 5266 objectum
1920 5186 1994 5249 doni

295 5296 428 5329 aonam.
443 5280 509 5343 sius
532 5296 658 5360 quoque
681 5278 736 5359 ait,
752 5279 836 5358 quod
862 5278 1023 5360 sapientia
1046 5289 1095 5345 θεῖ
1118 5302 1188 5347 θεεθ
1245 5282 1435 5364 intellectus,
1452 5292 1499 5347 est
1523 5304 1633 5347 verum
1657 5292 1811 5347 aternum
1836 5285 1871 5347 in
1895 5304 1995 5368 quan-
