4309 6259
618 486 775 535 asrosmo
796 488 895 535 avum
918 494 925 534 :
948 488 1123 537 rrvsraurmr
1144 489 1294 538 accusata
1685 474 1725 541 at

183 653 362 721 incarnatio
382 657 476 721 Verbi
499 658 621 737 eterni,
647 667 680 723 et
706 666 811 723 catara
840 676 929 721 sacra
942 658 969 720 Α
984 657 1024 721 sti
1043 680 1050 721 :
1068 657 1151 723 Ecca
1164 660 1282 724 anciila
1295 662 1433 741 Domini,
1451 662 1509 727 iiat
1523 661 1602 725 mihi
1617 681 1730 727 secun
1740 684 1795 730 ru.
1807 698 1823 738 ι,
1833 686 1868 729 u.

183 772 255 837 quaa
269 754 411 819 Christus
426 773 484 838 pro
498 764 605 819 nostra
625 757 726 820 salute
745 756 928 839 assumpsit,
984 759 1060 823 dum
1074 759 1207 822 verbum
1222 768 1312 823 tuum
1330 762 1429 841 (unde
1448 762 1581 845 angelus
1601 770 1730 825 sanetus

184 852 263 916 iecit
286 872 324 917 ac
348 854 478 935 pertulit
496 876 502 917 :
520 862 555 917 ut
578 862 662 936 sunt,
683 854 843 934 nativitas,
869 854 930 917 cir·
984 855 1063 919 dixit
1081 857 1120 919 ad
1139 857 1255 939 loseph
1273 860 1314 922 de
1332 866 1364 922 te
1380 882 1387 921 :
1404 858 1490 934 Quod
1511 860 1545 923 in
1564 878 1602 923 ea
1621 868 1730 923 natum
1744 878 1882 933 nassum.

184 951 352 1031 eumcisio,
365 952 483 1015 oblatio
497 954 567 1033 ejus
583 953 616 1016 iu
631 954 761 1037 templo,
773 952 932 1016 institutio
986 962 1044 1035 est,
1060 954 1100 1017 de
1113 954 1232 1037 Spiritu
1247 955 1361 1021 Sancto
1376 960 1458 1038 est),
1474 968 1584 1019 sancto
1594 968 1733 1036 portare

187 1059 469 1131 sacramentorum,
487 1050 688 1134 potissimum
712 1050 929 1129 Eucharistiae,
986 1054 1023 1113 in
1039 1062 1131 1115 utero
1150 1062 1205 1118 tuo
1223 1054 1377 1137 virgineo,
1394 1056 1428 1119 iu
1447 1064 1557 1119 ventre
1575 1055 1730 1139 mysterii,

185 1150 303 1233 passio,
335 1158 395 1214 ato.
425 1150 491 1214 lloo
518 1150 703 1233 mysterium
733 1170 790 1213 seu
818 1151 931 1215 horum
988 1150 1020 1213 iu
1040 1152 1160 1234 templo
1178 1152 1392 1217 sacratissimo
1411 1154 1478 1217 veri
1497 1154 1565 1232 Ilei,
1581 1154 1615 1217 in
1633 1154 1734 1216 thala-

185 1248 408 1331 mystericrum
427 1250 610 1331 congeriem
625 1272 642 1309 u
658 1248 827 1313 referimus
845 1248 933 1313 Chri·
988 1266 1040 1312 mc
1060 1249 1174 1332 Sponsi
1193 1250 1315 1331 aeterni,
1331 1252 1372 1316 de
1392 1269 1456 1333 quo
1480 1251 1601 1315 dictum
1626 1260 1675 1316 est
1698 1251 1732 1313 in

186 1356 235 1411 sto
251 1369 281 1425 u,
300 1346 333 1409 id
348 1356 396 1410 est
410 1348 448 1411 ad
464 1347 589 1411 laudem
605 1355 637 1411 et
650 1346 784 1429 gloriam
804 1346 931 1428 Christi,
987 1347 1092 1431 primo
1116 1348 1234 1431 hymno
1256 1371 1263 1410 :
1747 1382 1771 1425 p.
1783 1369 1816 1412 u.

186 1446 241 1527 qui
258 1445 301 1508 ita
316 1464 350 1509 se
364 1446 539 1509 exinanivit
553 1463 610 1529 pro
624 1456 731 1511 nostra
746 1446 931 1527 salvatione,

187 1566 204 1603 u
221 1544 375 1625 hymnum
391 1565 420 1621 u,
438 1544 468 1607 id
484 1552 533 1606 est
546 1544 710 1607 materiam
726 1552 757 1607 et
771 1544 932 1626 objectum

187 1643 316 1705 laudum
332 1650 363 1705 et
383 1642 664 1724 canticorumque
679 1644 718 1705 de
734 1642 772 1705 iis
787 1644 933 1706 decanta-

186 1759 258 1803 mus
280 1748 312 1803 et
330 1740 499 1804 ollerimus
517 1740 640 1805 Christe
659 1760 696 1803 ao
715 1740 772 1805 teti
793 1739 934 1823 superle-

188 1836 351 1901 lieissimm
376 1837 532 1916 Trinitati,
554 1857 625 1920 quaa
648 1846 712 1901 tam
737 1839 802 1902 alto
826 1846 857 1902 et
880 1838 934 1921 pio
951 1845 974 1908 Β
990 1842 1023 1905 in
1049 1842 1167 1925 hymno
1190 1860 1319 1925 quoque
1341 1843 1505 1907 secundo:

189 1936 326 2000 consilio
340 1935 484 1999 docrevit
497 1954 556 2000 nos
571 1955 628 2019 per
647 1938 714 2001 haeo
734 1936 849 2001 Christi
868 1956 935 2020 mp-

189 2034 287 2097 steria
316 2034 472 2097 redimere
505 2054 541 2097 ac
575 2036 707 2099 salvare.
738 2034 826 2099 Unde
860 2034 935 2098 totis

189 2132 374 2215 precordiis
406 2132 524 2214 gratias
557 2133 682 2214 agimus
710 2141 742 2196 et
769 2133 936 2197 laudamus
1302 2208 1307 2217 Ι

187 2230 392 2313 Unigenitum
411 2231 478 2311 liei,
494 2230 549 2313 qui
575 2240 662 2295 tanto
686 2231 863 2313 amabilior,
880 2231 936 2294 ho·
989 2236 1106 2319 Sicque
1124 2235 1178 2318 qui
1204 2237 1245 2299 ab
1268 2245 1385 2299 aeterne
1409 2236 1527 2299 mansit
1551 2236 1585 2299 in
1609 2236 1683 2300 sinu
1707 2245 1739 2300 ct

188 2329 365 2393 notabilior
379 2348 416 2393 ac
431 2329 599 2411 pretiosior
613 2328 706 2395 nobis
721 2328 856 2393 ellootus
875 2338 933 2407 est,
990 2335 1086 2399 corde
1100 2333 1211 2414 Patris,
1226 2352 1342 2398 novem
1357 2334 1522 2398 mensibus
1534 2335 1690 2398 habitavit
1704 2334 1737 2397 iu

187 2435 307 2510 quanto
336 2428 409 2509 plus
437 2447 471 2491 se
499 2436 628 2510 pmpter
655 2447 714 2492 nos
742 2427 934 2508 humiliavit,
991 2440 1082 2496 utero
1115 2432 1267 2513 virgineae
1300 2440 1397 2514 atque
1427 2432 1646 2497 mundissimae
1678 2433 1739 2496 lda-

189 2534 285 2607 atque
307 2544 371 2607 quo
385 2526 507 2608 maiora
521 2545 558 2589 ac
573 2526 664 2608 plura
679 2544 736 2608 pro
752 2526 844 2589 uobis
859 2526 937 2590 tole-
992 2530 1060 2608 tris,
1077 2531 1117 2593 dc
1139 2548 1203 2611 quo
1223 2538 1333 2593 sanata
1347 2530 1507 2594 Elisabeth
1525 2554 1532 2593 t
1549 2530 1739 2594 Benedictus
1753 2553 1807 2597 saa.
1818 2566 1833 2604 t,
1845 2552 1880 2597 ts.

191 2623 275 2687 ravit
302 2624 473 2705 oppmhria
500 2633 532 2687 et
561 2632 728 2703 tormenta,
759 2622 934 2702 irrisiones,
992 2628 1124 2710 (iuquit)
1152 2627 1276 2690 tructus
1302 2628 1424 2691 ventris
1448 2628 1504 2691 tui.
1532 2628 1643 2693 Nonne
1664 2646 1740 2710 ergo

190 2722 459 2799 conculcationes,
476 2722 690 2804 blasphemias
705 2722 877 2803 mortisque
891 2720 938 2804 ja·
993 2726 1176 2791 beatissima
1207 2725 1331 2789 viscera
1360 2724 1463 2789 ldaria
1493 2725 1639 2807 virginis,
1668 2745 1740 2807 que

189 2820 273 2883 cult·
301 2824 399 2889 Quem
429 2819 586 2883 Christum
612 2824 729 2898 qenais
754 2825 937 2897 Puerpera,
994 2832 1201 2907 portaverunt
1232 2824 1341 2887 aterni
1370 2824 1471 2887 Patris
1503 2824 1639 2903 Filium3
1668 2843 1740 2905 quae

189 2937 262 3000 quae
296 2918 400 3001 prime
433 2918 557 3000 peperit
586 2937 718 3000 puerum
747 2936 938 3000 permaneus
993 2929 1200 3005 portaverunt
1222 2930 1400 3004 portantem
1423 2941 1468 3001 se,
1494 2921 1550 3003 qui
1573 2940 1673 3002 quum
1698 2922 1741 2983 sit
1756 2938 1875 2989 assata.

190 3018 284 3098 virgo
301 3040 307 3077 :
326 3035 460 3099 puerum
480 3016 574 3098 plane
594 3017 627 3078 iu
646 3025 807 3099 assumpta
828 3016 976 3083 huma-G
995 3020 1145 3103 splendor
1166 3020 1275 3101 glorias
1298 3027 1330 3082 et
1353 3018 1457 3101 ligura
1482 3019 1528 3100 (id
1552 3028 1599 3082 est
1622 3019 1740 3101 imago)

64 3128 100 3170 1⁸.
108 3128 174 3174 mt-
192 3114 304 3193 nitate,
320 3115 360 3178 de
377 3132 441 3195 quo
461 3114 646 3196 predixerat
660 3115 767 3195 isaias,
783 3114 862 3177 Puer
883 3132 939 3176 no·
995 3119 1189 3199 substantie,
1216 3118 1248 3181 id
1273 3126 1322 3181 est
1346 3118 1660 3201 supersubstantialis
1683 3118 1739 3181 Dei

191 3213 242 3275 bis
257 3220 349 3275 natus
365 3220 432 3291 est,
449 3213 624 3275 secundum
643 3212 770 3274 deitatis
790 3231 864 3274 vero
884 3231 939 3273 na·
995 3216 1105 3294 Patria,
1123 3224 1228 3298 portat
1240 3216 1347 3280 omnia
1363 3216 1460 3279 verbo
1475 3215 1603 3279 virtutis
1618 3236 1694 3294 suaa,
1707 3215 1740 3278 id

191 3320 308 3391 turam,
324 3310 493 3373 Dominum
519 3310 693 3391 majestatis
715 3318 849 3373 aeternae.
867 3309 939 3373 Pro-
995 3323 1043 3378 est
1063 3322 1222 3398 praeopto
1244 3334 1308 3377 suae
1329 3314 1589 3395 omnipotentiaei

189 3418 300 3492 pterea
315 3408 470 3485 subditur,
498 3411 633 3470 Verbum
649 3410 763 3471 Patris
778 3412 812 3468 in
828 3410 939 3486 fitium
1035 3412 1088 3475 Sic
1103 3431 1140 3474 ex
1155 3430 1189 3474 so
1206 3411 1365 3473 incarnari
1381 3420 1412 3473 et
1431 3411 1464 3473 in
1484 3419 1575 3475 utero
1594 3430 1651 3475 suo
1670 3429 1743 3493 por-

190 3506 334 3590 Virgiuis
348 3506 465 3585 ldatris,
480 3513 591 3588 utputa
605 3506 653 3568 sui
669 3505 781 3588 ipsius.
798 3503 860 3568 Neo
876 3506 938 3569 duc
995 3519 1061 3573 tare
1075 3510 1191 3572 Filium
1206 3508 1261 3571 Dei
1277 3509 1393 3571 meruit
1413 3509 1656 3590 praeclarissima
1675 3509 1741 3571 haec

191 3616 267 3671 sunt
282 3604 356 3683 lilii,
372 3605 456 3667 siout
469 3624 528 3667 uec
544 3605 614 3667 duae
628 3622 781 3686 personae,
794 3604 848 3667 sed
865 3604 940 3666 Ver·
994 3608 1089 3672 Maria
1113 3608 1152 3669 de
1181 3624 1321 3688 congmo
1351 3608 1453 3689 magis
1482 3626 1578 3688 quam
1602 3608 1642 3669 de
1667 3626 1742 3670 eon-

191 3707 269 3769 hum
293 3712 445 3768 eternum
472 3702 504 3764 in
530 3720 586 3765 suo
610 3720 679 3764 csse
704 3702 874 3783 personali,
892 3702 940 3765 in·
994 3708 1102 3790 digno.
1119 3705 1156 3767 Et
1169 3704 1317 3787 quamvis
1337 3724 1394 3787 per
1413 3706 1578 3768 universas
1597 3724 1670 3767 suas
1690 3724 1742 3767 ex-

191 3812 310 3883 creato,
327 3812 445 3866 eterno
466 3799 735 3864 substantilioavit
750 3809 781 3863 et
795 3801 940 3883 supposi-
995 3803 1240 3869 callentissimas
1255 3804 1387 3866 virtutes
1407 3802 1490 3865 istud
1511 3802 1664 3865 meruerit
1683 3822 1741 3867 suo

191 3902 282 3981 tavit,
310 3902 369 3966 hoe
398 3908 457 3980 est,
483 3899 654 3963 subsistere
680 3899 768 3979 lecit,
794 3907 937 3962 natumm
994 3904 1099 3982 modo,
1116 3902 1298 3984 specialiter
1313 3909 1418 3964 tamen
1434 3900 1681 3982 etappropriatc
1701 3920 1739 3964 ao

189 4004 375 4079 humanam,
407 4007 443 4062 ut
469 4016 577 4062 seeum
603 4018 699 4061 uuam
726 3998 844 4062 iaceret
869 4017 939 4080 per·
993 3999 1180 4084 dispositive
1200 4018 1257 4081 pcr
1276 4019 1365 4062 suam
1387 3998 1670 4081 profundissimam
1686 3999 1740 4062 hu·

191 4119 316 4165 sonam.
994 4100 1173 4177 militatem,
1185 4118 1247 4181 qua
1263 4117 1297 4160 se
1311 4098 1371 4161 suh
1385 4097 1544 4161 universis
1559 4097 1740 4161 humiliavit

234 4204 311 4262 Sota
327 4202 364 4259 in
378 4218 460 4259 semu
473 4199 599 4275 femina
615 4202 712 4259 electu
732 4219 764 4259 es
787 4200 820 4259 in
841 4219 938 4259 soecu-
953 4199 978 4260 D
994 4197 1190 4275 homiuibus,
1215 4204 1247 4259 et
1275 4196 1485 4259 ineliahilitar
1512 4195 1615 4278 magis
1642 4215 1738 4278 quam

191 4304 237 4369 to,
254 4298 285 4359 id
310 4304 404 4376 est,o
428 4315 542 4378 magna
567 4305 598 4358 et
621 4296 758 4377 gloriosa
781 4297 888 4377 Maria,
904 4305 938 4359 tu
994 4296 1110 4377 aliquis
1140 4314 1279 4377 unquam
1309 4313 1407 4376 purus
1431 4294 1526 4357 homo
1550 4294 1703 4377 deinceps
1729 4318 1737 4357 ι

192 4418 210 4455 u
238 4395 305 4459 sola
331 4394 362 4456 in
388 4412 464 4456 sexu
491 4416 507 4453 u
532 4391 683 4471 lemiuco,
700 4395 760 4457 hoo
785 4402 833 4457 est
857 4394 940 4457 inter
995 4394 1105 4476 sicque
1129 4402 1215 4455 tauta
1240 4412 1296 4455 sua
1315 4392 1536 4455 humiliatione
1554 4392 1672 4455 meruit
1689 4412 1741 4454 ex-

191 4511 346 4577 personas
369 4490 500 4554 leminei
526 4510 629 4570 sexus,
646 4514 662 4551 a
684 4492 785 4556 electa
807 4513 840 4556 es
862 4516 878 4552 e
900 4493 940 4555 ab
995 4492 1180 4556 citationem
1210 4491 1292 4553 hano
1318 4489 1510 4568 maximam3
1541 4489 1657 4552 deiude
1684 4509 1742 4572 per

191 4600 311 4655 aetomo
331 4610 349 4653 a
369 4589 592 4673 supervivente
612 4590 775 4667 Trinitate,
797 4591 863 4652 uin
885 4611 940 4654 sm-
996 4611 1086 4653 suam
1102 4588 1346 4652 mundissimam
1366 4587 1541 4649 castitatem
1556 4607 1594 4651 ac
1609 4588 1742 4650 nimiam

192 4692 267 4755 culo
284 4712 313 4768 u,
324 4689 355 4752 id
371 4696 419 4751 est
435 4687 518 4751 inter
533 4707 684 4770 personas
699 4688 733 4751 in
748 4690 808 4753 hoo
824 4691 940 4753 saeculo
997 4707 1126 4771 pmrsus
1150 4686 1319 4768 puritatem
1344 4704 1408 4767 qua
1431 4684 1538 4765 nituit,
1562 4706 1633 4768 quaa
1656 4693 1744 4749 tanta

193 4795 441 4865 conversantes3
462 4786 512 4849 vel
533 4808 549 4845 u
572 4786 604 4848 in
625 4786 740 4850 saeculo
762 4810 789 4865 u,
807 4788 882 4870 quia
908 4788 938 4850 iu
997 4787 1068 4866 luit,
1085 4786 1170 4867 quod
1185 4788 1278 4865 (teste
1292 4784 1455 4862 Auselmc)
1475 4783 1579 4864 major
1600 4784 1659 4847 sub
1679 4785 1743 4847 Deo

193 4886 312 4950 saeoulo
332 4884 393 4949 isto
412 4892 574 4966 assumpta
594 4904 627 4947 es
652 4886 691 4947 ad
717 4886 800 4949 istud
827 4896 941 4968 myste-
997 4884 1110 4966 nequit
1129 4882 1276 4963 intelligi,
1294 4889 1371 4963 puta
1394 4881 1454 4943 suh
1477 4881 1547 4961 ejus
1571 4881 1662 4961 Filio,
1678 4883 1742 4945 Deo

193 4984 280 5048 rium
304 4982 552 5063 exsequendum,
579 4982 617 5044 ad
643 4983 727 5063 quod
756 4983 797 5046 ah
824 4992 941 5047 eterne
998 4983 1107 5064 utique
1129 4980 1303 5059 incarnato,
1320 4979 1412 5059 cujus
1438 4986 1469 5040 et
1493 4987 1630 5041 creatam
1656 4979 1743 5061 puri-

192 5082 284 5147 luisti
309 5081 419 5145 electa.
436 5082 480 5141 Et
499 5082 652 5141 meruisti
670 5084 847 5143 Dominum
872 5082 943 5144 uni·
997 5089 1093 5144 tatem
1109 5099 1145 5142 ao
1161 5078 1360 5141 sanctitatem
1380 5085 1503 5141 constat
1522 5078 1622 5141 multo
1642 5076 1742 5140 luisse

194 5198 372 5256 versorum,
394 5197 433 5240 ex
447 5186 477 5240 te
502 5178 700 5241 incarnatum
722 5180 754 5241 in
774 5181 942 5243 annuntia·
997 5179 1151 5260 majorem
1166 5177 1302 5260 puritate
1317 5196 1381 5239 suae
1395 5176 1662 5238 benedictissima
1680 5174 1741 5237 Μα-

187 5282 282 5345 tione
297 5276 453 5361 angelica,
470 5276 597 5359 quande
617 5277 844 5343 consentiendo
862 5279 942 5343 dixi·
996 5278 1066 5341 tris.
1092 5277 1315 5342 consummate
1334 5294 1410 5338 vero
1430 5274 1462 5338 id
1481 5273 1598 5339 meruit
1616 5293 1674 5337 sua
1692 5294 1742 5337 ar-

1160 1518 1205 1569 Uti
1221 1532 1346 1584 sponsus
1360 1520 1394 1571 da
1408 1518 1544 1581 thalamo,

1160 1598 1300 1662 Egressum
1315 1599 1518 1651 honestissima

1163 1678 1284 1743 Virginis
1299 1680 1399 1731 Matris
1413 1680 1555 1742 clausula;

1160 2002 1348 2055 Procedente
1361 2001 1487 2055 thalamo
1502 2017 1565 2064 suc,

1162 2082 1282 2134 Pudoris
1297 2082 1364 2134 aula
1377 2082 1463 2147 regia.
