4309 6259
654 515 812 564 exrosmo
832 515 940 563 aissa
964 533 1005 545 -
1025 516 1095 563 aar.
1118 516 1225 574 v1‚vu
1655 495 1714 559 337
1827 546 1835 557 .

657 742 669 767 ,
925 684 1054 747 boiam
1076 703 1152 765 ergo
1172 684 1204 745 in
1225 682 1327 766 prima
1346 690 1434 765 parte
1447 682 1548 745 llissae
1572 681 1612 745 fit
1630 700 1716 745 com-

374 742 620 807 ARTICULUS
638 742 697 806 η·
965 782 1152 845 memoratio
1173 780 1300 857 Christi,
1316 780 1467 843 doctrinae
1489 798 1614 861 quoque
1634 781 1717 861 Apo

350 892 398 951 Da
421 891 577 965 partibas
603 891 724 951 Missa.
966 880 1039 942 stoli
1060 888 1092 941 et
1111 878 1397 959 Evangelisterum,
1414 896 1488 939 cum
1513 876 1715 940 invocatione

966 984 998 1039 et
1011 976 1105 1039 leude
1119 976 1240 1055 divina,
1257 976 1377 1040 idcirco
1398 976 1500 1055 prima
1522 994 1595 1057 pars
1616 975 1716 1037 uisse

236 1071 383 1135 ructuat
400 1072 500 1136 fdissae
525 1072 612 1135 varie
635 1092 654 1135 e
677 1074 813 1136 diversis
831 1073 913 1135 divi·
965 1077 1142 1135 obsecratio
1157 1082 1369 1155 nuncupatur.
1381 1074 1462 1137 Dicit
1476 1082 1581 1135 autem
1593 1070 1713 1149 Glossa,

251 1170 346 1233 ditur.
375 1169 486 1233 Glosse
519 1171 605 1233 enim
641 1190 737 1254 super
764 1171 844 1233 illud
871 1171 911 1233 ed
966 1173 1051 1254 quod
1071 1171 1249 1236 obsecratio
1268 1180 1317 1234 est
1335 1173 1374 1234 de
1396 1171 1491 1235 rebus
1513 1168 1714 1248 difficilibus,

42 1282 153 1333 treat-
167 1269 377 1348 Timotheum,
401 1268 539 1333 Obsecro
563 1270 667 1351 primo
688 1269 832 1332 omnium
854 1269 913 1331 fio·
965 1275 1001 1331 ut
1014 1269 1054 1332 de
1067 1268 1299 1350 justificatione
1315 1266 1417 1348 impii.
1434 1268 1528 1331 Porro
1543 1266 1654 1349 petitio
1669 1274 1717 1329 est

166 1367 192 1429 ri
213 1365 461 1447 obsecrationes,
481 1368 652 1445 orationes,
668 1367 910 1449 postulationes
967 1368 1125 1431 invocatio
1139 1368 1193 1430 Dei
1209 1386 1266 1450 pro
1280 1366 1373 1429 bonis
1389 1366 1458 1444 viae,
1476 1384 1546 1447 qum
1567 1365 1717 1429 ordinan-

164 1463 505 1546 gretierumactiones,
521 1464 698 1546 dicitquod
717 1464 810 1527 blisse
830 1464 912 1527 divi·
967 1473 1018 1527 tur
1052 1465 1091 1528 ad
1126 1485 1164 1528 ea
1198 1484 1268 1548 qum
1304 1463 1446 1526 finaliter
1483 1464 1713 1527 desiderantur.

165 1563 250 1625 ditur
264 1562 297 1623 in
311 1562 369 1625 has
389 1572 525 1644 quatuor
546 1571 661 1644 partes.
679 1562 815 1626 Thomas
837 1580 912 1626 vero
965 1564 1067 1638 Quum
1093 1583 1169 1645 ergo
1195 1564 1227 1626 in
1253 1564 1393 1626 secunda
1417 1572 1505 1644 parte
1529 1562 1629 1625 blissae
1658 1562 1716 1625 fiat

41 1676 92 1749 'aa
110 1688 150 1751 aa
165 1680 260 1743 super
277 1669 424 1742 quartum
445 1660 691 1740 Sententiarum,
707 1661 822 1724 dividit
842 1660 912 1722 llis-
966 1662 1066 1725 oratio
1091 1680 1148 1743 pro
1172 1661 1395 1723 benedictione
1420 1669 1451 1723 et
1476 1660 1716 1724 consecratione

40 1745 149 1845 W*
164 1779 230 1821 sam
256 1758 290 1819 in
315 1765 378 1821 tres
403 1767 520 1839 partes,
536 1759 685 1821 videlicet
706 1782 713 1819 :
736 1759 769 1819 in
794 1758 913 1840 princi·
966 1760 1057 1841 penis
1089 1779 1126 1823 ac
1156 1758 1219 1822 vini
1256 1759 1289 1821 in
1325 1777 1439 1841 corpus
1467 1766 1500 1821 at
1527 1757 1715 1838 sanguinem

162 1858 262 1939 pium,
280 1855 364 1937 quod
379 1857 555 1920 secundum
570 1875 643 1918 eum
658 1855 777 1918 dicitur
797 1856 908 1933 oratio,
927 1858 952 1921 B
966 1857 1094 1938 Christi,
1111 1858 1203 1938 cujus
1219 1876 1334 1939 corpus
1350 1864 1444 1938 prout
1459 1856 1491 1917 in
1512 1856 1716 1919 Sacramenta

161 1974 262 2036 usque
286 1955 327 2018 ed
349 1954 523 2037 Epistulam
547 1956 687 2033 durens;
704 1954 737 2016 in
756 1954 909 2032 medium,
967 1955 1124 2034 consistit,
1140 1954 1290 2018 viaticum
1305 1954 1421 2017 dicitur
1435 1961 1467 2016 et
1486 1972 1646 2017 summum
1661 1953 1717 2016 bo

161 2055 245 2136 quod
271 2063 320 2117 est
345 2054 415 2136 ipsa
439 2052 622 2133 celebratio,
637 2072 739 2136 usque
762 2054 802 2115 ed
826 2054 912 2117 Post·
966 2071 1043 2115 num
1069 2072 1133 2135 quo
1152 2052 1186 2115 in
1207 2054 1258 2117 via
1277 2052 1463 2129 reficimur3
1485 2052 1556 2115 ideo
1576 2052 1715 2115 secunde

161 2152 422 2215 communionem
452 2151 648 2232 perdurans3
677 2161 709 2215 et
737 2152 770 2213 in
798 2150 909 2230 finem,
966 2170 1039 2233 pers
1067 2150 1167 2213 Missae
1192 2154 1308 2229 petitio
1342 2150 1529 2233 appellatur,
1561 2158 1592 2213 et
1619 2150 1715 2213 etiam

161 2268 230 2330 quta
243 2257 296 2311 est
308 2248 481 2331 gratiarum
495 2248 589 2327 actio,
605 2267 675 2330 quo
696 2250 789 2311 durat
809 2268 911 2330 usque
965 2252 1176 2319 consecratio,
1192 2248 1342 2330 quoniam
1357 2249 1469 2331 petitio
1489 2249 1529 2310 ed
1552 2266 1717 2311 consecra-

160 2349 198 2410 ad
214 2348 389 2409 terminum
402 2347 514 2410 fdissae.
531 2347 592 2410 iles
611 2356 716 2428 partes
737 2346 912 2409 subdividit
965 2348 1086 2410 tionem
1102 2346 1277 2425 ordinatur,
1293 2356 1326 2409 et
1339 2346 1371 2409 in
1387 2366 1425 2410 ee
1439 2346 1551 2429 petitio
1566 2354 1715 2428 tanquam

71 2466 147 2509 tea·
161 2453 277 2509 octava
289 2445 494 2509 distinctione
513 2445 586 2509 libri
609 2445 743 2527 prefati,
761 2446 845 2510 sicut
865 2446 912 2508 vi·
966 2446 1000 2508 in
1022 2445 1134 2508 ultime
1153 2444 1386 2528 principalique
1411 2453 1499 2527 perte
1524 2444 1649 2506 finitur.
1665 2444 1717 2507 Po

160 2544 234 2606 dere
262 2550 370 2625 potest
395 2544 451 2626 qui
479 2544 566 2605 bunc
594 2544 724 2607 modum
748 2544 838 2624 sequi
864 2544 912 2606 in·
967 2543 1096 2607 stulatio
1111 2552 1216 2606 autem
1234 2551 1283 2605 est
1297 2542 1457 2606 invocatio
1471 2542 1526 2605 Dei
1546 2560 1603 2625 pro
1622 2541 1716 2605 bonis

161 2641 276 2704 tendit.
967 2640 1087 2723 patrie.
1114 2642 1216 2717 Quum
1241 2659 1316 2723 ergo
1345 2649 1417 2723 post
1444 2640 1716 2705 consecrationem

198 2740 261 2803 Alii
277 2740 408 2803 demum
422 2739 570 2803 dividunt
589 2738 715 2802 llissem
730 2739 764 2801 in
778 2748 912 2820 quatuor
967 2739 1051 2802 bone
1064 2758 1135 2820 qua
1149 2738 1307 2801 habentur
1321 2738 1354 2799 in
1375 2738 1486 2819 patria,
1503 2737 1714 2820 postulentur,

160 2848 280 2920 partes,
297 2857 432 2920 quarum
450 2837 588 2920 primam
611 2835 774 2918 appellant
796 2855 913 2919 praepa·
968 2837 1082 2901 merito
1097 2836 1188 2899 tertia
1203 2855 1276 2919 pars
1287 2836 1385 2899 lfisse
1393 2838 1571 2913 postulatio
1585 2835 1713 2898 dieitur.

160 2937 331 3017 rationem,
346 2936 519 3000 secundem
534 2953 610 2999 vero
624 2934 909 3013 consecrationem,
966 2934 1127 2998 Postremo
1148 2935 1320 3017 gratiarum
1341 2933 1424 2997 actio
1443 2942 1492 2997 est
1516 2952 1717 2997 consumme-

160 3035 291 3098 tertiam
318 3042 423 3097 antem
452 3034 678 3116 sumptionem,
707 3042 740 3097 et
766 3037 948 3114 quartamC
967 3031 1011 3094 tio
1031 3031 1195 3111 orationis,
1211 3052 1268 3115 per
1292 3051 1388 3113 quem
1412 3050 1507 3095 omne
1531 3031 1650 3095 bonum
1676 3030 1715 3093 ed

159 3134 332 3196 nominant
344 3133 518 3215 gratiarum
533 3133 702 3195 actionem.
719 3132 790 3195 flac
804 3140 911 3194 eutem
967 3131 1065 3193 Qum
1089 3130 1234 3211 refertur,
1250 3140 1344 3213 etque
1359 3131 1397 3193 ad
1414 3130 1536 3211 potiora
1558 3128 1717 3193 beneficia

158 3231 276 3296 divisio
308 3232 550 3295 convenientior
577 3229 704 3293 videtur
727 3238 758 3293 et
782 3230 908 3309 clarior,
967 3228 1167 3309 impetranda
1191 3229 1243 3293 via
1268 3236 1406 3310 paretur.
1423 3228 1524 3303 Quum
1549 3227 1656 3309 itaque
1681 3228 1715 3289 in

157 3350 216 3393 nec
227 3328 345 3393 differt
358 3348 377 3392 e
390 3330 493 3411 prium
506 3328 570 3392 nisi
585 3329 619 3392 in
634 3347 712 3392 voce
729 3348 825 3391 :nam
839 3348 910 3391 eam
966 3326 1079 3390 ultime
1099 3336 1187 3409 parte
1211 3328 1312 3391 llissce
1335 3327 1397 3391 boc
1423 3326 1492 3406 fiat,
1508 3326 1581 3389 ideo
1605 3333 1717 3408 quarta

156 3428 257 3493 ldissae
271 3436 397 3511 partem
415 3446 511 3509 quem
531 3426 642 3491 Glossa
662 3427 801 3509 appellat
819 3428 911 3491 obse-
965 3433 997 3487 ct
1021 3423 1135 3487 ultima
1153 3444 1225 3507 pars
1243 3425 1344 3487 ldissae
1359 3426 1551 3502 oratiarum
1570 3426 1654 3484 actio
1668 3422 1716 3485 di-

156 3527 348 3603 cretionem,
361 3526 431 3608 ipsa
445 3534 538 3589 vocet
550 3525 828 3608 properationem
840 3544 911 3607 par-
966 3532 1017 3586 cta
1038 3528 1096 3585 est.

156 3634 220 3687 tem
239 3642 321 3687 vero
340 3643 410 3705 qua
434 3624 610 3686 secundum
629 3622 772 3686 Glossem
794 3623 910 3686 dicitur

154 3722 268 3799 oratio,
296 3721 442 3783 nominet
468 3720 761 3798 consecrationem,
787 3729 909 3802 partem

155 3839 287 3903 quoque
307 3838 406 3901 quam
428 3818 538 3881 Glosse
562 3817 701 3900 appellet
724 3816 910 3901 postulatio
1165 3783 1411 3851 ARTICULUS
1434 3782 1510 3847 VH·

156 3936 243 3996 ΜΗ,
266 3925 435 3999 ¹¹¹¹¹¹ss¹¹llat
458 3915 518 3979 5⁸³¹
540 3916 657 3979 lei⁵l⁰
681 3916 906 3997 Sufflpilfflfflffl·
997 3940 1045 3997 De
1069 3935 1188 3996 lotione
1212 3942 1242 3992 ct
1266 3932 1464 4008 confessione
1488 3932 1676 4001 sacerdotia,

154 4014 307 4090 Quartam
327 4022 435 4077 eutem
456 4021 579 4097 partem
602 4031 714 4076 omnes
737 4014 909 4095 gratiarum
1184 4031 1214 4082 et
1235 4024 1341 4082 osculo
1361 4022 1490 4081 attaris.

157 4114 321 4177 actionem
341 4111 514 4195 appellant.
530 4112 634 4175 Prima
655 4131 727 4194 pers
748 4132 848 4193 usquc
869 4114 909 4176 ed

156 4212 368 4276 Offertorium
379 4210 631 4287 durat,secunda
641 4229 741 4292 usque
755 4212 794 4273 ad
809 4209 909 4275 linem
925 4218 951 4281 D
1024 4214 1053 4273 Α
1066 4209 1242 4279 VAMINI,
1253 4208 1372 4268 mundi
1386 4207 1635 4284 estote,aeserte
1649 4226 1825 4284 ma·r..1,1a,

157 4310 421 4387 consecrationis,
439 4308 533 4372 tertie
550 4326 651 4390 usque
677 4316 749 4391 post
772 4309 911 4393 eomple-
1040 4312 1109 4369 lom
1137 4308 1371 4384 capitationem
1399 4314 1594 4365 vestrarum.
1625 4302 1714 4367 Sicut

155 4418 221 4473 mm
248 4408 529 4485 Communionem,
546 4414 658 4489 quarte
681 4409 846 4489 usquead
871 4408 911 4473 fi·
965 4408 999 4470 in
1013 4406 1120 4471 Exodo
1135 4404 1262 4485 legitur,
1279 4403 1374 4485 bloysi
1390 4402 1541 4466 Dominus
1561 4401 1658 4483 jussit
1677 4409 1713 4464 ut

155 4527 230 4572 nem
252 4505 373 4572 officii.
965 4506 1145 4569 secerdotes
1170 4505 1352 4565 lavarentur
1374 4502 1501 4584 quando
1525 4502 1713 4564 accederent
1739 4526 1815 4571 aaa,

194 4608 258 4670 Sed
274 4606 317 4668 ad
330 4606 446 4668 horum
461 4604 708 4687 intelligentiam
723 4604 804 4669 scire
818 4624 910 4687 opor-
965 4606 1004 4667 ed
1019 4600 1233 4666 ministerium
1250 4600 1371 4683 templi.
1389 4599 1488 4663 Debet
1507 4617 1582 4680 ergo
1597 4598 1712 4661 Christi
1726 4603 1776 4639 ¹¹¹·
1790 4593 1859 4635 ¹⁸³¹·

154 4712 199 4767 tet
213 4701 438 4766 differentiam
458 4701 542 4765 inter
561 4701 826 4781 obsecrationem,
841 4719 911 4766 ora·
965 4702 1124 4780 sacerdos,
1141 4706 1309 4780 antequam
1329 4698 1479 4778 celebrat,
1497 4716 1609 4759 manus
1629 4697 1714 4760 lava·

152 4803 292 4880 tionem,
304 4800 492 4882 petitionem
506 4807 539 4863 et
551 4799 725 4881 gratiarum
739 4800 907 4864 actionem.
965 4820 1000 4863 re
1016 4823 1023 4861 :
1041 4798 1156 4881 primo,
1173 4803 1302 4879 propter
1326 4794 1537 4858 reverentiam
1562 4794 1640 4857 tanti
1666 4814 1714 4858 sa-

154 4900 344 4963 Obsecratio
372 4898 471 4980 igitur
495 4907 544 4961 est
567 4898 728 4963 invocatio
752 4898 808 4961 Dei
836 4918 910 4962 oum
966 4896 1143 4974 crementi;
1160 4893 1310 4970 secundo,
1328 4894 1368 4955 ed
1393 4891 1625 4974 designandum
1651 4892 1715 4974 spi-

154 4996 465 5061 commemoratione
500 5015 663 5060 secromm
698 5016 754 5060 seu
788 4997 912 5061 divino
965 4994 1113 5059 ritualem
1146 4992 1299 5056 lotionem
1327 5010 1390 5072 qua
1418 4997 1557 5053 mentem
1586 4990 1714 5071 purgari

154 5116 240 5175 rum,
270 5114 409 5177 quorum
437 5095 556 5158 virtute
584 5114 621 5158 ac
649 5094 763 5158 morito
791 5094 910 5177 aliquid
966 5101 1091 5177 oportet
1114 5112 1133 5155 a
1156 5090 1290 5153 maculis
1313 5088 1476 5167 vitiorum,
1496 5089 1584 5169 juxte
1609 5088 1712 5151 illud:

155 5196 335 5278 impetrare
349 5203 506 5277 optemus,
523 5193 607 5256 sicut
620 5212 719 5274 quum
740 5192 909 5257 dicimus:
966 5192 1111 5274 Amplius
1140 5190 1211 5253 leve
1235 5206 1286 5250 me
1310 5187 1350 5250 ab
1375 5185 1542 5267 iniquitate
1566 5204 1657 5264 mea3
1684 5192 1716 5249 et
1729 5204 1821 5257 reue

154 5293 216 5359 Por
234 5293 493 5357 incarnationem
512 5301 598 5355 mam
622 5291 723 5355 libere
746 5309 815 5355 nos.
832 5290 912 5366 Ouo-
969 5310 1079 5356 rursus
1105 5288 1260 5351 :Lavabo
1285 5286 1368 5348 inter
1392 5284 1578 5347 innocentes
1602 5301 1716 5347 manus
1729 5304 1864 5357 rama.

288 5426 322 5478 T.
336 5426 375 5477 ³5.
1556 5414 1587 5467 22
