4309 6259
483 526 522 573 nn
545 526 634 573 naurs
656 526 789 573 srrarrus
812 526 930 589 sarran,
953 528 1129 575 raacrsrus
1151 529 1181 575 u.
1205 547 1245 557 —
1265 529 1336 575 anr.
1359 529 1392 575 rx
1651 510 1708 577 tet

165 694 288 777 tarique
318 694 450 777 indiget.
480 694 620 775 Denique
651 694 730 759 ratio
757 695 950 757 naturalish
967 696 1069 759 reddit
1089 698 1242 761 amabiles
1268 722 1275 759 :
1303 697 1479 761 similitudo
1503 718 1639 781 namque
1663 709 1712 763 est

163 813 226 857 uon
257 792 381 856 sufficit
410 794 448 857 ad
478 794 675 857 excitandam
701 794 912 875 dirigendam·
965 812 1059 857 causa
1087 797 1216 858 amoris.
1247 796 1334 860 Unde
1368 797 1402 858 in
1429 797 1511 861 libro
1543 798 1710 878 Sapientia

163 911 224 973 que
251 892 414 954 caritatem
433 892 569 955 affectus
589 911 646 973 per
665 892 763 954 fidem
788 892 910 954 intelle·
966 892 1119 973 scriptum
1141 903 1189 956 est
1205 918 1212 956 :
1229 894 1394 957 Neminem
1413 895 1518 977 diligit
1536 896 1631 975 Deus,
1647 896 1708 957 nisi
1724 920 1856 978 ειμιιιεε.

164 998 255 1065 ctus3
274 990 393 1053 idcirco
408 990 528 1072 indiget
550 991 633 1054 dono
656 990 829 1072 sapientia,
847 1009 911 1072 quo
965 1009 1037 1052 eum
1057 992 1112 1071 qui
1133 1012 1206 1054 cum
1226 993 1381 1073 sapientia
1406 993 1571 1055 inhabitat.
1587 993 1625 1055 Et
1643 993 1712 1056 hri-

164 1088 317 1170 aSpiritu
332 1089 446 1151 Sancto
466 1089 595 1170 juvetur
609 1096 640 1151 et
655 1097 829 1169 moveatur,
845 1096 909 1151 tam
966 1088 1094 1151 stoteles
1120 1089 1151 1151 in
1180 1090 1300 1152 Ethicis
1324 1098 1528 1169 contestatur,
1554 1092 1638 1172 quod
1662 1091 1713 1154 vir

165 1186 196 1247 in
222 1185 345 1248 actibus
369 1185 446 1249 fidei
470 1206 565 1267 quam
591 1186 742 1265 caritatiS,
757 1195 851 1268 atque
878 1187 909 1247 in
966 1187 1232 1269 contemplativus
1245 1196 1340 1269 atque
1355 1189 1525 1269 theoricus,
1542 1189 1584 1251 sit
1603 1208 1713 1252 aman·

164 1284 325 1347 evitandis
351 1293 531 1348 sanctarum
560 1286 779 1366 operationum
808 1286 911 1348 obsta·
966 1285 1108 1347 tissimus
1139 1285 1214 1349 Deo.
1245 1286 1406 1367 Sapientia
1433 1305 1559 1368 quoque
1587 1287 1713 1350 ordina·

164 1384 258 1445 culis.
279 1382 410 1464 Propter
428 1384 511 1465 quod
532 1384 570 1445 ad
590 1383 743 1465 Ephesios
767 1384 812 1446 ait
831 1384 912 1465 Apo-
966 1383 1085 1445 tionem
1100 1384 1252 1463 optimam
1268 1384 1401 1445 interius
1415 1393 1523 1447 causat
1538 1408 1545 1445 :
1559 1384 1712 1466 sapientis

93 1506 120 1535 e.
135 1507 148 1543 ι,
164 1481 264 1543 stolus
291 1504 298 1541 ε
324 1480 414 1544 Pater
436 1481 544 1563 glorias
568 1482 620 1544 det
644 1482 735 1546 robis
764 1482 910 1563 spiritum
966 1482 1052 1543 euim
1067 1489 1116 1545 est
1129 1482 1286 1545 ordinum.
1304 1482 1361 1545 Per
1379 1482 1524 1546 ordinem
1544 1502 1620 1545 vem
1641 1503 1712 1565 per-

48 1559 103 1605 ⁷''
164 1580 328 1661 sapientias
343 1579 376 1640 in
392 1578 552 1661 agnitione
567 1579 648 1660 ejus,
667 1587 699 1641 ut
714 1580 821 1641 sciatis
841 1599 911 1659 qum
967 1589 1071 1642 manet
1087 1581 1182 1643 homo
1197 1581 1406 1644 inconcussus
1426 1600 1463 1643 ac
1482 1580 1565 1643 fixus
1585 1581 1617 1642 in
1639 1580 1713 1642 rati-

163 1679 204 1741 sit
230 1697 303 1759 spes
326 1678 504 1741 vocationis
528 1686 661 1755 vcstrae3
689 1678 782 1739 etad
807 1678 912 1740 Colos-
965 1678 1151 1758 enisaeque
1177 1678 1310 1759 judicio.
1337 1679 1410 1741 ldeo
1437 1678 1520 1741 alius
1547 1677 1711 1759 sapientiae

57 1790 72 1829 ὀ
101 1803 111 1831 ι
135 1803 148 1837 ι.
163 1776 504 1839 senses2Postnlamus
518 1774 648 1856 (inquit)
664 1785 698 1837 ut
713 1774 909 1856 impleamini
965 1784 1054 1839 actus
1084 1785 1131 1837 est
1159 1777 1300 1838 animum
1330 1776 1509 1839 confortare
1537 1776 1571 1839 in
1605 1776 1709 1855 bonis,

162 1874 326 1955 agnitione
346 1873 517 1937 voluntatis
540 1873 595 1936 llei
622 1874 761 1937 inomni
786 1873 911 1954 sapien·
928 1874 1233 1955 Bqnemadmodum
1258 1874 1412 1955 scriptum
1441 1882 1489 1936 θεῖ
1514 1897 1521 1935 :
1546 1874 1710 1937 Certamen
1725 1894 1857 1943 reuma.

163 1973 216 2042 tia,
235 1981 271 2035 ut
285 1971 454 2034 ambuletis
468 1972 564 2051 digne
580 1970 653 2034 [leo.
966 1970 1046 2035 forte
1066 1972 1153 2035 dedit
1172 1971 1231 2051 illi,
1247 1979 1283 2034 ut
1300 1972 1453 2051 vinceret,
1471 1981 1502 2035 et
1521 1972 1617 2035 sciret
1635 1991 1714 2053 quo-

966 2071 1050 2133 niam
1071 2071 1214 2133 omnium
1240 2070 1400 2151 potentior
1422 2079 1470 2133 est
1491 2070 1657 2151 sapientia.
1673 2070 1713 2132 Εῖ

374 2224 617 2289 ARTICULUS
641 2226 689 2289 IX
965 2169 1040 2249 quia
1066 2169 1230 2251 sapientie
1248 2170 1367 2232 donum
1387 2167 1550 2233 obstacula
1572 2168 1712 2231 caritatis

694 2272 700 2287 '
967 2266 1102 2349 repellit,
1112 2274 1278 2348 propterca
1288 2286 1307 2329 a
1319 2266 1411 2329 ruina
1425 2266 1547 2348 peccati
1563 2274 1595 2329 et
1608 2266 1713 2349 poenis

272 2379 319 2437 De
339 2375 502 2452 effectibus
523 2374 603 2433 doni
623 2374 800 2449 sapientire.
965 2364 1102 2448 repellit,
1118 2364 1206 2446 juxta
1228 2363 1306 2427 illud
1324 2364 1511 2445 :Sapientia
1529 2364 1657 2445 eosqui
1679 2384 1713 2427 se
1727 2381 1785 2426 reu.
1797 2384 1819 2424 r.

965 2462 1147 2539 observant,
1171 2481 1189 2524 a
1218 2462 1381 2525 doloribus
1411 2462 1534 2525 liberat.
1559 2462 1712 2537 Quoniam

229 2562 342 2625 lRTUS
366 2562 506 2640 demum,
533 2568 612 2623 teste
636 2560 837 2641 Philosopho,
863 2568 910 2623 est
965 2578 1041 2641 ergo
1063 2560 1218 2642 sapientia
1237 2568 1376 2622 mentem
1396 2580 1415 2623 a
1435 2560 1522 2623 vitiis
1542 2560 1648 2641 eripit,
1665 2560 1714 2621 in-

245 2679 316 2741 quae
340 2658 508 2721 habentem
533 2657 671 2739 perficit,
688 2666 719 2721 et
738 2677 818 2739 opus
839 2658 909 2738 ejus
966 2667 1147 2739 corruptam
1162 2678 1232 2719 eam
1247 2677 1284 2719 ac
1300 2658 1454 2739 inte-gram
1476 2656 1591 2720 efficit.
1608 2658 1714 2721 lneor-

161 2760 283 2822 bonurn
310 2757 421 2820 reddit.
443 2757 544 2831 Quum
569 2775 644 2837 ergo
670 2757 832 2837 sapientiae
856 2757 911 2819 do-
966 2756 1546 2837 ruptioautemfacitesseproximum
1559 2755 1861 2820 Deoldeoraumao.

161 2878 238 2921 num
260 2857 301 2919 sit
321 2854 491 2918 habitualis
511 2854 664 2936 perfectio
689 2855 830 2935 rationis,
847 2854 911 2937 pri·
967 2855 997 2915 in
1019 2854 1101 2915 libro
1119 2854 1288 2935 Sapientia
1308 2853 1508 2915 concluditur
1529 2876 1536 2913 :
1559 2853 1832 2933 concupi-ruam.

161 2975 213 3019 mo
243 2955 347 3036 ipsam
374 2962 511 3016 mentem
537 2953 568 3015 in
594 2954 721 3033 seipsa
749 2962 907 3033 perornat,
966 2952 1088 3015 scentia
1108 2951 1272 3033 sapientie
1287 2952 1422 3014 deducet
1440 2952 1479 3014 ad
1495 2970 1628 3032 regnum
1644 2969 1715 3031 per-

160 3054 315 3133 deinceps
329 3070 409 3133 opus
424 3050 525 3131 ipsius
541 3050 698 3113 laudabile
714 3050 828 3113 elficit.
839 3051 910 3113 Por·
929 3057 951 3119 G
966 3058 1107 3131 petuum.
1121 3049 1215 3111 Porro
1230 3048 1358 3111 tristitia
1372 3068 1408 3110 ae
1424 3049 1551 3111 taedium
1566 3068 1605 3111 ex
1619 3066 1715 3110 even-

161 3151 242 3231 m,si
258 3150 453 3231 praeinducta
467 3157 550 3211 recte
565 3158 746 3229 pensentur,
755 3150 910 3231 sapientia
965 3157 998 3209 tu
1014 3148 1088 3209 mali
1106 3155 1286 3209 causantur.
1302 3146 1404 3219 Quum
1419 3165 1494 3226 ergo
1509 3146 1665 3227 sapientia
1680 3145 1713 3207 in

159 3269 230 3331 quae
246 3249 367 3310 donum
383 3254 430 3309 est
446 3246 581 3327 Spiritus
597 3246 715 3325 Sancti,
732 3247 909 3310 triformem
966 3254 1071 3308 mente
1086 3245 1271 3308 deliciosam
1289 3244 1589 3325 contemplationem
1602 3244 1714 3325 produ·

160 3346 257 3409 habet
271 3343 424 3407 ellectum
440 3364 496 3406 seu
512 3344 671 3424 triplicem
687 3353 793 3407 aetum
810 3344 841 3406 in
863 3346 910 3407 in·
965 3354 1026 3423 cat,
1044 3344 1148 3426 palam
1164 3344 1309 3424 estquod
1326 3343 1395 3424 ipsa
1410 3342 1583 3423 tristitiam,
1599 3342 1714 3404 amari-

159 3446 248 3505 timis
265 3450 377 3505 creata
394 3440 619 3521 rationalisque
635 3442 760 3503 mentis.
777 3441 855 3505 Nam
870 3443 911 3503 ab
966 3443 1107 3505 tudinem
1130 3440 1322 3521 taediumque
1342 3441 1490 3521 expellat,
1507 3448 1538 3502 et
1557 3441 1640 3502 inter
1660 3441 1714 3502 ad-

161 3542 229 3623 ipso
254 3540 417 3621 sapientie
438 3539 547 3602 habitu
568 3539 709 3620 procedit
728 3540 909 3603 divinorum
966 3560 1056 3605 versa
1084 3548 1178 3620 atque
1207 3541 1346 3602 secunda
1377 3538 1518 3601 animum
1546 3539 1633 3619 regia
1661 3537 1713 3599 via

158 3640 315 3721 cognitio,
331 3637 492 3719 judicialis
507 3638 668 3717 discretio,
684 3657 720 3699 ac
742 3638 845 3700 dulcis
864 3638 910 3699 af·
965 3639 1114 3700 incedere
1140 3636 1247 3699 faciat.
1275 3637 1354 3698 Hinc
1380 3636 1466 3698 enim
1490 3636 1524 3697 in
1548 3636 1629 3699 libro
1659 3636 1712 3697 Sa-

159 3738 260 3801 fectio
276 3756 332 3799 seu
348 3754 496 3817 saporosa
510 3736 658 3817 gustatio.
675 3735 798 3798 Primus
814 3736 910 3817 igitur
966 3736 1094 3819 pientiae
1118 3735 1334 3815 conscriptum
1358 3743 1406 3796 est
1433 3758 1439 3795 :
1463 3734 1536 3797 Scio
1560 3734 1857 3815 montemontano,

159 3835 327 3917 sapientiae
356 3834 489 3895 interior
516 3842 616 3912 actuS,
646 3842 694 3895 θεῖ
722 3833 909 3897 clarificatio
966 3834 1122 3915 sapientia
1137 3852 1263 3895 mecum
1278 3832 1528 3895 communicabit
1546 3832 1585 3893 de
1604 3832 1709 3911 bonis,
1726 3822 1759 3862 ¹⁶·

160 3933 365 4004 intellectus3
382 3930 551 4009 secundus,
568 3932 782 3993 connaturalis
795 3930 911 3993 discre-
965 3940 995 3995 et
1011 3932 1071 3993 erit
1085 3930 1236 3993 allocutio
1253 3930 1455 4011 cogitationis
1474 3938 1507 3992 θῖ
1525 3929 1610 3992 radii
1626 3930 1709 4006 mei,

158 4030 456 4109 tiorationiszper
476 4027 664 4109 sapientiam
685 4029 770 4090 enim
789 4028 910 4111 judicat
966 4030 1087 4093 intrans
1117 4030 1149 4091 in
1183 4030 1312 4092 domum
1342 4048 1456 4108 meam,
1487 4028 1710 4109 conquiescam

158 4131 257 4193 homo
273 4127 448 4210 spiritualis
467 4126 506 4189 de
526 4126 645 4189 divinis
665 4146 701 4190 ac
721 4128 834 4189 ceteris
855 4148 910 4210 per
965 4148 1037 4192 cum
1058 4128 1136 4191 illa:
1154 4147 1217 4190 non
1238 4128 1324 4189 enim
1350 4127 1444 4189 habet
1467 4126 1710 4189 amaritudinem

159 4230 302 4290 rationes
323 4246 379 4288 seu
394 4224 663 4287 considerationes
678 4245 714 4287 ac
730 4226 815 4307 leges
830 4226 910 4289 diri·
925 4232 949 4292 D
965 4226 1164 4289 conrcrsatio
1188 4225 1285 4305 illius,
1309 4245 1367 4286 nec
1393 4225 1520 4287 taedium
1546 4224 1712 4287 convictus

159 4346 230 4406 nas,
259 4324 434 4387 secundum
465 4322 744 4404 experimentalem
767 4344 803 4385 ac
828 4325 910 4406 sapi·
966 4326 1077 4407 ipsius,
1095 4326 1149 4386 sed
1172 4324 1313 4386 laetitiam
1334 4330 1430 4404 atque
1451 4323 1615 4403 gaudium.

158 4426 234 4487 dam
252 4422 476 4485 certitudinem
495 4420 571 4483 fidei
586 4422 625 4483 de
639 4421 769 4483 divinis
788 4422 910 4484 Tertius
1009 4423 1172 4500 Preterea,
1209 4421 1360 4503 quoniam
1396 4422 1559 4501 sapientiae
1593 4424 1712 4484 donum

159 4521 329 4604 sapientiae
358 4527 447 4581 actus
474 4518 618 4599 interior,
645 4528 693 4581 est
716 4528 826 4601 gustus
855 4542 909 4583 seu
966 4530 1075 4584 contra
1091 4522 1197 4601 gulam
1220 4520 1392 4595 confertur,
1412 4518 1531 4581 idcirco
1551 4519 1713 4599 apostolus

158 4620 336 4684 oblectatio
359 4617 483 4679 mentis.
966 4620 1101 4683 lacobus
1121 4619 1202 4679 banc
1225 4636 1394 4698 supernam
1414 4616 1602 4698 sapientiam
1614 4620 1713 4693 padi·
1740 4639 1816 4683 ruet.
1829 4652 1859 4689 ιιι,

200 4718 248 4781 Ex
266 4714 573 4778 hisautemactibus
588 4715 642 4777 alii
664 4716 753 4777 multi
776 4716 911 4779 effectus
966 4738 1036 4777 carn
1061 4715 1199 4797 appellat
1225 4740 1232 4777 :
1259 4722 1366 4777 causat
1390 4715 1476 4776 euim
1501 4714 1652 4795 pudorem
1683 4723 1715 4777 et
1730 4706 1762 4747 ¹⁷¹

160 4822 326 4880 emanant.
343 4812 496 4885 Quoniam
512 4814 597 4875 euim
614 4814 753 4895 pradicti
777 4814 912 4877 effectus
969 4815 1208 4879 continentiam.
1240 4814 1297 4888 Qui
1328 4814 1414 4875 enim
1448 4813 1629 4894 spirituales
1661 4814 1715 4875 de-

161 4935 221 4979 nos
238 4915 304 4977 Deo
320 4912 530 4989 conformant,
544 4911 599 4991 qui
616 4920 663 4974 est
677 4912 781 4975 orunis
796 4914 913 4975 illumi·
968 4914 1059 4975 licias
1084 4912 1177 4992 sapit,
1203 4911 1346 4973 carnales
1371 4910 1595 4973 delectationes
1621 4910 1715 4973 facile

161 5012 306 5077 nationis
341 5010 471 5073 fontana
506 5008 606 5091 origo,
635 5011 802 5092 omnisque
836 5014 911 5074 recti
969 5010 1320 5094 vilipenditzquoniam
1346 5017 1469 5089 gustato
1493 5008 1717 5089 spiritu,desi-

159 5110 280 5195 J'udicii
305 5108 427 5191 primus
446 5108 641 5185 distributor,
660 5116 691 5171 et
712 5109 752 5171 de
778 5110 914 5191 propriis
970 5110 1015 5190 pit
1031 5108 1136 5171 omnis
1151 5107 1511 5188 caro‚quemadmodum
1528 5106 1717 5187 spiritualis-

162 5210 232 5273 suis
259 5206 463 5289 sempiternis
488 5206 609 5269 divitiis
627 5208 817 5270 eternaliter
841 5228 916 5289 gau·
971 5208 1070 5269 simus
1099 5226 1135 5268 ac
1165 5206 1293 5267 divinus
1322 5205 1376 5267 ille
1398 5204 1567 5285 Gregorius
1591 5206 1714 5268 asserit.

162 5311 271 5385 dens3
297 5306 417 5370 idcirco
440 5304 603 5386 sapientiae
627 5306 747 5370 donum
772 5326 829 5371 nos
852 5308 915 5370 Deo
973 5306 1118 5369 Secundo
1140 5304 1282 5367 nominat
1302 5323 1372 5367 cam
1388 5306 1572 5382 pacificam.
1589 5304 1718 5388 Sapien-
