4309 6259
461 452 501 517 52
876 466 1033 515 aurosum
1054 465 1153 513 uranu
1177 472 1184 511 :
1207 466 1342 513 orrares
1362 466 1448 512 vous
1470 467 1588 513 orrurua

460 647 602 702 stercora
625 638 733 701 omnia
757 637 817 701 ista
840 638 979 702 earnalia
1003 645 1034 700 et
1061 646 1207 716 terrena3
1224 639 1359 719 Asuper
1391 637 1618 699 intellectualia
1651 660 1668 696 «
1698 637 1803 701 sidera
1835 660 1865 715 a,
1895 638 1927 701 id
1961 647 2009 701 est

461 737 608 819 exemplo
636 735 750 799 Christi
780 746 811 799 et
839 737 1026 800 Sanctomm
1057 738 1210 799 acuenda·
1264 735 1390 817 agmina
1404 736 1589 817 angelorum
1605 736 1637 797 in
1652 754 1802 817 empyreo
1814 738 1896 799 ooelo
1907 737 2009 818 splen-

462 854 535 897 mur
550 834 690 915 quotidie
711 836 750 897 ad
771 834 923 913 meliora;
940 835 1064 897 nullum
1084 842 1210 916 tempus
1263 834 1382 913 dentia,
1404 835 1443 897 de
1467 835 1583 915 quibus
1608 835 1729 915 primus
1752 835 1808 897 ille
1831 836 1911 897 (lixit
1935 856 2010 918 apo

461 940 608 1014 putemus
623 932 893 1013 longum,nullum
909 940 1013 995 aetum
1026 932 1208 1011 dilhoilem,
1263 940 1343 994 stata
1366 957 1373 995 ε
1395 934 1497 1014 Super
1518 940 1603 994 astra
1627 933 1699 995 coeli
1724 932 1868 995 exaltabo
1892 934 2008 996 solium
2022 960 2112 1007 rama

463 1028 585 1091 nullum
604 1029 744 1091 laborem
763 1028 942 1107 molestum,
960 1028 1081 1091 nullam
1100 1030 1211 1092 adver·
1264 1049 1381 1093 meum.
1413 1030 1456 1092 De
1479 1030 1595 1111 quibus
1624 1032 1663 1093 ad
1692 1029 1750 1093 lob
1778 1030 1930 1093 Dominus
1958 1032 2008 1093 de

463 1126 586 1189 sitalem
606 1127 845 1209 praegravidum,
863 1126 978 1207 quibus
993 1128 1092 1189 Deum
1111 1127 1210 1189 hono-
1264 1128 1418 1209 prompsit
1439 1152 1446 1189 ε
1468 1128 1524 1190 Ubi
1550 1148 1619 1190 eras
1644 1146 1742 1208 quum
1767 1147 1819 1189 me
1845 1127 2008 1191 laudarent
2021 1160 2113 1206 mm„

464 1232 577 1286 rareet
591 1225 619 1287 ei
639 1224 765 1306 placere
784 1234 877 1306 atque
892 1225 931 1287 ad
946 1224 1209 1287 desiderabilissi-
1262 1231 1346 1285 astra
1372 1224 1537 1301 matutina,
1568 1232 1600 1286 et
1627 1224 1801 1304 jubilarent
1828 1242 1940 1286 omnes
1968 1224 2008 1285 li·
2023 1226 2066 1268 *ὦ

462 1340 549 1383 mum
572 1322 642 1404 ejus
662 1322 811 1385 intuitum
834 1322 1019 1385 beatisioum
1041 1323 1209 1405 pervenire
1263 1322 1298 1383 lii
1323 1322 1400 1384 lleil
1419 1322 1498 1384 llino
1519 1324 1557 1385 ad
1580 1322 1733 1404 Ephesios
1757 1323 1908 1385 disseruit
1931 1323 2008 1386 Pau-

461 1419 613 1482 valemus
1262 1420 1312 1481 lus
1325 1444 1332 1481 ι
1346 1420 1428 1481 Deus
1443 1420 1607 1483 constituit
1619 1420 1777 1482 Christum
1792 1421 1831 1482 ad
1846 1422 2006 1483 dexteram
2033 1450 2094 1504 [Pis
2111 1485 2112 1492 χ

502 1521 615 1580 Gloria
640 1521 713 1590 tihi,
733 1522 882 1589 Domine,
902 1522 963 1599 qui
986 1522 1128 1590 scandis,
1147 1519 1207 1581 hoo
1262 1536 1352 1580 suam
1379 1517 1411 1578 in
1433 1517 1628 1595 ooelestibuS,
1652 1537 1746 1600 super
1766 1537 1893 1581 omnem
1921 1520 2008 1581 Prin·
2021 1517 2085 1555 ³³¹²*-

460 1623 508 1677 est
532 1616 713 1697 ascendisti,
740 1636 841 1693 supra
867 1620 989 1688 sidera,
1015 1636 1081 1680 non
1105 1617 1207 1680 solum
1262 1617 1402 1697 oipatum
1425 1625 1456 1678 et
1475 1618 1662 1679 Potestatem
1682 1625 1714 1679 et
1728 1616 1883 1679 Virtutem
1904 1626 1935 1680 et
1949 1619 2008 1681 llo

460 1714 635 1777 materialia
663 1713 700 1797 iu
724 1713 928 1777 firmamento
957 1716 1119 1794 micantia,
1150 1716 1206 1777 sed
1262 1714 1482 1777 minationem.
