4309 6259
461 461 521 528 490
694 487 734 533 DE
755 486 911 534 PRAEGONIO
930 485 968 533 rr
987 488 1151 534 olonnam
1172 488 1289 550 laam,
1311 488 1401 536 nmen
1421 489 1443 535 1.
1465 507 1505 519 ·-
1525 489 1596 535 ΛΒΤ.
1617 489 1704 549 xv111,
1725 490 1781 535 xlx

1222 659 1343 723 Alium
1367 679 1407 723 ue
1430 679 1595 724 causarum
1627 669 1689 724 tua
1721 678 1740 723 o
1788 658 1984 725 reclarissima

634 715 878 784 ARTICULUS
906 718 1032 783 XVIII·
1263 679 1369 837 llarirll,
1400 759 1518 822 causali
1548 708 1734 822 fecundititti
1762 679 1846 821 lalet
1872 760 1982 839 equari.

490 868 538 927 De
550 865 755 942 fecunditate
769 868 1036 944 incomparabilis
1048 870 1178 930 Maria,
1263 855 1388 919 Etenim
1411 876 1520 920 earum
1546 856 1673 920 edidisti
1697 855 1862 937 factorem,
1881 856 1984 919 Creatc

1262 974 1393 1038 remque
1417 955 1582 1037 genuisti:
1607 956 1661 1038 qui
1686 955 1803 1019 coelum
1826 963 1983 1037 terramque

531 1052 611 1117 MNE
625 1054 744 1118 bonum
760 1056 809 1118 sui
824 1055 1010 1119 diffusivum
1025 1065 1083 1119 est.
1100 1057 1205 1135 Porro,
1263 1053 1416 1132 condidit,
1442 1054 1497 1136 qui
1524 1061 1609 1117 astra
1636 1053 1855 1135 elementaque
1876 1072 1984 1135 compo

545 1154 628 1234 quod
654 1153 865 1235 prestantius,
892 1154 925 1217 id
948 1173 1074 1236 quoquc
1097 1154 1208 1217 fecun-
1263 1151 1338 1230 suit,
1353 1152 1407 1234 qui
1427 1153 1555 1216 demum
1573 1152 1723 1215 universa
1747 1151 1875 1233 creavit,
1889 1171 1906 1213 a
1922 1160 1983 1228 teo

460 1249 548 1328 dius3
560 1258 591 1312 et
605 1250 693 1330 item,
709 1253 793 1333 quod
808 1252 951 1315 melioris
966 1252 1120 1334 germinis
1135 1270 1207 1333 pro
1262 1247 1340 1312 felix
1362 1250 1468 1331 llario,
1484 1250 1573 1332 gigni
1597 1250 1743 1331 dignatus
1767 1258 1835 1329 est;
1850 1249 1902 1331 qui
1924 1268 1983 1313 can-

460 1349 624 1411 duotivum
639 1358 697 1427 est,
714 1349 842 1432 dignius
861 1369 991 1432 prorsus
1010 1352 1205 1414 censendum
1262 1347 1322 1410 ctis
1356 1348 1514 1411 causalem
1546 1347 1775 1411 fecunditatem
1803 1347 1983 1430 prestitita

460 1454 519 1509 est.
531 1445 715 1526 Enimvero,
724 1447 790 1528 jam
806 1468 891 1511 nunc
906 1448 938 1511 id
953 1450 1052 1511 menti
1067 1450 1207 1513 occurrit
1262 1452 1316 1508 tua
1337 1445 1520 1509 beatissima
1540 1446 1736 1509 fecunditate
1757 1445 1915 1528 profluxit.

460 1545 545 1625 quod
569 1545 653 1626 apud
673 1544 879 1627 philosophos
899 1546 1056 1609 famosum
1083 1546 1207 1630 sapien·
1301 1544 1454 1626 Denique,
1477 1546 1562 1607 unde
1587 1544 1621 1607 in
1644 1553 1675 1607 te
1699 1552 1787 1607 tanta
1814 1544 1981 1622 fecunditas,

461 1642 599 1723 tialcque
614 1644 805 1707 novitium
819 1662 935 1725 nempe
950 1644 1113 1708 Divinitati
1128 1647 1206 1708 duas
1262 1642 1324 1705 nisi
1347 1642 1598 1724 correspondens
1617 1661 1744 1724 quoque
1763 1641 1822 1705 tibi
1845 1642 1984 1705 inexsiste

461 1740 635 1823 presertim
670 1742 880 1823 proprietates
916 1751 1108 1825 competere,
1137 1763 1206 1825 quae
1262 1749 1311 1804 ret
1329 1740 1475 1803 bonitasl
1491 1740 1550 1804 Sed
1571 1740 1692 1822 gratie,
1708 1760 1774 1805 non
1798 1748 1922 1818 nature,
1936 1741 1982 1802 hoc

461 1849 535 1902 sunt
550 1840 718 1902 causalitas
733 1840 874 1922 itemque
889 1840 1101 1922 providentia.
1119 1841 1207 1905 Dani·
1223 1842 1247 1904 B
1262 1840 1370 1921 largiri
1386 1858 1443 1921 par
1457 1846 1513 1902 est.
1530 1838 1720 1902 Benedictus
1735 1840 1854 1923 itaque,
1866 1858 1884 1903 ο
1896 1839 2068 1915 Marianam

460 1955 522 2018 que
546 1937 593 2001 nil
618 1938 681 2001 lleo
700 1938 870 2017 causalius,
888 1939 933 2001 nil
954 1958 991 2003 eo
1010 1940 1204 2003 fecundius:
1262 1937 1382 2001 ventris
1410 1937 1456 1999 tui
1481 1937 1616 2017 fructus,
1643 1937 1696 2020 qui
1722 1936 1805 2001 coelc
1829 1956 1942 2018 quoque
1961 1944 1984 1997 ct

460 2037 581 2119 quippe
609 2038 663 2119 qui
697 2038 839 2101 omnium
869 2038 1047 2102 bonitatum
1077 2039 1207 2102 [onena
1262 2037 1328 2100 sole
1356 2036 1508 2118 omnique
1537 2043 1679 2099 creatura
1703 2034 1872 2099 fecundior
1892 2042 1981 2098 exstat.

461 2136 586 2199 bonitas
606 2143 726 2214 exstat3
742 2144 836 2217 atquc
855 2155 918 2217 quo
936 2137 969 2198 in
990 2137 1105 2200 creatis
1129 2138 1208 2201 enti·
1262 2136 1363 2215 llunc,
1383 2153 1402 2198 o
1423 2133 1726 2198 desiderabilissima
1749 2153 1876 2216 sponsa,
1896 2134 1983 2214 dilige,

461 2234 521 2296 bus
536 2233 634 2295 fuerit
648 2234 695 2296 illi
710 2234 785 2315 quid
807 2234 955 2314 similius,
971 2254 1009 2298 eo
1031 2235 1207 2299 certissime
1262 2234 1292 2296 ei
1308 2232 1489 2315 regratiarc,
1506 2232 1612 2314 ipsum
1632 2232 1856 2314 complectere,
1871 2232 1920 2313 qui
1937 2230 1984 2292 sibi

461 2340 509 2394 est
529 2330 590 2414 ipsi
611 2349 737 2413 quoque
759 2332 792 2393 in
816 2332 970 2414 dignitate
994 2333 1208 2415 deiformique
1262 2340 1293 2394 te
1309 2339 1439 2394 eatenus
1455 2330 1677 2408 conformavit,
1694 2338 1758 2392 tam
1778 2328 1985 2411 incomparabi-

461 2428 690 2492 assimilatione
725 2430 945 2511 propinquius.
975 2430 1085 2494 Omnis
1114 2451 1207 2515 porro
1264 2430 1326 2492 lem
1351 2429 1408 2491 tibi
1433 2428 1566 2509 gratiam
1595 2427 1740 2505 contulit,
1767 2428 1913 2509 omnique
1935 2434 1984 2487 tam

462 2534 617 2604 creatura,
638 2528 906 2607 quemadmodum
930 2529 964 2590 in
988 2529 1140 2608 bonitate,
1162 2530 1208 2592 sic
1263 2527 1468 2590 vehementer
1482 2526 1528 2589 sic
1543 2534 1694 2589 creature
1708 2533 1740 2587 tc
1754 2525 1899 2607 pretulit.
1914 2525 1985 2586 llnnc

462 2633 494 2688 et
515 2626 549 2687 in
571 2624 767 2689 fecunditate
783 2626 890 2708 utique
909 2647 927 2689 a
946 2627 1010 2690 Deo
1032 2629 1208 2691 secundum
1263 2625 1397 2707 diligere
1412 2624 1542 2703 teneris,
1559 2624 1615 2687 sed
1629 2623 1763 2705 diligere
1775 2642 1841 2686 non
1856 2621 1983 2685 sufficis:

462 2731 608 2786 naturam
624 2722 753 2786 infinite
768 2724 939 2787 occumbit.
956 2725 988 2788 Si
1005 2726 1103 2807 igitur
1124 2746 1211 2789 crea·
1264 2722 1414 2804 quoniam
1430 2740 1494 2784 non
1513 2720 1622 2802 utique
1643 2720 1707 2784 tuis
1727 2720 1861 2801 meritis,
1877 2721 1924 2783 scd
1942 2738 1986 2779 sua

463 2830 534 2884 tura
557 2822 673 2903 aliqua,
694 2823 811 2885 nedum
836 2822 1025 2901 consimilis,
1045 2826 1101 2887 sed
1126 2826 1210 2905 ejus·
1264 2840 1351 2883 mere
1375 2820 1570 2903 anticipante
1593 2819 1789 2901 gentianae
1807 2820 1986 2901 tibi,oprre

462 2922 535 2983 dem
573 2939 701 3001 quoque
738 2940 812 2984 eum
846 2922 909 2985 Deo
948 2923 1131 3004 productrix
1169 2924 1210 2986 sit
1265 2920 1411 2983 amabilis
1432 2920 1537 2997 llater,
1555 2918 1736 2999 impertitus
1757 2925 1813 2980 est.
1933 2932 1934 2935 ’

462 3018 627 3100 germinis,
642 3018 726 3081 haud
741 3019 874 3082 dubium
889 3039 959 3083 eam
980 3020 1142 3084 Divinitcti
1165 3022 1210 3084 ef·
1228 3024 1250 3087 C

463 3117 581 3179 fectam
605 3116 812 3198 simillimam,
838 3118 1089 3201 amplioremque
1113 3139 1209 3200 quam

464 3215 515 3277 vel
540 3215 672 3297 cogitari
695 3224 790 3297 queat
814 3225 869 3279 aut
891 3217 962 3294 fari,
989 3217 1209 3280 excellentiam
1456 3182 1700 3247 ARTICULUS
1722 3182 1815 3245 XIX·

385 3354 391 3365 ·
427 3339 448 3369 ¹¹·
463 3313 653 3377 deiformem
677 3313 830 3376 sortitam.
857 3314 916 3377 Sed
943 3315 976 3377 in
1005 3316 1209 3397 pl'aellldllsslls
1309 3336 1356 3395 De
1369 3333 1610 3408 comparatione
1618 3332 1836 3409 fecunditatis
1848 3339 1953 3391 sancta

463 3411 602 3473 ubertim
617 3412 657 3492 (Sl
682 3412 740 3474 Γίῑθ
764 3412 911 3492 memini)
930 3412 1125 3477 declaratum
1149 3423 1208 3493 est,
1275 3424 1421 3499 Virginis
1438 3424 1482 3481 ad
1495 3422 1731 3497 secunditatem
1750 3422 1869 3483 ceter-ni
1880 3419 1984 3482 Patris.

465 3511 612 3573 eumdem
627 3510 755 3589 Filium,
771 3529 790 3572 a
804 3510 893 3573 Patre
912 3512 1104 3574 eternaliter
1122 3514 1210 3594 geni-

463 3617 577 3689 tum,a
602 3608 698 3671 llario
716 3627 792 3671 vero
812 3608 844 3670 in
864 3618 1007 3691 tempore
1031 3618 1140 3673 natum
1155 3634 1162 3688 3
1179 3620 1210 3674 et
1328 3610 1429 3673 Al'llll
1452 3608 1563 3671 Filium
1584 3608 1694 3690 genuit
1712 3628 1730 3671 a
1749 3627 1813 3689 quo
1832 3606 1928 3673 omnis
1946 3622 1986 3665 na·

463 3709 509 3770 uti
536 3708 619 3771 Deus
643 3708 744 3785 Pater,
766 3707 812 3769 sic
837 3715 869 3769 et
892 3708 987 3771 homo
1010 3718 1122 3788 mater,
1143 3711 1209 3773 veri
1342 3717 1412 3771 tura
1427 3709 1459 3770 in
1481 3726 1550 3770 csse
1573 3707 1729 3789 prooessit
1745 3730 1752 3769 :
1769 3726 1883 3787 nempe
1899 3701 2074 3768 omniura-n

464 3806 519 3869 llei
543 3805 683 3869 Genitrix
707 3806 866 3869 censenda
891 3814 948 3868 est.
974 3807 1099 3869 Etenim
1124 3808 1210 3872 idem
1266 3806 1440 3889 peripsum
1456 3806 1640 3883 factasunt,
1657 3812 1689 3869 et
1707 3806 1777 3868 sine
1799 3805 1869 3887 ipso
1888 3802 1986 3865 factum

464 3905 533 3987 ipse
544 3905 685 3968 Christus
700 3904 755 3985 qui
770 3905 868 3967 Patris
889 3904 988 3967 Filius
1010 3914 1068 3986 est,
1086 3907 1211 3987 ‘sapien-
1266 3914 1314 3968 est
1332 3904 1424 3967 nihil.
1442 3904 1480 3967 llt
1497 3903 1592 3966 Maria
1610 3904 1697 3966 hunc
1716 3904 1816 3966 edidit
1837 3921 1891 3985 per
1910 3916 1987 3981 quem

464 4003 509 4066 tia
523 4012 555 4066 et
569 4003 680 4083 virtus,
692 4004 795 4065 llariae
809 4022 936 4085 quoque
950 4003 1135 4085 Unigenitus
1149 4015 1208 4069 est.
1265 4002 1370 4068 omnis
1398 4012 1541 4066 creatura
1568 4002 1607 4064 ad
1637 4003 1718 4065 bene
1746 4009 1778 4064 et
1806 4001 1988 4083 perfectore

464 4100 554 4163 Nunc
579 4100 676 4183 igitur
695 4102 808 4183 gaude,
824 4107 856 4164 et
878 4101 1210 4184 inexcogitabiliter,o
1265 4103 1357 4165 beate
1381 4121 1450 4165 csse
1478 4102 1634 4183 pervenit.
1659 4100 1808 4164 Omnium
1837 4106 1987 4163 creatorem

463 4199 667 4262 divinissima
699 4199 806 4276 Maria,
841 4199 959 4277 laetare,
988 4201 1140 4281 quoniam
1176 4202 1209 4263 in
1227 4200 1376 4283 Dgcnuit
1399 4200 1500 4280 Pater,
1516 4207 1547 4261 et
1571 4198 1795 4262 universorum
1821 4197 1987 4260 salvatorem

464 4305 678 4360 creaturarum
695 4298 902 4361 universitate
915 4316 980 4361 non
996 4306 1044 4360 est
1057 4318 1128 4379 quae
1149 4308 1210 4362 tue
1264 4298 1389 4381 peperit
1413 4297 1508 4379 Virgo
1531 4297 1638 4359 llater.
1659 4296 1923 4372 Quemadmodum
1944 4306 1989 4373 per

464 4404 559 4477 queat
580 4396 768 4458 fecunditati
790 4397 977 4479 comparari.
1264 4398 1381 4460 Filium
1407 4415 1499 4459 suum
1524 4397 1606 4459 Deus
1635 4395 1789 4458 mundum
1818 4392 1931 4467 effecit,
1952 4387 1987 4449 sic

504 4494 642 4568 Quatuor
656 4502 842 4576 computant
856 4494 1086 4576 elegantissimi
1107 4494 1211 4576 philo
1265 4516 1322 4579 per
1343 4494 1471 4557 llariam
1492 4494 1719 4574 interemptum
1742 4490 1865 4555 refecit.

465 4592 635 4673 sophorum
652 4591 848 4655 universales
863 4592 1130 4673 dignissimasque
1142 4612 1212 4654 cau·
1304 4594 1350 4655 En
1370 4592 1471 4674 gloria
1489 4600 1554 4670 tua,
1570 4590 1675 4668 llaria,
1693 4608 1821 4653 omnem
1836 4592 1883 4669 (ut
1899 4583 1989 4657 cerno)

465 4709 516 4753 sas
534 4713 540 4752 :
557 4690 669 4767 Deum,
686 4690 943 4772 intelligentiam,
960 4690 1099 4753 animam
1121 4690 1211 4753 nobi·
1265 4690 1399 4773 gloriam
1414 4688 1681 4770 vincitPeperisti
1696 4706 1834 4769 namque
1848 4681 1989 4769 proprium

465 4787 528 4850 lem
563 4790 672 4868 (quam
708 4788 769 4869 ipsi
805 4790 878 4852 coeli
914 4789 1054 4851 animam
1089 4788 1210 4869 opinati
1266 4797 1452 4866 creatorem,
1470 4796 1501 4850 et
1522 4787 1710 4850 salvatorem
1736 4795 1825 4848 tuum
1851 4778 1989 4865 genuisti3

465 4887 563 4965 sunt),
591 4894 623 4948 et
651 4894 797 4949 naturam
820 4886 1150 4968 universalemque,
1177 4894 1212 4949 ut
1266 4896 1297 4951 et
1321 4886 1376 4967 qui
1401 4893 1516 4949 cuncta
1540 4884 1670 4961 creavit,
1688 4884 1892 4965 semetipsum
1915 4883 1991 4942 exte

465 4984 655 5062 edisserunt,
672 4985 771 5047 virtus
791 4992 840 5047 est
860 4984 1000 5047 siderum
1023 4984 1211 5065 orbiumque
1266 4984 1446 5068 plasmavit.
1472 4984 1530 5045 Per
1553 4981 1750 5045 immaculati
1774 4980 1933 5059 dulcisque
1954 4970 1990 5035 tui

465 5091 633 5147 concreata
648 5083 848 5162 substantiis3
859 5085 944 5164 quod
959 5085 997 5162 si,
1010 5091 1046 5145 ut
1058 5083 1210 5161 fatentur,
1266 5084 1346 5146 uteri
1369 5082 1507 5145 fructum
1532 5081 1670 5144 mundus
1695 5080 1871 5159 redimitur,
1887 5075 1991 5139 inferus

464 5181 537 5245 coeli
572 5200 698 5262 quoque
726 5182 833 5245 anima
859 5181 953 5260 foret,
982 5181 1071 5244 nulla
1106 5189 1211 5242 tamen
1266 5180 1429 5265 spoliatur,
1447 5180 1564 5244 coelum
1589 5179 1738 5261 repletur,
1755 5196 1840 5241 mors
1863 5173 1990 5243 moritur,

465 5280 578 5342 harum
606 5289 679 5361 post
705 5280 805 5343 Deum
837 5280 1018 5344 divinarum
1048 5279 1212 5343 universa·
1267 5279 1333 5343 vite
1353 5278 1538 5343 restituitur.
1554 5277 1612 5353 Qui
1638 5277 1858 5341 universorum
1882 5278 1992 5336 naturas
