4309 6259
300 5236 383 5283 Ιααιιιι.
405 5252 425 5283 ιι

462 490 522 553 386
621 506 664 553 ott
685 504 886 553 sacramento
907 504 1036 549 lacunis
1057 503 1094 548 nt
1114 502 1211 547 insse
1232 498 1459 546 cunnum-trione
1480 496 1640 545 uhtredus.
1662 518 1703 527 -
1723 498 1792 544 llll'l'.
1815 499 1847 544 tv

464 678 648 741 memoriale
676 679 736 740 boc
763 675 860 757 digne
893 672 1151 755 proportionetur
1178 670 1249 733 etA
1267 670 1395 750 sanguis
1424 687 1513 731 meus
1542 688 1616 731 vere
1644 676 1692 731 est
1725 674 1829 749 potus.
1859 665 1925 748 Ego
1957 667 2008 748 qui

462 776 689 858 correspondet
716 774 762 837 eis
785 792 856 854 quta
884 777 1099 853 representat,
1125 768 1210 831 vide-

462 874 538 937 licet
561 873 678 936 divinis
701 873 775 949 tuis,
801 870 933 949 Christe,
957 867 1122 950 mysteriis.
1146 865 1208 929 Nec

461 980 511 1033 est
535 972 621 1033 enim
646 979 710 1033 ιαπι
731 969 862 1033 evidens
885 975 917 1030 et
937 966 1124 1047 preclarum
1145 963 1210 1026 exi-

460 1070 543 1147 mie,
560 1069 625 1132 imo
646 1077 677 1131 et
692 1086 823 1129 summae
843 1063 1024 1127 dilectionis
1039 1063 1206 1139 indicium,

460 1176 495 1229 ut
516 1168 591 1230 dare
613 1186 647 1229 αθ
668 1166 784 1248 ipsum.

499 1266 645 1328 Ventris.
674 1300 716 1309 -
742 1264 863 1338 Quanto
892 1261 989 1340 igitur
1016 1259 1118 1340 maj0r
1146 1256 1207 1318 fuit

458 1372 491 1427 et
510 1371 559 1426 est
576 1362 706 1426 dilectio
728 1380 798 1424 πιθα
822 1360 860 1421 ad
883 1366 924 1436 te,
941 1366 972 1420 et
993 1365 1111 1438 quanto
1135 1354 1206 1435 plus

457 1460 700 1542 appretiandum
720 1458 869 1540 estquod
893 1474 952 1535 ego
971 1455 1054 1516 Deus
1077 1460 1109 1515 et
1132 1470 1206 1514 con-

456 1559 541 1621 ditor
561 1566 634 1619 tuus
658 1564 704 1619 tot
724 1563 755 1618 et
776 1563 864 1617 tanta
883 1571 940 1634 pro
960 1560 1014 1614 tua
1033 1549 1204 1631 assumpsi,

455 1654 519 1719 feci
534 1664 565 1718 et
578 1654 711 1717 toleravi
727 1652 844 1726 salute3
863 1658 981 1734 quanto
997 1649 1072 1711 item
1088 1666 1207 1711 memo-

456 1753 535 1816 riale
562 1753 647 1815 istud
676 1750 877 1834 prestantius
902 1748 1106 1827 diviniusque
1132 1764 1206 1808 con-

1265 767 1498 829 irrationalibus
1510 766 1687 829 necessaria
1700 766 1772 828 vitae
1782 766 1934 847 provideo
1944 766 2010 843 (sic-

1264 874 1298 927 ut
1326 864 1429 946 legisti
1462 888 1468 925 :
1500 865 1579 939 Quis·
1601 872 1754 945 praeparat
1781 881 1877 926 corvo
1905 881 2006 924 eseam
2019 889 2052 931 ια
2057 904 2117 931 aaaaaa

1264 961 1499 1042 snam,quando
1514 961 1591 1042 pulli
1606 961 1678 1041 ejus
1693 962 1831 1023 clamant
1844 961 1884 1022 ad
1899 960 2005 1035 Deum,
2019 959 2046 996 ⁸¹·

1264 1060 1425 1139 vagientes
1453 1078 1490 1121 eo
1519 1060 1602 1139 quod
1635 1078 1699 1122 non
1734 1059 1871 1121 habeant
1900 1058 2005 1120 cibosl

1263 1158 1300 1219 Et
1322 1177 1429 1220 rursus
1452 1157 1532 1231 :Qui
1552 1159 1605 1219 dat
1624 1158 1778 1238 jumentis
1800 1176 1906 1219 escam
1929 1156 2120 1238 ipsensium.

1264 1275 1344 1317 rum.
1358 1256 1445 1329 Quod
1461 1255 1493 1317 in
1508 1255 1678 1336 Evangelio
1693 1273 1819 1336 quoqne
1835 1263 2004 1318 contester:

1262 1354 1599 1436 llespicite,inquiens,
1609 1354 1747 1416 volatilia
1761 1354 1847 1433 coeli,
1857 1354 1933 1435 quia
1946 1373 2004 1417 uon
2018 1379 2078 1420 nuru
2098 1394 2116 1420 a

1263 1460 1383 1531 serunt,
1409 1471 1513 1533 neque
1539 1461 1732 1533 congregant
1759 1452 1792 1513 in
1821 1453 1955 1529 borraa;
1978 1446 2045 1514 et³⁶·

1263 1551 1352 1613 Pater
1372 1559 1477 1613 vester
1498 1550 1636 1614 coelestis
1658 1550 1760 1632 pascit
1781 1551 1832 1629 θα)
1850 1574 1857 1611 :
1875 1568 1946 1631 ego,
1963 1551 2007 1611 in-

1262 1668 1368 1730 quam,
1396 1648 1456 1711 boc
1485 1668 1594 1730 agens,
1622 1647 1829 1711 rationalibus
1857 1648 2006 1710 creaturis

1262 1765 1326 1808 non
1341 1748 1469 1825 desum;
1482 1754 1514 1809 et
1528 1747 1611 1809 sicut
1626 1763 1769 1827 corpora,
1783 1747 1827 1807 ita
1841 1754 1873 1808 et
1888 1746 2006 1808 animas

456 1852 550 1931 sistit,
576 1859 607 1914 et
629 1851 745 1927 denuo,
762 1867 825 1930 quo
847 1867 918 1910 mea
935 1845 1063 1908 dilectio
1083 1845 1115 1906 in
1136 1844 1243 1924 ipsoB
1262 1843 1430 1907 rationales
1455 1843 1696 1926 multiplicibus,
1720 1842 1896 1924 exquisitis,
1921 1844 2006 1907 nobi-

456 1948 654 2031 splendidius
670 1947 840 2010 innotescit
857 1969 864 2007 :
881 1954 968 2008 tanto
983 1942 1205 2005 vehementius

455 2047 553 2111 debes
567 2046 697 2111 accendi
712 2065 783 2109 meo
798 2062 916 2122 amore,
935 2040 1204 2124 precordialiores

455 2144 582 2227 quo'que
596 2154 700 2226 grates
720 2143 800 2206 mibi
821 2142 950 2218 referre,
966 2140 1090 2221 quoties
1104 2138 1204 2201 llissae

454 2243 567 2307 officio
593 2244 711 2305 interes
740 2240 1015 2319 elevationemque
1044 2235 1204 2317 conspicis

454 2342 531 2421 (qua
545 2340 692 2404 exaltatio
707 2358 778 2401 mea
793 2339 826 2399 in
849 2357 954 2415 cruce,
971 2344 1064 2417 atque
1085 2334 1204 2397 oblatio

454 2458 517 2519 qua
546 2458 605 2520 ego
630 2457 773 2501 summus
797 2437 951 2499 Sacerdos
974 2442 1006 2497 et
1029 2432 1131 2496 hostia
1157 2452 1204 2494 sa-

454 2537 564 2600 lutaris
584 2538 617 2599 in
637 2556 674 2599 ea
693 2556 744 2599 me
763 2534 863 2599 obtuli
882 2534 946 2595 fleo
966 2531 1059 2609 Patri,
1077 2531 1204 2611 signan-

453 2636 529 2714 tur),
550 2643 605 2697 aut
625 2637 701 2697 dum
726 2631 934 2716 personaliter
955 2630 1097 2692 celebras
1119 2647 1205 2690 com-

454 2733 680 2796 munionemve
709 2731 839 2812 accipis,
862 2730 912 2791 vel
943 2728 1039 2791 etiam
1068 2726 1203 2789 aliorum

454 2831 677 2913 mysteriorum
705 2849 784 2893 mee
811 2827 980 2892 oblationis
1005 2846 1039 2888 θα
1068 2843 1200 2888 memor.

454 2928 486 2990 Si
512 2948 663 3010 magnum
693 2935 902 3010 reputaretur,
929 2945 947 2988 α
976 2944 1049 3005 rege
1078 2932 1202 2985 terreno

1261 1942 1391 2004 lissimis
1416 1960 1512 2024 pasco
1541 1942 1667 2019 eduliis,
1691 1949 1803 2023 utputa
1824 1952 2006 2023 supernatu-

1260 2041 1378 2103 ralibus
1395 2049 1426 2103 et
1440 2040 1553 2105 infusis
1568 2040 1751 2119 virtutibus,
1768 2041 1872 2118 donis,
1886 2060 2006 2103 eorum-

1260 2159 1322 2221 que
1337 2139 1459 2202 actibus
1475 2147 1506 2203 et
1516 2138 1778 2202 delectationibus
1794 2139 2006 2220 spiritualibus

1260 2238 1324 2299 illis
1349 2238 1479 2299 annexis
1503 2237 1742 2318 formaliterqne
1766 2237 2003 2313 inherentibus,

1261 2334 1487 2397 ecclesiasticis
1515 2335 1609 2397 etiam
1638 2335 1856 2415 sacramentis,
1883 2336 2007 2416 potissi-

1260 2452 1311 2496 me
1326 2433 1556 2514 pretiosissimo
1567 2451 1699 2514 corpore
1711 2442 1743 2495 et
1757 2433 1914 2514 sanguine
1928 2452 2003 2495 meo.

1260 2531 1297 2593 Et
1315 2531 1465 2613 quoniam
1486 2532 1593 2595 cibum
1612 2540 1643 2594 et
1662 2540 1771 2613 potum
1791 2540 1919 2614 oportet
1938 2552 2006 2595 vere

1259 2628 1388 2693 realiter
1422 2629 1525 2692 cibato
1560 2649 1596 2692 ac
1626 2638 1733 2711 potato
1765 2630 1862 2709 uniri,
1895 2650 2006 2712 eorpus

1260 2748 1366 2791 meum
1389 2736 1420 2789 et
1439 2727 1568 2809 sangnis
1589 2728 1621 2789 in
1642 2729 1701 2791 hoc
1722 2738 1924 2791 sacramento
1938 2730 2006 2790 sub

1259 2826 1449 2887 stantialiter
1478 2826 1681 2889 continentur
1708 2850 1714 2887 :
1742 2835 1963 2890 verumtamen
1990 2846 2006 2889 α

1259 2925 1452 3007 suscipiente
1473 2925 1740 3004 occultarentur,
1762 2946 1821 2989 nec
1845 2927 1880 2988 in
1904 2927 2004 3009 ipsum

454 3028 504 3089 vel
529 3028 664 3109 presule
688 3044 803 3107 magno
828 3023 1031 3105 singulariter
1051 3041 1088 3084 ac
1110 3021 1239 3087 fami-G
1259 3032 1431 3102 mutantur,
1448 3024 1512 3087 imo
1530 3024 1634 3105 potius
1653 3024 1744 3086 illum
1764 3034 1890 3087 mutant
1910 3025 1943 3087 iu
1963 3045 2003 3087 se.

453 3125 571 3187 liariter
585 3124 688 3206 diligi,
705 3144 741 3187 ac
761 3124 912 3205 praeclara
930 3121 1000 3183 talis
1020 3118 1201 3182 dilectionis

453 3222 545 3305 signa
569 3241 606 3284 ac
630 3223 714 3284 dona
735 3221 874 3302 recipere
896 3245 903 3281 :
924 3238 1019 3300 quam
1040 3219 1202 3299 incompa-

452 3320 594 3383 rabiliter
612 3320 683 3401 plus
704 3318 812 3399 magni
832 3318 970 3399 pendere
992 3318 1099 3395 debes,
1116 3316 1200 3397 quod

451 3418 604 3481 Dominus
629 3418 722 3498 Deus,
748 3425 871 3479 creator
895 3435 931 3478 ac
956 3416 1094 3477 salvator
1115 3422 1198 3492 tuus,

450 3524 482 3578 te
511 3535 633 3578 summe
661 3514 758 3597 gratis
785 3514 907 3592 dilexit,
933 3500 1094 3594 diligendo
1122 3531 1200 3593 prte-

450 3614 550 3692 venit,
558 3612 739 3677 dilectionis
754 3632 819 3675 suae
833 3611 1019 3675 memoriale
1033 3618 1098 3671 tam
1115 3629 1200 3671 sum-

450 3731 550 3789 mum,
580 3719 688 3792 utpote
724 3730 758 3773 se
793 3711 898 3791 ipsum
934 3710 968 3771 in
996 3710 1199 3771 Sacramento

449 3810 601 3889 velatum,
627 3809 683 3870 tibi
707 3808 838 3871 donavit
862 3817 893 3869 et
917 3806 1056 3888 reliquit,
1082 3825 1141 3867 nec
1166 3805 1198 3867 id

449 3907 549 3969 semel
564 3914 687 3969 tantum
701 3914 757 3968 aut
772 3924 854 3983 raro,
871 3906 925 3967 sed
946 3904 1085 3985 qnotidie
1105 3912 1198 3984 atque

450 4007 489 4067 ad
509 4004 634 4067 libitum
653 4007 763 4066 tuuml
783 4003 907 4066 Intuere
927 4004 994 4065 bec
1014 4002 1134 4078 intime,
1152 4001 1199 4063 di-

450 4101 658 4183 ligentissime
673 4120 783 4182 pensa,
798 4100 925 4163 assidue
940 4100 1116 4179 recordare,
1133 4119 1200 4179 gra-

1258 3122 1376 3203 ltaque‚
1393 3122 1475 3184 sicut
1489 3121 1666 3184 divinitatis
1681 3141 1759 3185 πιθα
1778 3122 1932 3187 fruitione
1952 3144 2005 3185 nu-

1258 3220 1319 3283 trio
1344 3220 1429 3282 cives
1454 3238 1620 3302 supernos,
1644 3220 1688 3283 sic
1713 3222 1857 3302 corporis
1881 3232 1914 3285 et
1938 3242 2005 3284 san-

1257 3318 1363 3399 guinis
1378 3318 1440 3381 mei
1457 3318 1636 3401 sumptione
1655 3319 1714 3381 sub
1734 3319 1935 3381 sensibilium
1956 3340 2005 3383 ve-

1257 3416 1373 3479 lamine
1398 3416 1589 3498 specierum,
1613 3416 1663 3479 alo
1686 3436 1772 3479 nnnc
1798 3416 1948 3481 viatores.
1971 3418 2005 3479 Et

1256 3514 1407 3595 quoniam
1432 3514 1523 3577 cibus
1551 3522 1582 3577 et
1606 3523 1699 3596 potus
1727 3513 1786 3577 iste
1814 3524 1864 3577 est
1893 3517 2004 3578 anima

1256 3612 1440 3693 spiritualis,
1470 3612 1541 3676 ideo
1575 3612 1781 3675 invisibiliter
1810 3614 1915 3692 adest,
1945 3632 2004 3677 non

1256 3709 1410 3791 corporali
1438 3710 1677 3791 dimensivoque
1710 3711 1814 3774 modo.
1842 3710 1883 3773 Et
1912 3712 2005 3774 sumi-

1255 3815 1306 3869 tur
1325 3807 1401 3885 fide,
1431 3826 1496 3871 non
1531 3808 1669 3870 evidenti
1705 3808 1900 3889 cognitione,
1933 3828 2006 3892 quo

1254 3905 1337 3965 niam
1363 3904 1470 3967 anima
1493 3913 1541 3968 est
1565 3905 1687 3984 viatrix,
1705 3925 1768 3970 non
1793 3907 1928 3970 evidens
1952 3927 2005 3990 per

1254 4002 1391 4083 speciem
1428 4002 1679 4085 contemplatrix.
1713 4002 1899 4086 Incorporat
1932 4024 2005 4086 quo

1254 4118 1314 4181 que
1338 4099 1389 4162 bic
1414 4100 1503 4162 cibus
1526 4100 1647 4163 Christo
1666 4108 1698 4162 et
1722 4102 1857 4184 mystico
1883 4102 2003 4187 corpori

448 4199 510 4260 tias
523 4199 643 4279 jugiter
656 4199 731 4262 totis
745 4198 864 4261 viribus
880 4198 981 4276 refer3
998 4205 1029 4260 et
1043 4197 1196 4278 quidquid
1211 4198 1237 4259 D
1253 4198 1334 4278 ejus.

449 4297 645 4375 reverentiae,
667 4295 771 4359 cultus
790 4305 822 4359 et
842 4296 1028 4359 obedientius
1048 4304 1150 4377 poteS,
1167 4295 1196 4358 ei

449 4414 523 4457 cum
538 4395 624 4459 omni
641 4396 786 4458 custodia
800 4395 917 4473 cordis,
932 4394 1112 4456 bumilitate
1127 4412 1198 4474 pro

446 4490 548 4555 funda
571 4492 805 4574 dilectioneque
825 4492 959 4571 fervida,
976 4511 1076 4573 usque
1101 4492 1133 4551 in
1160 4490 1197 4551 fi-

446 4610 521 4653 nem
545 4592 693 4671 repende.

657 4799 902 4863 ARTICULUS
926 4798 984 4861 IV.

482 4930 634 4997 Qualiter
648 4939 888 4990 sacramentum
908 4931 1000 4989 istud
1015 4931 1164 4990 citellus

742 5026 772 5077 et
793 5027 899 5092 potua.

488 5177 692 5240 Ventris-
709 5175 979 5250 Quemadmodum
1002 5177 1035 5239 in
1054 5177 1196 5259 Evange-

1293 4296 1454 4375 Prelerea,
1471 4316 1569 4378 quum
1586 4297 1627 4359 sit
1640 4297 1753 4360 animae
1769 4298 1873 4377 cibus,
1884 4318 1923 4361 ea
1937 4318 2002 4380 que

1252 4394 1402 4457 alimenta
1427 4413 1579 4475 corporea
1602 4404 1776 4477 operantur
1801 4396 1834 4457 in
1858 4415 2000 4479 corpore,

1252 4491 1303 4553 bio
1327 4492 1418 4554 cibus
1441 4511 1478 4555 ac
1503 4500 1596 4573 potus
1619 4492 1827 4575 spiritualiter
1852 4495 2001 4577 aguntin

1252 4590 1368 4652 anima.
1395 4590 1490 4653 Porro
1520 4590 1609 4652 cibus
1637 4610 1674 4653 ac
1702 4599 1797 4673 potus
1821 4594 2002 4675 corporales

1252 4696 1431 4765 sumuntur,
1454 4707 1493 4750 ne
1519 4689 1605 4751 calor
1628 4689 1780 4751 naturalis
1805 4690 1846 4752 ab
1873 4690 2002 4754 humido

1252 4794 1457 4849 consumatur
1491 4786 1632 4865 rediculi,
1671 4795 1808 4869 suntque
1844 4790 2001 4852 medicina

1251 4892 1361 4947 contra
1380 4883 1596 4965 quotidianam
1620 4884 1830 4949 afflictionem
1850 4885 1949 4950 famis
1967 4906 2000 4949 ac

1251 4982 1319 5043 sitis
1343 5006 1350 5043 :
1372 4982 1417 5044 sic
1441 4982 1638 5046 divinissima
1659 4983 1858 5047 Eucharistia
1882 4994 1932 5048 est
1954 5006 2001 5047 sn-

1250 5080 1377 5158 menda,
1393 5099 1434 5142 ne
1453 5079 1605 5143 vivificus
1624 5080 1711 5143 calor
1730 5081 1873 5145 earitmis
1893 5103 1912 5145 a
1933 5100 2001 5167 pro

1249 5178 1351 5241 fluvio
1376 5178 1568 5241 sensualium
1594 5178 1803 5243 affectionum
1827 5190 1925 5264 atque
1947 5182 2001 5244 bu-

300 5303 336 5347 sa,
427 5271 491 5339 'lio
522 5274 597 5355 dixi,
626 5293 701 5339 caro
732 5291 803 5338 mea
838 5293 912 5338 vere
947 5283 996 5338 est
1030 5276 1132 5357 cibus,
1162 5286 1193 5340 et
1249 5276 1392 5341 moribus
1428 5276 1760 5358 concupiscentiarum
1796 5277 2000 5362 infrigidetur
