4309 6259
470 490 533 559 tto
754 516 1011 565 resarsurum
1030 516 1240 567 mensuraria
1260 517 1418 567 sumeres
1439 519 1509 566 snx.
1527 536 1568 551 -
1586 518 1685 567 suano
1704 518 1737 565 vr

509 683 682 765 Postremo,
706 688 852 769 quamvis
882 689 1136 754 commendabile
1163 689 1214 771 sit,
1233 690 1337 772 Aprae
1366 689 1545 772 corpusculi
1573 689 1619 753 tui
1648 688 1866 753 imbecillitate
1902 686 1961 750 die
1989 704 2024 749 aa

468 782 630 847 interdum
653 803 692 847 en
711 786 890 850 humilitate
911 796 943 850 et
961 787 1074 852 timore
1097 808 1115 851 a
1135 788 1216 852 cele·
1271 796 1364 852 nocte
1388 788 1420 852 in
1446 788 1572 869 lectulo,
1589 795 1620 851 et
1642 786 1778 851 assiduis
1799 784 1950 867 raptibus
1971 784 2024 847 ob

467 880 610 945 bratione
629 891 661 946 et
680 885 905 950 communione
925 904 1059 965 cessare,
1076 894 1215 951 attamen
1270 886 1390 951 dormis
1404 906 1442 951 ac
1457 886 1599 950 reliceris
1614 885 1647 948 in
1663 885 1795 963 Dilecto,
1811 902 1953 967 corpore
1974 890 2023 945 tuo

465 978 567 1043 multo
594 981 709 1044 melius
738 990 798 1061 est,
827 1002 866 1045 er
900 983 1040 1047 caritatis
1075 984 1213 1063 fervore,
1270 985 1317 1049 sic
1340 994 1486 1068 soporato
1510 982 1741 1065 inflexibilique
1766 982 1900 1060 allecto,
1919 990 1957 1043 ut
1980 981 2023 1043 in

465 1077 597 1159 speciali
612 1079 781 1145 devotione
796 1099 833 1144 cc
851 1082 919 1145 zelo
938 1082 1014 1145 boni
1035 1081 1215 1146 communis
1270 1092 1334 1147 star
1347 1083 1424 1166 ligni
1439 1092 1470 1145 et
1487 1082 1603 1165 lapidis
1622 1082 1768 1145 videatur
1785 1080 1949 1157 exanime,
1966 1098 2020 1142 ner

466 1176 606 1256 quotidie
633 1178 674 1241 ad
703 1179 927 1242 celebrandum
956 1187 1011 1243 aut
1038 1179 1215 1243 communi·
1269 1183 1376 1266 aliqua
1398 1202 1471 1266 pars
1494 1182 1565 1265 ejus
1590 1182 1694 1246 valeat
1717 1180 1838 1247 moveri
1861 1179 1931 1243 nisi
1959 1198 2021 1243 mo

466 1276 604 1337 candum
618 1295 653 1339 se
667 1295 844 1359 praeparare
861 1278 1149 1360 :quemadmodum
1165 1298 1215 1342 ca·
1269 1289 1380 1343 voatur
1402 1289 1434 1344 et
1462 1289 1582 1361 totum3
1599 1280 1655 1345 tibi
1683 1298 1810 1362 quoque
1837 1277 2016 1354 christina,

467 1372 544 1435 ritas
560 1373 727 1438 sublimior
742 1375 842 1438 virtus
856 1384 1013 1457 estquam
1027 1375 1213 1457 humilitas3
1268 1398 1339 1461 qum
1357 1399 1376 1443 a
1401 1379 1524 1443 llhristo
1546 1388 1631 1443 recte
1652 1378 1812 1442 Christina
1833 1384 1953 1441 vocata
1975 1396 2017 1452 es,

467 1478 499 1533 et
513 1474 688 1553 praesertim
706 1473 858 1554 quoniam
877 1482 1110 1538 sacramentum
1130 1474 1215 1537 istud
1269 1494 1339 1558 quae
1357 1482 1389 1538 et
1407 1474 1506 1537 instar
1526 1473 1641 1537 Christi
1661 1491 1764 1554 nuper
1785 1471 1934 1553 quinque
1956 1470 2019 1533 vul-

468 1578 703 1634 sacramentum
728 1580 777 1635 est
800 1572 898 1636 totius
923 1572 1073 1651 caritatis,
1100 1572 1215 1636 libera-
1268 1592 1346 1635 nera
1374 1572 1407 1635 in
1441 1590 1572 1653 corpore
1600 1579 1656 1635 tuo
1688 1569 1851 1653 bajulasti,
1883 1588 2017 1650 quorum

467 1666 564 1731 litatis
587 1676 620 1733 et
643 1670 763 1751 gratim,
783 1670 1006 1753 medicinaque
1030 1670 1155 1734 animm.
1177 1670 1215 1733 Et
1269 1671 1417 1753 stigmata
1445 1689 1531 1733 nuuc
1564 1688 1665 1751 usque
1694 1676 1871 1732 cernuntur
1907 1667 1941 1729 in
1971 1675 2015 1747 te,

466 1768 612 1848 quamvis
627 1788 716 1850 arque
730 1769 850 1834 bonum
868 1778 901 1833 et
914 1769 1113 1834 meritorium
1133 1778 1215 1832 esset
1270 1769 1328 1832 tihi
1357 1768 1451 1832 etiam
1479 1767 1666 1846 catharinae,
1689 1785 1760 1848 quae
1791 1765 1884 1829 nullo
1913 1783 2018 1846 corpo

467 1865 625 1929 sacerdoti
648 1868 753 1947 quoad
779 1886 813 1930 se
838 1868 955 1948 ipsum,
972 1887 1011 1930 ex
1034 1866 1214 1930 humilitate
1231 1862 1254 1925 B
1269 1886 1324 1931 reo
1352 1866 1504 1932 alimento
1524 1866 1626 1930 multo
1648 1874 1802 1948 tempore,
1820 1872 1902 1947 puta
1927 1864 2018 1925 trien-

465 1983 484 2028 a
506 1963 719 2027 celebratione
740 1984 877 2044 cessare,
894 1973 926 2028 et
947 1985 986 2029 ex
1010 1964 1139 2028 coritae
1164 1984 1215 2027 ce-
1269 1965 1323 2028 nio
1347 1972 1379 2028 et
1403 1964 1552 2047 amplius,
1575 1983 1632 2027 usa
1656 1982 1703 2041 cs,
1723 1962 1786 2025 nisi
1811 1960 1945 2025 modico
1968 1978 2017 2042 po

465 2060 602 2140 labrare,
626 2070 734 2125 tamen
758 2070 913 2144 quantum
942 2063 980 2126 ad
1005 2063 1085 2128 alios
1114 2063 1214 2127 multo
1269 2062 1342 2127 culo
1357 2063 1490 2145 liquoris
1513 2062 1569 2144 qui
1594 2068 1738 2125 remanet
1758 2078 1855 2123 caseo
1876 2059 2016 2123 lacteas

465 2160 662 2225 fructuosius
691 2160 914 2244 salubriusque
949 2162 1097 2225 consistit
1125 2181 1214 2225 acee-
1268 2162 1362 2241 lacto,
1384 2169 1416 2225 et
1439 2160 1542 2226 nihilo
1567 2160 1675 2223 minus
1702 2176 1838 2223 carnosa
1861 2166 1895 2221 et
1924 2156 2015 2220 rubeo

464 2258 540 2321 dere
557 2258 655 2339 :quia
676 2260 790 2322 devote
810 2260 977 2340 accedens,
993 2259 1214 2343 multipliciter
1269 2260 1442 2341 vividoque
1456 2259 1563 2323 colore
1584 2256 1714 2341 perlusa
1736 2255 1904 2335 consistis,
1912 2274 2016 2337 quem-

465 2355 634 2435 succurrit,
650 2374 715 2421 non
734 2356 837 2421 solum
856 2357 917 2420 sibi
937 2358 1011 2439 ipsi,
1027 2359 1083 2421 sed
1103 2367 1135 2421 et
1155 2358 1212 2422 toti
1268 2359 1440 2421 admodum
1460 2357 1532 2421 aliae
1555 2358 1625 2421 duae
1646 2354 1795 2439 praelatae.
1812 2354 1940 2418 Vestris
1958 2352 2016 2414 sin

465 2454 627 2533 Ecclesiae,
653 2463 684 2518 et
710 2455 794 2518 vivis
817 2476 854 2520 ac
883 2457 1027 2535 mortuis,
1052 2458 1212 2540 precipue
1267 2455 1443 2521 carissimis
1473 2454 1622 2538 precibus
1651 2473 1703 2517 me
1734 2453 1842 2535 ipsum
1873 2460 1908 2517 et
1934 2469 2014 2513 meos

465 2570 592 2634 quoque
611 2553 820 2633 adstantibus,
838 2563 870 2617 et
884 2554 930 2618 eis
950 2573 1007 2637 pro
1026 2555 1143 2636 quibus
1162 2574 1213 2619 cc·
1266 2553 1429 2619 humiliter
1451 2554 1688 2631 recommendo,
1704 2570 1742 2614 ac
1760 2558 1910 2613 vestrum
1935 2549 2015 2611 inde

464 2650 567 2714 lebrat
581 2670 618 2714 ac
633 2661 791 2733 precatur.
1268 2652 1426 2717 sinentem
1450 2650 1630 2733 proiectum
1653 2649 1728 2714 totis
1753 2648 1944 2732 precordiis
1966 2666 2014 2729 op

1267 2757 1299 2814 to
1322 2768 1382 2832 ego
1406 2748 1504 2812 irater
1528 2747 1708 2831 Dionysius,
1729 2747 1824 2830 cujus
1848 2746 2013 2823 orationes,

506 2848 571 2912 lloc
585 2848 683 2912 breve
697 2849 852 2931 scriptum
870 2851 988 2931 deputo
1002 2858 1034 2913 et
1052 2850 1214 2913 transmit·
1267 2848 1413 2930 quamvis
1438 2846 1579 2931 exiguas,
1602 2854 1636 2910 et
1662 2844 1925 2921 informationes,
1947 2842 2013 2905 licet
2112 2912 2113 2925 χ

467 2954 499 3010 to
514 2945 603 3010 vobis
617 2946 831 3010 devotissimis
849 2947 964 3011 Christi
984 2947 1110 3011 ancillis
1127 2970 1134 3009 :
1151 2947 1212 3013 hoc
1268 2946 1360 3010 vobis
1375 2964 1440 3011 nou
1454 2943 1663 3023 necessarias,
1678 2952 1744 3006 tam
1765 2942 1955 3025 frequenter
1967 2960 2014 3022 pe·
2112 2928 2113 2973 ³

466 3051 514 3107 est
529 3043 585 3107 tihi
600 3044 771 3123 Mechtildi,
782 3063 853 3126 qua
867 3044 901 3108 in
916 3044 1110 3129 Noviomago
1124 3046 1212 3131 jaces
1231 3042 1361 3108 Ctistis.
