4309 6259
442 515 481 561 ox
503 514 593 563 noms
614 515 749 562 srmrros
769 512 889 574 snucrr,
911 514 1086 563 rntcmrcs
1109 514 1151 562 ru.
1175 532 1215 545 -
1236 514 1305 562 aar.
1329 514 1422 562 xrvrrr
1646 496 1707 561 243

166 684 201 744 de
215 683 309 745 rebus
323 683 437 746 creatis
452 684 608 748 veraciter
620 684 764 765 judicare
779 703 816 746 ac
836 704 907 747 sen·
921 684 946 745 A
960 684 1026 747 imo
1047 684 1109 747 alia
1129 686 1213 747 dona
1232 685 1392 767 supponit,
1409 695 1441 749 et
1462 686 1530 769 ipsa
1556 684 1707 767 perfectio

166 780 230 842 tire.
247 780 284 842 lli
306 790 412 844 autern
431 790 521 845 actus
538 782 724 863 dignitatern
744 782 906 864 predicto
960 801 1018 864 pro
1032 802 1147 865 magna
1162 792 1250 865 purte
1266 784 1298 845 in
1314 783 1434 847 timoris
1449 785 1533 847 dono
1551 782 1704 846 consistit.

166 896 229 937 mm
248 886 377 940 actuum
401 880 476 942 doni
502 880 621 942 timoris
645 897 709 942 uon
734 879 902 961 attingunt.
960 879 1028 943 Non
1053 889 1158 944 tamen
1185 880 1278 943 timor
1306 882 1357 943 lric
1388 882 1573 963 simpliciter
1600 880 1707 943 omnia

164 974 236 1037 Nam
255 983 288 1037 et
312 975 402 1037 multi
426 978 485 1040 hos
512 986 602 1040 actus
625 978 726 1041 sortiti
750 986 834 1057 sunt,
850 977 904 1059 qni
959 978 1042 1041 dona
1062 978 1197 1055 excellit,
1216 980 1271 1041 sed
1294 979 1408 1041 dicitur
1429 998 1462 1043 se
1485 978 1708 1062 superomnia

165 1073 300 1135 nondum
322 1082 411 1136 actus
433 1075 581 1156 praelatos
602 1076 676 1139 doni
699 1076 819 1137 timoris
841 1075 906 1137 adi·
960 1095 1184 1159 superponere.
1203 1076 1321 1139 Dicitur
1335 1095 1460 1159 quoque
1476 1077 1519 1139 nil
1536 1076 1648 1139 melius
1668 1094 1706 1139 eo

163 1170 235 1253 pisci
261 1178 432 1252 potuerunt
453 1196 460 1234 :
481 1192 545 1236 non
565 1173 650 1235 enim
670 1173 779 1236 haberi
798 1173 905 1235 valent
958 1192 1028 1236 esse
1045 1197 1052 1235 :
1070 1176 1143 1256 quia
1158 1176 1196 1237 ad
1212 1175 1318 1237 omnia
1334 1175 1416 1237 bona
1430 1174 1579 1257 disponit,
1595 1192 1706 1237 omues

163 1267 192 1330 hi
205 1276 294 1330 actus
313 1269 373 1331 nisi
393 1270 432 1333 ab
451 1289 490 1333 eo
508 1271 562 1352 qui
587 1271 619 1332 in
643 1270 750 1333 divina
775 1270 903 1334 cenete
959 1272 1090 1335 virtutm
1105 1292 1123 1334 a
1139 1272 1264 1336 laesione
1280 1272 1426 1352 custodit,
1443 1282 1473 1336 et
1493 1273 1523 1335 in
1544 1272 1631 1335 omni
1652 1273 1707 1337 bo-

162 1365 318 1447 periectus
342 1368 473 1446 exsistit,
493 1370 547 1451 qui
567 1378 599 1432 ct
616 1369 656 1431 ad
675 1368 775 1431 instar
793 1368 903 1450 optimi
958 1387 1001 1432 no
1023 1388 1167 1433 crescere
1190 1368 1276 1433 lacit.

161 1463 225 1543 filii,
242 1464 309 1529 Deo
329 1474 364 1528 ut
385 1466 466 1548 putri
487 1466 640 1530 afficitur.

197 1562 274 1625 Deni
298 1582 338 1625 ue
389 1565 451 1627 uod
474 1566 611 1627 'l'lromas
635 1564 800 1628 scientiam
848 1584 903 1627 rat-

161 1658 218 1721 lert
242 1580 387 1741 colsilltll
403 1670 436 1724 et
459 1662 609 1743 pietatem
634 1584 902 1740 tortitudini,pn0n
1116 1621 1362 1686 ARTICULUS
1388 1622 1540 1687 XLVIII·

161 1766 288 1839 θΡΡδΓθῑ
321 1759 475 1823 stabiliter
500 1761 632 1823 (litium-
663 1760 786 1823 Donum
815 1760 902 1822 enlm
958 1772 1118 1839 Quomodo
1127 1772 1245 1829 donum
1258 1772 1387 1831 timoris
1397 1780 1525 1831 maneat
1536 1772 1572 1831 itt
1578 1773 1702 1847 patric.

161 1856 280 1919 consilii
305 1859 344 1921 ad
369 1859 540 1923 nobiliores
564 1868 653 1922 actus
676 1860 849 1937 ordinatur,
871 1859 940 1923 etB
1022 1868 1052 1919 et
1066 1878 1140 1938 quta
1155 1860 1320 1919 beatitudo
1335 1860 1367 1919 ei
1379 1863 1639 1935 correspondeat.

160 1956 239 2017 circa
275 1955 458 2019 difficiliora
491 1976 528 2024 ac
562 1956 718 2020 diviniora
746 1966 900 2037 versatur,

159 2071 251 2133 quarn
276 2054 396 2117 donum
421 2054 559 2118 scientie
586 2078 594 2116 ε
620 2055 705 2136 quod
729 2054 902 2117 clarissime
1020 2050 1203 2132 l'l'denique
1219 2060 1341 2116 certum
1357 2072 1395 2115 ex
1410 2053 1810 2134 praeinductis,quia„r„„,

159 2149 334 2214 innotescet
358 2151 475 2233 legenti
495 2171 533 2215 ea
551 2171 622 2234 qua
642 2171 737 2234 supra
756 2154 795 2215 de
819 2152 903 2216 dono
1032 2148 1194 2230 objectum
1209 2150 1332 2213 timoris
1348 2159 1395 2212 est
1410 2151 1529 2213 malum
1551 2152 1703 2232 iuturum,

158 2250 280 2312 consilii
299 2258 331 2312 et
353 2251 503 2332 gradibus
526 2252 597 2332 ejus
621 2252 794 2333 praehabita
817 2260 900 2315 sunt.
957 2249 1093 2311 arduum
1109 2256 1202 2329 atque
1219 2249 1380 2330 possibile,
1398 2258 1508 2330 estque
1524 2250 1617 2312 timor
1631 2250 1706 2331 luga

158 2348 190 2409 Et
217 2349 371 2428 quoniam
394 2349 513 2413 donum
541 2348 745 2427 tortitudinis,
771 2350 904 2414 consilio
958 2346 1141 2429 hujusmodi
1168 2345 1253 2408 mali.
1270 2346 1372 2421 Ouum
1396 2366 1472 2428 ergo
1494 2348 1580 2409 Beati
1606 2348 1707 2411 sciant

156 2446 301 2527 dirigitur
323 2454 417 2528 atque
441 2448 606 2511 consiliata
630 2449 842 2530 prosequitur,
868 2449 903 2509 li·
958 2464 992 2507 se
1014 2444 1189 2507 certissime
1214 2444 1245 2505 in
1272 2443 1464 2507 beatitudine
1489 2444 1703 2523 conlirmatos,

155 2553 227 2624 quet
252 2546 340 2625 quod
365 2546 460 2609 etiam
484 2545 635 2611 fortitudo
659 2547 718 2609 ista
747 2548 904 2627 praecedat
959 2561 1088 2624 prorsus
1104 2562 1123 2605 a
1137 2543 1202 2605 Deo
1216 2541 1432 2605 inavertibiles
1448 2542 1559 2621 iactos,
1577 2562 1641 2607 non
1660 2544 1707 2606 vi·

156 2642 331 2720 scientiam,
348 2643 412 2706 imo
431 2653 462 2707 et
482 2644 642 2725 pictatem,
659 2662 755 2725 quarn
771 2644 903 2708 scientia
957 2643 1051 2705 detur
1071 2642 1156 2723 quod
1178 2642 1272 2704 timor
1292 2641 1406 2723 aliquis
1428 2642 1474 2704 eis
1496 2642 1673 2706 conveniat.

154 2741 269 2823 dirigit.
288 2742 384 2804 Actus
397 2760 525 2823 quoque
545 2741 739 2806 fortitudinis
760 2742 903 2805 eminen·
997 2741 1133 2803 Thomas
1148 2740 1243 2821 igitur
1256 2740 1310 2817 ait,
1322 2741 1406 2821 quod
1423 2740 1567 2821 quamvis
1582 2741 1705 2803 nullum
1726 2764 1808 2809 summ
1820 2766 1853 2811 u,

155 2839 246 2902 tiores
264 2848 340 2901 sunt
353 2840 474 2903 actibus
490 2840 629 2903 scientiae
644 2860 680 2904 ac
696 2841 831 2921 pietatis,
843 2842 903 2925 sic·
958 2836 1077 2898 malum
1103 2836 1142 2897 sit
1161 2834 1265 2897 Beatis
1288 2834 1437 2916 possibile
1462 2854 1520 2918 per
1544 2853 1706 2916 compara·
1719 2830 1852 2942 mh}

155 2945 187 2999 ut
200 2957 238 2999 ex
258 2938 355 3000 dictis
375 2946 482 3019 patere
501 2938 625 3020 opinor,
641 2948 787 3020 essetque
807 2939 903 3020 proli-
958 2934 1075 2997 tionem
1100 2934 1139 2996 ad
1163 2932 1345 2995 fruitionem
1370 2941 1402 2994 et
1430 2933 1573 3014 gratiam,
1599 2942 1705 2996 tamen

153 3056 224 3099 xum
242 3036 303 3099 illa
325 3036 455 3100 inducta
474 3056 646 3100 resumere.
663 3038 702 3100 At
720 3055 796 3101 vero
814 3038 903 3118 juxta
918 3039 940 3103 c
958 3031 1188 3095 considerando
1212 3030 1352 3112 ipsorum
1377 3039 1521 3093 naturam
1545 3030 1578 3091 in
1604 3050 1648 3110 se,
1674 3040 1706 3094 et

39 3164 141 3213 arno,
155 3144 358 3216 preostenso,
376 3138 551 3198 secundum
570 3136 716 3199 doctores
734 3138 900 3219 quosdam,
957 3131 1134 3193 libertatem
1149 3147 1259 3192 eorum
1280 3128 1433 3206 absolute,
1451 3128 1496 3191 sic
1517 3127 1636 3191 malum
1658 3138 1706 3192 est

39 3233 140 3273 ''W''-
153 3233 233 3296 dona
252 3233 380 3297 consilii
399 3242 432 3296 et
451 3232 653 3312 fortitudinis,
669 3234 709 3295 ad
729 3234 824 3296 vitam
845 3252 903 3297 no-
956 3230 1002 3292 eis
1025 3226 1198 3310 possibile;
1222 3227 1331 3307 sicque
1356 3226 1450 3291 timor
1469 3235 1576 3290 manet
1593 3227 1625 3289 in
1646 3227 1703 3309 eis,

153 3340 247 3393 stram
276 3331 433 3393 internam
452 3338 547 3412 atque
565 3332 605 3393 ad
625 3331 786 3393 dexteram
807 3330 902 3413 perti·
957 3346 1021 3391 non
1050 3326 1153 3407 primo
1186 3324 1291 3387 modo.
1324 3324 1430 3387 Timor
1464 3324 1580 3406 itaque,
1612 3334 1705 3406 prout

151 3438 242 3505 nent3
259 3431 347 3492 dona
360 3447 436 3492 vero
451 3428 575 3510 pietatis
588 3438 683 3511 atque
699 3428 848 3505 scientie,
860 3430 900 3491 ad
956 3433 1064 3489 manet
1078 3425 1111 3485 in
1128 3424 1238 3505 patria,
1256 3422 1432 3486 naturalem
1448 3421 1609 3486 deiectum
1624 3424 1707 3486 desi-

152 3528 246 3589 ritam
289 3535 451 3590 externam
490 3546 546 3589 seu
585 3535 726 3589 nostram
761 3526 901 3589 laudabi-
956 3530 1031 3603 gnat
1045 3528 1196 3583 creatura
1211 3538 1230 3581 a
1245 3518 1390 3583 Creatore
1405 3520 1436 3582 in
1452 3518 1614 3582 inlinitum
1630 3519 1706 3583 deii-

151 3624 211 3687 lem
223 3624 495 3689 extrovcrsionem
510 3624 732 3707 sinistramque
744 3633 897 3706 spectant.
956 3619 1078 3684 cientis.

150 3720 423 3794 Quemadmodum
438 3722 533 3804 igitur
550 3722 615 3785 vita
633 3723 758 3785 iuterna
776 3742 832 3785 seu
852 3722 901 3785 in·
994 3718 1066 3779 llaec
1081 3724 1186 3778 autem
1210 3715 1373 3797 responsio
1388 3733 1452 3778 non
1470 3714 1595 3777 videtur
1614 3713 1705 3777 suifr-

150 3820 308 3885 troversio
322 3820 615 3899 etdextera,titam
630 3829 792 3884 externam
805 3829 900 3902 atque
955 3814 1053 3879 ciens.
1080 3812 1209 3875 Habitus
1238 3812 1323 3875 enim
1348 3812 1511 3875 ordinatur
1533 3813 1572 3874 ad
1597 3820 1702 3876 actum

151 3918 312 3981 sinistram
337 3920 505 3997 excedunt,
530 3920 576 3981 sic
604 3919 688 3982 dona
717 3918 840 3982 consilii
868 3926 900 3981 et
955 3914 1037 3977 sicut
1054 3912 1095 3975 ad
1115 3910 1213 3974 linem
1232 3934 1238 3973 :
1256 3909 1282 3973 si
1307 3928 1383 3992 ergo
1407 3928 1571 3991 nunquam
1596 3920 1702 3973 actum

150 4015 346 4080 fortitudinis
361 4018 454 4079 donis
469 4017 592 4098 pietatis
613 4026 645 4079 et
663 4016 739 4079 item
761 4016 899 4079 scientie
955 4013 1129 4094 producere
1145 4017 1258 4092 potest,
1276 4009 1378 4071 inanis
1394 4016 1442 4072 est
1461 4018 1492 4071 et
1510 4007 1628 4072 lrustra
1649 4010 1704 4071 ha·

149 4116 352 4195 praeclariora
376 4135 413 4179 ac
437 4114 593 4178 diviniora
619 4115 807 4178 consistunt.
954 4111 1056 4174 betur.
1074 4107 1181 4171 Timor
1194 4126 1270 4171 vero
1283 4108 1338 4189 qui
1358 4109 1476 4171 donum
1497 4114 1637 4186 vocatur,
1655 4116 1704 4171 est

185 4214 400 4277 Auctoritates
428 4231 505 4295 ergo
532 4212 705 4276 dicentium
734 4214 819 4294 quod
843 4214 900 4275 do-
915 4214 939 4276 Ι)
953 4209 1089 4272 habitus.
1108 4206 1169 4269 Sed
1185 4206 1313 4270 habitus
1327 4207 1386 4269 iste
1401 4224 1564 4289 nunquam
1580 4206 1612 4269 in
1627 4206 1703 4271 Bea-

148 4328 225 4373 num
261 4312 385 4375 timoris
421 4312 461 4375 sit
495 4310 654 4391 infimum,
686 4310 899 4393 intelligenda
953 4309 992 4371 tis
1017 4305 1134 4370 habere
1164 4313 1268 4388 potest
1297 4304 1481 4386 pradictum
1510 4313 1615 4369 actum
1645 4324 1702 4370 seu

148 4418 222 4472 sunt
239 4412 284 4474 de
305 4410 418 4475 timore
444 4411 564 4473 ratione
589 4409 637 4473 sui
660 4409 797 4491 generis,
813 4410 898 4490 quod
953 4405 1062 4487 iugum
1077 4404 1152 4467 mali
1167 4412 1287 4466 nature
1301 4411 1414 4467 creata
1430 4402 1607 4484 possibilis:
1626 4401 1703 4465 stul-

149 4516 195 4570 ast
223 4508 303 4591 iuga
331 4508 428 4587 mali;
457 4527 522 4572 nou
551 4518 657 4571 autern
686 4507 805 4572 ratione
835 4528 899 4572 suta
953 4512 1021 4566 tum
1047 4502 1132 4566 enim
1161 4508 1245 4564 esset
1272 4500 1384 4563 timere
1413 4500 1497 4581 quod
1527 4498 1701 4563 certissime

147 4607 280 4688 speciei,
296 4607 444 4670 videlicet
462 4616 556 4690 prout
578 4616 627 4671 est
651 4606 768 4687 filialis,
784 4608 899 4670 amica·
954 4603 1051 4665 scitur
1066 4618 1229 4681 nunquam
1249 4618 1342 4681 posse
1362 4598 1506 4661 accidere
1525 4598 1700 4661 secundum

147 4703 220 4767 bilis
245 4713 281 4768 et
303 4714 420 4769 castus.
446 4704 525 4768 Nam
548 4705 669 4768 ratione
697 4705 744 4768 sui
772 4705 899 4787 generis
952 4702 1053 4783 ipsam
1069 4698 1282 4762 exsistentiam
1297 4714 1414 4773 rerum,
1428 4695 1572 4777 quamvis
1587 4714 1700 4758 secun-

146 4801 223 4865 lucit
243 4823 265 4865 a
285 4804 369 4867 malo
385 4805 534 4867 recedere
551 4826 559 4865 ε
576 4803 685 4884 sicque
703 4803 743 4866 ab
762 4803 831 4885 ipso
851 4804 899 4865 in·
952 4802 1028 4863 dnm
1050 4798 1189 4878 aliquam
1208 4794 1491 4860 considerationem
1517 4794 1699 4875 contingere

146 4900 283 4964 clroatur
297 4901 461 4983 perfectio.
479 4901 540 4964 Sed
555 4902 675 4967 ratione
694 4921 758 4965 sue
781 4902 898 4983 speciei
953 4899 1061 4983 possit.
1084 4898 1185 4973 Quum
1205 4913 1281 4976 ergo
1304 4894 1428 4956 nullum
1454 4892 1572 4956 malum
1597 4892 1699 4956 Beatis

146 4997 222 5061 lacit
250 4998 318 5062 Deo
342 5006 524 5062 reverenter
552 5018 589 5063 ac
618 5008 763 5082 prompte
787 5000 898 5081 ⁴subje—
953 4998 1129 5061 secundum
1143 4995 1244 5075 ipsam
1260 5000 1370 5055 eorum
1390 4991 1603 5055 exsistentiam
1625 5009 1700 5054 con·

144 5105 233 5159 ctum
261 5120 270 5157 z
295 5098 380 5178 quod
408 5115 505 5160 omne
533 5097 652 5160 malum
681 5098 830 5177 declinat,
856 5118 897 5161 ne
951 5102 1142 5159 summatem
1171 5091 1314 5155 accidere
1344 5090 1457 5169 valeat,
1484 5089 1543 5171 ipsi
1572 5108 1698 5172 quoque

143 5195 247 5258 [teum
267 5197 417 5259 omnibus
438 5195 654 5279 praedilectum
674 5195 829 5259 ostendat.
846 5197 896 5260 Sic
951 5195 1012 5259 hoc
1028 5190 1288 5257 certitudinuliter
1302 5198 1445 5266 noscant,
1459 5187 1600 5269 sequitur
1614 5188 1698 5269 quod

144 5311 222 5358 rem
237 5311 304 5357 non
318 5312 446 5377 semper
464 5294 598 5377 exigitur
610 5304 684 5359 ante
703 5295 764 5358 alia
781 5296 865 5359 dona
885 5320 893 5358 ε
952 5311 1115 5373 nunquam
1135 5288 1301 5353 actualiter
1315 5287 1433 5350 malum
1459 5284 1640 5369 hujusmodi
1660 5283 1699 5348 ti·
