<?xml version="1.0" encoding="UTF-8"?>
<!DOCTYPE html PUBLIC "-//W3C//DTD XHTML 1.0 Transitional//EN"
    "http://www.w3.org/TR/xhtml1/DTD/xhtml1-transitional.dtd">
<html xmlns="http://www.w3.org/1999/xhtml" xml:lang="en" lang="en">
 <head>
  <title>
</title>
<meta http-equiv="Content-Type" content="text/html;charset=utf-8" />
  <meta name='ocr-system' content='tesseract 3.04.00' />
  <meta name='ocr-capabilities' content='ocr_page ocr_carea ocr_par ocr_line ocrx_word'/>
</head>
<body>
  <div class='ocr_page' id='page_1' title='image "./doctorisecstati02unkngoog/doctorisecstati02unkngoog_0303.png"; bbox 0 0 4309 6259; ppageno 0'>
   <div class='ocr_carea' id='block_1_1' title="bbox 570 470 1819 540">
    <p class='ocr_par' dir='ltr' id='par_1_1' title="bbox 570 470 1819 540">
     <span class='ocr_line' id='line_1_1' title="bbox 570 470 1819 540; baseline -0.003 -1"><span class='ocrx_word' id='word_1_1' title='bbox 570 492 610 539; x_wconf 71' lang='lat' dir='ltr'><strong>DE</strong></span> <span class='ocrx_word' id='word_1_2' title='bbox 630 492 778 539; x_wconf 79' lang='lat' dir='ltr'><strong>rasstotill</strong></span> <span class='ocrx_word' id='word_1_3' title='bbox 798 491 906 540; x_wconf 66' lang='lat' dir='ltr'><strong>ooulul</strong></span> <span class='ocrx_word' id='word_1_4' title='bbox 928 492 1115 540; x_wconf 73' lang='lat' dir='ltr'>SALVATORIS</span> <span class='ocrx_word' id='word_1_5' title='bbox 1137 490 1295 539; x_wconf 76' lang='lat' dir='ltr'><strong>blateolis</strong></span> <span class='ocrx_word' id='word_1_6' title='bbox 1318 510 1358 519; x_wconf 94' lang='lat'>-</span> <span class='ocrx_word' id='word_1_7' title='bbox 1380 491 1449 537; x_wconf 80' lang='lat' dir='ltr'><strong>altr.</strong></span> <span class='ocrx_word' id='word_1_8' title='bbox 1473 489 1517 537; x_wconf 85' lang='lat' dir='ltr'><strong>xli</strong></span> <span class='ocrx_word' id='word_1_9' title='bbox 1757 470 1819 535; x_wconf 70' lang='lat'><strong>289</strong></span> 
     </span>
    </p>
   </div>
   <div class='ocr_carea' id='block_1_2' title="bbox 50 656 1981 5377">
    <p class='ocr_par' dir='ltr' id='par_1_2' title="bbox 50 656 1981 5377">
     <span class='ocr_line' id='line_1_2' title="bbox 307 656 1814 745; baseline -0.003 -22"><span class='ocrx_word' id='word_1_10' title='bbox 307 659 481 724; x_wconf 76' lang='lat' dir='ltr'><strong>Sanusrolt.</strong></span> <span class='ocrx_word' id='word_1_11' title='bbox 495 660 699 725; x_wconf 74' lang='lat' dir='ltr'><strong>-llideliter</strong></span> <span class='ocrx_word' id='word_1_12' title='bbox 719 671 875 726; x_wconf 87' lang='lat' dir='ltr'><strong>narraset</strong></span> <span class='ocrx_word' id='word_1_13' title='bbox 894 661 1013 744; x_wconf 89' lang='lat' dir='ltr'><strong>optime</strong></span> <span class='ocrx_word' id='word_1_14' title='bbox 1028 662 1054 725; x_wconf 77' lang='grc' dir='ltr'>Α</span> <span class='ocrx_word' id='word_1_15' title='bbox 1069 681 1153 725; x_wconf 91' lang='lat' dir='ltr'><strong>mam</strong></span> <span class='ocrx_word' id='word_1_16' title='bbox 1183 662 1364 745; x_wconf 81' lang='lat' dir='ltr'><strong>passionem</strong></span> <span class='ocrx_word' id='word_1_17' title='bbox 1398 659 1549 743; x_wconf 78' lang='lat' dir='ltr'><strong>quotidie,</strong></span> <span class='ocrx_word' id='word_1_18' title='bbox 1581 658 1646 723; x_wconf 92' lang='lat' dir='ltr'><strong>imo</strong></span> <span class='ocrx_word' id='word_1_19' title='bbox 1677 656 1814 735; x_wconf 87' lang='lat' dir='ltr'><strong>assidue,</strong></span> 
     </span>
     <span class='ocr_line' id='line_1_3' title="bbox 261 756 1818 841; baseline -0.001 -22"><span class='ocrx_word' id='word_1_20' title='bbox 261 756 419 820; x_wconf 73' lang='lat' dir='ltr'><strong>recitasti.</strong></span> <span class='ocrx_word' id='word_1_21' title='bbox 434 758 474 819; x_wconf 78' lang='lat' dir='ltr'><strong>lit</strong></span> <span class='ocrx_word' id='word_1_22' title='bbox 487 777 545 820; x_wconf 88' lang='lat' dir='ltr'><strong>cur</strong></span> <span class='ocrx_word' id='word_1_23' title='bbox 558 758 725 823; x_wconf 86' lang='lat' dir='ltr'><strong>scientiam</strong></span> <span class='ocrx_word' id='word_1_24' title='bbox 739 769 827 824; x_wconf 88' lang='lat' dir='ltr'><strong>tuam</strong></span> <span class='ocrx_word' id='word_1_25' title='bbox 842 779 906 824; x_wconf 93' lang='lat' dir='ltr'><strong>non</strong></span> <span class='ocrx_word' id='word_1_26' title='bbox 922 759 1014 841; x_wconf 91' lang='lat' dir='ltr'><strong>ponis</strong></span> <span class='ocrx_word' id='word_1_27' title='bbox 1069 761 1175 823; x_wconf 87' lang='lat' dir='ltr'><strong>taliter</strong></span> <span class='ocrx_word' id='word_1_28' title='bbox 1194 761 1366 837; x_wconf 77' lang='lat' dir='ltr'><strong>reminisci,</strong></span> <span class='ocrx_word' id='word_1_29' title='bbox 1384 768 1415 823; x_wconf 92' lang='lat' dir='ltr'><strong>et</strong></span> <span class='ocrx_word' id='word_1_30' title='bbox 1435 766 1549 823; x_wconf 88' lang='lat' dir='ltr'><strong>cuncta</strong></span> <span class='ocrx_word' id='word_1_31' title='bbox 1570 766 1625 821; x_wconf 92' lang='lat' dir='ltr'><strong>tua</strong></span> <span class='ocrx_word' id='word_1_32' title='bbox 1646 756 1818 839; x_wconf 90' lang='lat' dir='ltr'><strong>opprobria</strong></span> 
     </span>
     <span class='ocr_line' id='line_1_4' title="bbox 59 853 1819 941; baseline 0.001 -28"><span class='ocrx_word' id='word_1_33' title='bbox 59 870 106 913; x_wconf 69' lang='lat' dir='ltr'><strong>rs.</strong></span> <span class='ocrx_word' id='word_1_34' title='bbox 122 882 175 919; x_wconf 71' lang='lat' dir='ltr'><strong>ex,</strong></span> <span class='ocrx_word' id='word_1_35' title='bbox 193 872 245 912; x_wconf 86' lang='lat' dir='ltr'><strong>to.</strong></span> <span class='ocrx_word' id='word_1_36' title='bbox 261 854 307 915; x_wconf 85' lang='lat' dir='ltr'><strong>ad</strong></span> <span class='ocrx_word' id='word_1_37' title='bbox 336 853 531 935; x_wconf 85' lang='lat' dir='ltr'><strong>practicaml</strong></span> <span class='ocrx_word' id='word_1_38' title='bbox 559 853 670 917; x_wconf 82' lang='lat' dir='ltr'><strong>Nonne</strong></span> <span class='ocrx_word' id='word_1_39' title='bbox 703 856 883 921; x_wconf 87' lang='lat' dir='ltr'><strong>intellectus</strong></span> <span class='ocrx_word' id='word_1_40' title='bbox 912 858 1015 919; x_wconf 91' lang='lat' dir='ltr'><strong>bonus</strong></span> <span class='ocrx_word' id='word_1_41' title='bbox 1069 878 1106 921; x_wconf 90' lang='lat' dir='ltr'><strong>ao</strong></span> <span class='ocrx_word' id='word_1_42' title='bbox 1123 866 1279 922; x_wconf 89' lang='lat' dir='ltr'><strong>tormenta</strong></span> <span class='ocrx_word' id='word_1_43' title='bbox 1295 858 1457 941; x_wconf 79' lang='lat' dir='ltr'><strong>sigillatim</strong></span> <span class='ocrx_word' id='word_1_44' title='bbox 1474 857 1517 919; x_wconf 91' lang='lat' dir='ltr'><strong>ita</strong></span> <span class='ocrx_word' id='word_1_45' title='bbox 1536 856 1748 933; x_wconf 89' lang='lat' dir='ltr'><strong>considerare,</strong></span> <span class='ocrx_word' id='word_1_46' title='bbox 1765 872 1819 915; x_wconf 91' lang='lat' dir='ltr'><strong>ve-</strong></span> 
     </span>
     <span class='ocr_line' id='line_1_5' title="bbox 50 950 1819 1039; baseline 0.002 -29"><span class='ocrx_word' id='word_1_47' title='bbox 50 968 245 1023; x_wconf 59' lang='lat' dir='ltr'><strong>Jmamr.</strong></span> <span class='ocrx_word' id='word_1_48' title='bbox 261 951 417 1014; x_wconf 90' lang='lat' dir='ltr'><strong>omnibus</strong></span> <span class='ocrx_word' id='word_1_49' title='bbox 441 950 633 1015; x_wconf 86' lang='lat' dir='ltr'><strong>iacientibus</strong></span> <span class='ocrx_word' id='word_1_50' title='bbox 656 957 753 1017; x_wconf 84' lang='lat' dir='ltr'><strong>euml</strong></span> <span class='ocrx_word' id='word_1_51' title='bbox 778 954 872 1019; x_wconf 87' lang='lat' dir='ltr'><strong>Porro</strong></span> <span class='ocrx_word' id='word_1_52' title='bbox 901 954 1014 1017; x_wconf 91' lang='lat' dir='ltr'><strong>scienti</strong></span> <span class='ocrx_word' id='word_1_53' title='bbox 1070 957 1235 1020; x_wconf 91' lang='lat' dir='ltr'><strong>hementer</strong></span> <span class='ocrx_word' id='word_1_54' title='bbox 1256 962 1500 1039; x_wconf 78' lang='lat' dir='ltr'><strong>compateretur,</strong></span> <span class='ocrx_word' id='word_1_55' title='bbox 1520 954 1614 1017; x_wconf 91' lang='lat' dir='ltr'><strong>etiam</strong></span> <span class='ocrx_word' id='word_1_56' title='bbox 1638 951 1745 1016; x_wconf 88' lang='lat' dir='ltr'><strong>lorsan</strong></span> <span class='ocrx_word' id='word_1_57' title='bbox 1767 970 1819 1014; x_wconf 91' lang='lat' dir='ltr'><strong>us·</strong></span> 
     </span>
     <span class='ocr_line' id='line_1_6' title="bbox 261 1047 1818 1135; baseline 0 -23"><span class='ocrx_word' id='word_1_58' title='bbox 261 1048 387 1112; x_wconf 90' lang='lat' dir='ltr'><strong>bonum</strong></span> <span class='ocrx_word' id='word_1_59' title='bbox 401 1058 433 1111; x_wconf 91' lang='lat' dir='ltr'><strong>et</strong></span> <span class='ocrx_word' id='word_1_60' title='bbox 454 1067 519 1111; x_wconf 95' lang='lat' dir='ltr'><strong>non</strong></span> <span class='ocrx_word' id='word_1_61' title='bbox 540 1047 682 1128; x_wconf 81' lang='lat' dir='ltr'><strong>facienti,</strong></span> <span class='ocrx_word' id='word_1_62' title='bbox 699 1059 866 1133; x_wconf 90' lang='lat' dir='ltr'><strong>peccatum</strong></span> <span class='ocrx_word' id='word_1_63' title='bbox 885 1061 934 1114; x_wconf 91' lang='lat' dir='ltr'><strong>est</strong></span> <span class='ocrx_word' id='word_1_64' title='bbox 954 1051 1013 1113; x_wconf 91' lang='lat' dir='ltr'><strong>illi.</strong></span> <span class='ocrx_word' id='word_1_65' title='bbox 1070 1072 1131 1135; x_wconf 92' lang='lat' dir='ltr'><strong>que</strong></span> <span class='ocrx_word' id='word_1_66' title='bbox 1152 1056 1191 1117; x_wconf 91' lang='lat' dir='ltr'><strong>ad</strong></span> <span class='ocrx_word' id='word_1_67' title='bbox 1214 1054 1363 1117; x_wconf 84' lang='lat' dir='ltr'><strong>ecstasim</strong></span> <span class='ocrx_word' id='word_1_68' title='bbox 1385 1060 1417 1116; x_wconf 88' lang='lat' dir='ltr'><strong>et</strong></span> <span class='ocrx_word' id='word_1_69' title='bbox 1440 1051 1612 1114; x_wconf 88' lang='lat' dir='ltr'><strong>deiectum.</strong></span> <span class='ocrx_word' id='word_1_70' title='bbox 1633 1051 1671 1113; x_wconf 83' lang='lat' dir='ltr'><strong>llt</strong></span> <span class='ocrx_word' id='word_1_71' title='bbox 1695 1066 1766 1131; x_wconf 88' lang='lat' dir='ltr'><strong>ego,</strong></span> <span class='ocrx_word' id='word_1_72' title='bbox 1787 1056 1818 1112; x_wconf 91' lang='lat' dir='ltr'><strong>te</strong></span> 
     </span>
     <span class='ocr_line' id='line_1_7' title="bbox 260 1146 1591 1232; baseline 0.002 -24"><span class='ocrx_word' id='word_1_73' title='bbox 260 1146 385 1229; x_wconf 87' lang='lat' dir='ltr'><strong>ltaque,</strong></span> <span class='ocrx_word' id='word_1_74' title='bbox 403 1146 429 1209; x_wconf 92' lang='lat' dir='ltr'><strong>si</strong></span> <span class='ocrx_word' id='word_1_75' title='bbox 449 1155 482 1209; x_wconf 89' lang='lat' dir='ltr'><strong>et</strong></span> <span class='ocrx_word' id='word_1_76' title='bbox 501 1155 535 1209; x_wconf 94' lang='lat' dir='ltr'><strong>tu</strong></span> <span class='ocrx_word' id='word_1_77' title='bbox 554 1146 604 1209; x_wconf 83' lang='lat' dir='ltr'><strong>vis</strong></span> <span class='ocrx_word' id='word_1_78' title='bbox 619 1148 801 1228; x_wconf 87' lang='lat' dir='ltr'><strong>passionem</strong></span> <span class='ocrx_word' id='word_1_79' title='bbox 815 1168 919 1212; x_wconf 89' lang='lat' dir='ltr'><strong>meam</strong></span> <span class='ocrx_word' id='word_1_80' title='bbox 941 1168 1014 1211; x_wconf 92' lang='lat' dir='ltr'><strong>cum</strong></span> <span class='ocrx_word' id='word_1_81' title='bbox 1070 1151 1220 1231; x_wconf 90' lang='lat' dir='ltr'><strong>donante,</strong></span> <span class='ocrx_word' id='word_1_82' title='bbox 1237 1152 1282 1215; x_wconf 91' lang='lat' dir='ltr'><strong>sic</strong></span> <span class='ocrx_word' id='word_1_83' title='bbox 1303 1169 1397 1232; x_wconf 92' lang='lat' dir='ltr'><strong>agere</strong></span> <span class='ocrx_word' id='word_1_84' title='bbox 1419 1149 1591 1213; x_wconf 85' lang='lat' dir='ltr'><strong>attentabo.</strong></span> 
     </span>
     <span class='ocr_line' id='line_1_8' title="bbox 261 1244 1818 1329; baseline 0 -23"><span class='ocrx_word' id='word_1_85' title='bbox 261 1245 393 1307; x_wconf 84' lang='lat' dir='ltr'><strong>interna</strong></span> <span class='ocrx_word' id='word_1_86' title='bbox 419 1253 513 1325; x_wconf 90' lang='lat' dir='ltr'><strong>atque</strong></span> <span class='ocrx_word' id='word_1_87' title='bbox 537 1245 681 1308; x_wconf 80' lang='lat' dir='ltr'><strong>sensibili</strong></span> <span class='ocrx_word' id='word_1_88' title='bbox 710 1248 847 1327; x_wconf 89' lang='lat' dir='ltr'><strong>quadam</strong></span> <span class='ocrx_word' id='word_1_89' title='bbox 872 1265 1016 1329; x_wconf 89' lang='lat' dir='ltr'><strong>compas-</strong></span> <span class='ocrx_word' id='word_1_90' title='bbox 1111 1250 1284 1313; x_wconf 75' lang='lat' dir='ltr'><strong>Srtvnrou.</strong></span> <span class='ocrx_word' id='word_1_91' title='bbox 1310 1286 1350 1295; x_wconf 98' lang='lat'>-</span> <span class='ocrx_word' id='word_1_92' title='bbox 1374 1248 1512 1311; x_wconf 87' lang='lat' dir='ltr'><strong>Mutuam</strong></span> <span class='ocrx_word' id='word_1_93' title='bbox 1536 1265 1662 1329; x_wconf 91' lang='lat' dir='ltr'><strong>quoque</strong></span> <span class='ocrx_word' id='word_1_94' title='bbox 1690 1244 1753 1307; x_wconf 91' lang='lat' dir='ltr'><strong>mei</strong></span> <span class='ocrx_word' id='word_1_95' title='bbox 1781 1263 1818 1307; x_wconf 91' lang='lat' dir='ltr'><strong>ac</strong></span> 
     </span>
     <span class='ocr_line' id='line_1_9' title="bbox 262 1342 1820 1429; baseline 0.001 -24"><span class='ocrx_word' id='word_1_96' title='bbox 262 1344 358 1407; x_wconf 91' lang='lat' dir='ltr'><strong>sione</strong></span> <span class='ocrx_word' id='word_1_97' title='bbox 372 1343 524 1421; x_wconf 87' lang='lat' dir='ltr'><strong>recolere,</strong></span> <span class='ocrx_word' id='word_1_98' title='bbox 540 1343 800 1407; x_wconf 86' lang='lat' dir='ltr'><strong>distractionibus</strong></span> <span class='ocrx_word' id='word_1_99' title='bbox 819 1346 924 1409; x_wconf 89' lang='lat' dir='ltr'><strong>cordis</strong></span> <span class='ocrx_word' id='word_1_100' title='bbox 945 1364 1017 1407; x_wconf 90' lang='lat' dir='ltr'><strong>sen-</strong></span> <span class='ocrx_word' id='word_1_101' title='bbox 1070 1346 1286 1411; x_wconf 82' lang='lat' dir='ltr'><strong>dilectissimae</strong></span> <span class='ocrx_word' id='word_1_102' title='bbox 1300 1356 1330 1409; x_wconf 90' lang='lat' dir='ltr'><strong>et</strong></span> <span class='ocrx_word' id='word_1_103' title='bbox 1345 1344 1612 1429; x_wconf 79' lang='lat' dir='ltr'><strong>prestantissimae</strong></span> <span class='ocrx_word' id='word_1_104' title='bbox 1622 1342 1726 1407; x_wconf 87' lang='lat' dir='ltr'><strong>llatris</strong></span> <span class='ocrx_word' id='word_1_105' title='bbox 1741 1361 1820 1406; x_wconf 79' lang='lat' dir='ltr'><strong>meae</strong></span> 
     </span>
     <span class='ocr_line' id='line_1_10' title="bbox 263 1440 1821 1527; baseline 0.001 -24"><span class='ocrx_word' id='word_1_106' title='bbox 263 1460 424 1523; x_wconf 89' lang='lat' dir='ltr'><strong>suumque</strong></span> <span class='ocrx_word' id='word_1_107' title='bbox 445 1440 589 1522; x_wconf 83' lang='lat' dir='ltr'><strong>abjectis,</strong></span> <span class='ocrx_word' id='word_1_108' title='bbox 607 1442 781 1523; x_wconf 79' lang='lat' dir='ltr'><strong>imaginare</strong></span> <span class='ocrx_word' id='word_1_109' title='bbox 799 1451 831 1505; x_wconf 90' lang='lat' dir='ltr'><strong>et</strong></span> <span class='ocrx_word' id='word_1_110' title='bbox 850 1443 1015 1506; x_wconf 89' lang='lat' dir='ltr'><strong>recordare</strong></span> <span class='ocrx_word' id='word_1_111' title='bbox 1070 1446 1324 1527; x_wconf 88' lang='lat' dir='ltr'><strong>compassionem</strong></span> <span class='ocrx_word' id='word_1_112' title='bbox 1354 1444 1524 1527; x_wconf 80' lang='lat' dir='ltr'><strong>vigilanter</strong></span> <span class='ocrx_word' id='word_1_113' title='bbox 1558 1443 1696 1505; x_wconf 85' lang='lat' dir='ltr'><strong>attende.</strong></span> <span class='ocrx_word' id='word_1_114' title='bbox 1727 1441 1821 1505; x_wconf 89' lang='lat' dir='ltr'><strong>Deni-</strong></span> 
     </span>
     <span class='ocr_line' id='line_1_11' title="bbox 263 1540 1821 1626; baseline 0.001 -25"><span class='ocrx_word' id='word_1_115' title='bbox 263 1548 384 1602; x_wconf 84' lang='lat' dir='ltr'><strong>cuncta</strong></span> <span class='ocrx_word' id='word_1_116' title='bbox 408 1556 478 1620; x_wconf 81' lang='lat' dir='ltr'><strong>quae</strong></span> <span class='ocrx_word' id='word_1_117' title='bbox 501 1558 615 1621; x_wconf 90' lang='lat' dir='ltr'><strong>passus</strong></span> <span class='ocrx_word' id='word_1_118' title='bbox 636 1559 707 1602; x_wconf 91' lang='lat' dir='ltr'><strong>sum</strong></span> <span class='ocrx_word' id='word_1_119' title='bbox 728 1548 760 1603; x_wconf 88' lang='lat' dir='ltr'><strong>et</strong></span> <span class='ocrx_word' id='word_1_120' title='bbox 780 1560 908 1605; x_wconf 91' lang='lat' dir='ltr'><strong>omnem</strong></span> <span class='ocrx_word' id='word_1_121' title='bbox 930 1560 1018 1603; x_wconf 86' lang='lat' dir='ltr'><strong>acer-</strong></span> <span class='ocrx_word' id='word_1_122' title='bbox 1069 1562 1143 1625; x_wconf 89' lang='lat' dir='ltr'><strong>que,</strong></span> <span class='ocrx_word' id='word_1_123' title='bbox 1167 1551 1203 1607; x_wconf 90' lang='lat' dir='ltr'><strong>ut</strong></span> <span class='ocrx_word' id='word_1_124' title='bbox 1226 1542 1471 1626; x_wconf 78' lang='lat' dir='ltr'><strong>precordialiori</strong></span> <span class='ocrx_word' id='word_1_125' title='bbox 1497 1540 1651 1605; x_wconf 90' lang='lat' dir='ltr'><strong>alliciaris</strong></span> <span class='ocrx_word' id='word_1_126' title='bbox 1676 1558 1821 1621; x_wconf 89' lang='lat' dir='ltr'><strong>compas-</strong></span> 
     </span>
     <span class='ocr_line' id='line_1_12' title="bbox 263 1638 1820 1723; baseline 0.001 -24"><span class='ocrx_word' id='word_1_127' title='bbox 263 1638 399 1700; x_wconf 87' lang='lat' dir='ltr'><strong>bitatem</strong></span> <span class='ocrx_word' id='word_1_128' title='bbox 410 1656 446 1700; x_wconf 86' lang='lat' dir='ltr'><strong>ac</strong></span> <span class='ocrx_word' id='word_1_129' title='bbox 458 1638 730 1701; x_wconf 86' lang='lat' dir='ltr'><strong>circumstantiam</strong></span> <span class='ocrx_word' id='word_1_130' title='bbox 744 1639 941 1716; x_wconf 90' lang='lat' dir='ltr'><strong>eorumdem,</strong></span> <span class='ocrx_word' id='word_1_131' title='bbox 949 1658 1017 1721; x_wconf 83' lang='lat' dir='ltr'><strong>pro</strong></span> <span class='ocrx_word' id='word_1_132' title='bbox 1070 1644 1170 1707; x_wconf 91' lang='lat' dir='ltr'><strong>sionis</strong></span> <span class='ocrx_word' id='word_1_133' title='bbox 1194 1644 1314 1723; x_wconf 90' lang='lat' dir='ltr'><strong>dolore,</strong></span> <span class='ocrx_word' id='word_1_134' title='bbox 1340 1662 1467 1705; x_wconf 91' lang='lat' dir='ltr'><strong>omnem</strong></span> <span class='ocrx_word' id='word_1_135' title='bbox 1493 1641 1634 1717; x_wconf 89' lang='lat' dir='ltr'><strong>inanem,</strong></span> <span class='ocrx_word' id='word_1_136' title='bbox 1659 1639 1820 1701; x_wconf 91' lang='lat' dir='ltr'><strong>carnalem</strong></span> 
     </span>
     <span class='ocr_line' id='line_1_13' title="bbox 198 1735 1820 1821; baseline 0.001 -24"><span class='ocrx_word' id='word_1_137' title='bbox 198 1775 243 1807; x_wconf 59' lang='lat' dir='ltr'><strong>w,</strong></span> <span class='ocrx_word' id='word_1_138' title='bbox 264 1745 304 1797; x_wconf 93' lang='lat' dir='ltr'><strong>ut</strong></span> <span class='ocrx_word' id='word_1_139' title='bbox 330 1753 424 1816; x_wconf 88' lang='lat' dir='ltr'><strong>supra</strong></span> <span class='ocrx_word' id='word_1_140' title='bbox 442 1735 509 1816; x_wconf 78' lang='lat' dir='ltr'><strong>iam</strong></span> <span class='ocrx_word' id='word_1_141' title='bbox 534 1736 636 1818; x_wconf 88' lang='lat' dir='ltr'><strong>tetigi,</strong></span> <span class='ocrx_word' id='word_1_142' title='bbox 659 1755 697 1798; x_wconf 88' lang='lat' dir='ltr'><strong>ac</strong></span> <span class='ocrx_word' id='word_1_143' title='bbox 721 1737 748 1798; x_wconf 90' lang='lat' dir='ltr'><strong>si</strong></span> <span class='ocrx_word' id='word_1_144' title='bbox 774 1737 1017 1819; x_wconf 76' lang='lat' dir='ltr'><strong>presentialiter</strong></span> <span class='ocrx_word' id='word_1_145' title='bbox 1071 1750 1103 1804; x_wconf 90' lang='lat' dir='ltr'><strong>et</strong></span> <span class='ocrx_word' id='word_1_146' title='bbox 1118 1740 1659 1821; x_wconf 88' lang='lat' dir='ltr'><strong>vilemconsolatiunculamsperne</strong></span> <span class='ocrx_word' id='word_1_147' title='bbox 1673 1756 1711 1801; x_wconf 87' lang='lat' dir='ltr'><strong>ac</strong></span> <span class='ocrx_word' id='word_1_148' title='bbox 1725 1736 1820 1818; x_wconf 86' lang='lat' dir='ltr'><strong>luge;</strong></span> 
     </span>
     <span class='ocr_line' id='line_1_14' title="bbox 263 1833 1820 1923; baseline 0.001 -28"><span class='ocrx_word' id='word_1_149' title='bbox 263 1853 322 1896; x_wconf 88' lang='lat' dir='ltr'><strong>me</strong></span> <span class='ocrx_word' id='word_1_150' title='bbox 337 1833 412 1896; x_wconf 84' lang='lat' dir='ltr'><strong>talia</strong></span> <span class='ocrx_word' id='word_1_151' title='bbox 424 1834 489 1915; x_wconf 90' lang='lat' dir='ltr'><strong>pati</strong></span> <span class='ocrx_word' id='word_1_152' title='bbox 510 1834 724 1915; x_wconf 88' lang='lat' dir='ltr'><strong>conspiceres,</strong></span> <span class='ocrx_word' id='word_1_153' title='bbox 740 1844 834 1917; x_wconf 89' lang='lat' dir='ltr'><strong>atque</strong></span> <span class='ocrx_word' id='word_1_154' title='bbox 856 1836 1016 1917; x_wconf 88' lang='lat' dir='ltr'><strong>perpende</strong></span> <span class='ocrx_word' id='word_1_155' title='bbox 1031 1838 1055 1899; x_wconf 85' lang='lat' dir='ltr'><strong>li</strong></span> <span class='ocrx_word' id='word_1_156' title='bbox 1071 1848 1165 1923; x_wconf 90' lang='lat' dir='ltr'><strong>atque</strong></span> <span class='ocrx_word' id='word_1_157' title='bbox 1179 1841 1239 1904; x_wconf 89' lang='lat' dir='ltr'><strong>boo</strong></span> <span class='ocrx_word' id='word_1_158' title='bbox 1255 1840 1350 1903; x_wconf 93' lang='lat' dir='ltr'><strong>modo</strong></span> <span class='ocrx_word' id='word_1_159' title='bbox 1365 1858 1415 1901; x_wconf 91' lang='lat' dir='ltr'><strong>me</strong></span> <span class='ocrx_word' id='word_1_160' title='bbox 1431 1836 1549 1920; x_wconf 88' lang='lat' dir='ltr'><strong>alloqui</strong></span> <span class='ocrx_word' id='word_1_161' title='bbox 1565 1844 1654 1919; x_wconf 88' lang='lat' dir='ltr'><strong>potes</strong></span> <span class='ocrx_word' id='word_1_162' title='bbox 1667 1861 1673 1897; x_wconf 94' lang='lat'>:</span> <span class='ocrx_word' id='word_1_163' title='bbox 1687 1834 1820 1899; x_wconf 87' lang='lat' dir='ltr'><strong>Domine</strong></span> 
     </span>
     <span class='ocr_line' id='line_1_15' title="bbox 262 1932 1819 2018; baseline -0.001 -24"><span class='ocrx_word' id='word_1_164' title='bbox 262 1951 366 2013; x_wconf 86' lang='lat' dir='ltr'><strong>quarn</strong></span> <span class='ocrx_word' id='word_1_165' title='bbox 394 1932 595 1995; x_wconf 90' lang='lat' dir='ltr'><strong>intolerabile</strong></span> <span class='ocrx_word' id='word_1_166' title='bbox 622 1932 681 1995; x_wconf 92' lang='lat' dir='ltr'><strong>tibi</strong></span> <span class='ocrx_word' id='word_1_167' title='bbox 709 1941 793 1995; x_wconf 91' lang='lat' dir='ltr'><strong>esset</strong></span> <span class='ocrx_word' id='word_1_168' title='bbox 826 1933 902 1995; x_wconf 87' lang='lat' dir='ltr'><strong>talia</strong></span> <span class='ocrx_word' id='word_1_169' title='bbox 936 1934 1013 2016; x_wconf 89' lang='lat' dir='ltr'><strong>pati.</strong></span> <span class='ocrx_word' id='word_1_170' title='bbox 1071 1948 1104 2001; x_wconf 86' lang='lat' dir='ltr'><strong>et</strong></span> <span class='ocrx_word' id='word_1_171' title='bbox 1128 1938 1282 2016; x_wconf 87' lang='lat' dir='ltr'><strong>Salvator,</strong></span> <span class='ocrx_word' id='word_1_172' title='bbox 1306 1935 1471 2018; x_wconf 85' lang='lat' dir='ltr'><strong>Unigenite</strong></span> <span class='ocrx_word' id='word_1_173' title='bbox 1496 1936 1550 1998; x_wconf 86' lang='lat' dir='ltr'><strong>Dei</strong></span> <span class='ocrx_word' id='word_1_174' title='bbox 1575 1933 1673 1996; x_wconf 90' lang='lat' dir='ltr'><strong>Patris</strong></span> <span class='ocrx_word' id='word_1_175' title='bbox 1698 1932 1819 2012; x_wconf 80' lang='lat' dir='ltr'><strong>salerni,</strong></span> 
     </span>
     <span class='ocr_line' id='line_1_16' title="bbox 260 2030 1821 2117; baseline -0.001 -24"><span class='ocrx_word' id='word_1_176' title='bbox 260 2031 406 2110; x_wconf 85' lang='lat' dir='ltr'><strong>Intuere,</strong></span> <span class='ocrx_word' id='word_1_177' title='bbox 432 2032 508 2110; x_wconf 90' lang='lat' dir='ltr'><strong>imo,</strong></span> <span class='ocrx_word' id='word_1_178' title='bbox 533 2032 560 2093; x_wconf 93' lang='lat' dir='ltr'><strong>si</strong></span> <span class='ocrx_word' id='word_1_179' title='bbox 586 2031 665 2093; x_wconf 87' lang='lat' dir='ltr'><strong>tanti</strong></span> <span class='ocrx_word' id='word_1_180' title='bbox 694 2030 830 2095; x_wconf 83' lang='lat' dir='ltr'><strong>fervoris</strong></span> <span class='ocrx_word' id='word_1_181' title='bbox 854 2050 901 2111; x_wconf 90' lang='lat' dir='ltr'><strong>es,</strong></span> <span class='ocrx_word' id='word_1_182' title='bbox 927 2033 961 2093; x_wconf 93' lang='lat' dir='ltr'><strong>in</strong></span> <span class='ocrx_word' id='word_1_183' title='bbox 985 2040 1016 2095; x_wconf 90' lang='lat' dir='ltr'><strong>te</strong></span> <span class='ocrx_word' id='word_1_184' title='bbox 1072 2056 1196 2099; x_wconf 91' lang='lat' dir='ltr'><strong>summe</strong></span> <span class='ocrx_word' id='word_1_185' title='bbox 1210 2044 1333 2099; x_wconf 89' lang='lat' dir='ltr'><strong>amator</strong></span> <span class='ocrx_word' id='word_1_186' title='bbox 1347 2034 1611 2117; x_wconf 88' lang='lat' dir='ltr'><strong>omnipotensque</strong></span> <span class='ocrx_word' id='word_1_187' title='bbox 1626 2032 1763 2110; x_wconf 88' lang='lat' dir='ltr'><strong>Creator,</strong></span> <span class='ocrx_word' id='word_1_188' title='bbox 1778 2030 1821 2093; x_wconf 94' lang='lat' dir='ltr'><strong>ob</strong></span> 
     </span>
     <span class='ocr_line' id='line_1_17' title="bbox 260 2130 1822 2217; baseline -0.004 -17"><span class='ocrx_word' id='word_1_189' title='bbox 260 2130 341 2211; x_wconf 79' lang='lat' dir='ltr'><strong>ipsu</strong></span> <span class='ocrx_word' id='word_1_190' title='bbox 358 2130 502 2211; x_wconf 73' lang='grc'><strong>1111111111</strong></span> <span class='ocrx_word' id='word_1_191' title='bbox 525 2149 621 2211; x_wconf 75' lang='lat' dir='ltr'><strong>quam</strong></span> <span class='ocrx_word' id='word_1_192' title='bbox 642 2131 768 2211; x_wconf 77' lang='grc'><strong>1111111110</strong></span> <span class='ocrx_word' id='word_1_193' title='bbox 787 2130 844 2193; x_wconf 85' lang='lat' dir='ltr'><strong>libi</strong></span> <span class='ocrx_word' id='word_1_194' title='bbox 863 2138 948 2194; x_wconf 79' lang='lat' dir='ltr'><strong>essul</strong></span> <span class='ocrx_word' id='word_1_195' title='bbox 965 2151 1018 2193; x_wconf 84' lang='lat' dir='ltr'><strong>su·</strong></span> <span class='ocrx_word' id='word_1_196' title='bbox 1072 2136 1264 2215; x_wconf 81' lang='lat' dir='ltr'><strong>omniaque</strong></span> <span class='ocrx_word' id='word_1_197' title='bbox 1279 2152 1336 2217; x_wconf 89' lang='lat' dir='ltr'><strong>pro</strong></span> <span class='ocrx_word' id='word_1_198' title='bbox 1352 2152 1423 2197; x_wconf 86' lang='lat' dir='ltr'><strong>mea</strong></span> <span class='ocrx_word' id='word_1_199' title='bbox 1441 2131 1599 2215; x_wconf 88' lang='lat' dir='ltr'><strong>pertulisti</strong></span> <span class='ocrx_word' id='word_1_200' title='bbox 1622 2130 1822 2212; x_wconf 59' lang='grc'><strong>001010010-</strong></span> 
     </span>
     <span class='ocr_line' id='line_1_18' title="bbox 261 2227 1823 2317; baseline -0.004 -21"><span class='ocrx_word' id='word_1_201' title='bbox 261 2246 329 2310; x_wconf 75' lang='lat' dir='ltr'><strong>per</strong></span> <span class='ocrx_word' id='word_1_202' title='bbox 355 2228 485 2290; x_wconf 78' lang='lat' dir='ltr'><strong>dorsum</strong></span> <span class='ocrx_word' id='word_1_203' title='bbox 513 2236 603 2289; x_wconf 88' lang='grc'><strong>11111111</strong></span> <span class='ocrx_word' id='word_1_204' title='bbox 632 2227 721 2308; x_wconf 73' lang='lat' dir='ltr'><strong>virga</strong></span> <span class='ocrx_word' id='word_1_205' title='bbox 745 2227 823 2290; x_wconf 74' lang='lat' dir='ltr'><strong>caldi</strong></span> <span class='ocrx_word' id='word_1_206' title='bbox 852 2246 952 2310; x_wconf 78' lang='grc'><strong>11101111</strong></span> <span class='ocrx_word' id='word_1_207' title='bbox 975 2228 1016 2289; x_wconf 75' lang='lat' dir='ltr'><strong>ad</strong></span> <span class='ocrx_word' id='word_1_208' title='bbox 1072 2242 1142 2317; x_wconf 90' lang='lat' dir='ltr'><strong>pter</strong></span> <span class='ocrx_word' id='word_1_209' title='bbox 1161 2233 1322 2315; x_wconf 91' lang='lat' dir='ltr'><strong>angustias</strong></span> <span class='ocrx_word' id='word_1_210' title='bbox 1344 2239 1376 2295; x_wconf 90' lang='lat' dir='ltr'><strong>et</strong></span> <span class='ocrx_word' id='word_1_211' title='bbox 1396 2232 1521 2294; x_wconf 93' lang='lat' dir='ltr'><strong>dolores</strong></span> <span class='ocrx_word' id='word_1_212' title='bbox 1542 2248 1622 2312; x_wconf 91' lang='lat' dir='ltr'><strong>quos</strong></span> <span class='ocrx_word' id='word_1_213' title='bbox 1643 2235 1698 2291; x_wconf 87' lang='lat' dir='ltr'><strong>tua</strong></span> <span class='ocrx_word' id='word_1_214' title='bbox 1719 2236 1823 2290; x_wconf 87' lang='lat' dir='ltr'><strong>tener-</strong></span> 
     </span>
     <span class='ocr_line' id='line_1_19' title="bbox 260 2325 1824 2407; baseline -0.004 -13"><span class='ocrx_word' id='word_1_215' title='bbox 260 2325 463 2390; x_wconf 76' lang='lat' dir='ltr'><strong>eifusiouem</strong></span> <span class='ocrx_word' id='word_1_216' title='bbox 497 2333 593 2406; x_wconf 73' lang='lat' dir='ltr'><strong>guilla</strong></span> <span class='ocrx_word' id='word_1_217' title='bbox 627 2326 722 2388; x_wconf 81' lang='lat' dir='ltr'><strong>unlus</strong></span> <span class='ocrx_word' id='word_1_218' title='bbox 757 2325 922 2407; x_wconf 74' lang='lat' dir='ltr'><strong>sauguinis</strong></span> <span class='ocrx_word' id='word_1_219' title='bbox 957 2326 1015 2403; x_wconf 84' lang='lat' dir='ltr'><strong>lui,</strong></span> <span class='ocrx_word' id='word_1_220' title='bbox 1072 2334 1154 2395; x_wconf 91' lang='lat' dir='ltr'><strong>rima</strong></span> <span class='ocrx_word' id='word_1_221' title='bbox 1173 2330 1349 2394; x_wconf 87' lang='lat' dir='ltr'><strong>sustinebat</strong></span> <span class='ocrx_word' id='word_1_222' title='bbox 1368 2329 1548 2393; x_wconf 86' lang='lat' dir='ltr'><strong>humanitas</strong></span> <span class='ocrx_word' id='word_1_223' title='bbox 1569 2328 1602 2390; x_wconf 92' lang='lat' dir='ltr'><strong>in</strong></span> <span class='ocrx_word' id='word_1_224' title='bbox 1624 2346 1681 2390; x_wconf 90' lang='lat' dir='ltr'><strong>sua</strong></span> <span class='ocrx_word' id='word_1_225' title='bbox 1702 2326 1824 2389; x_wconf 89' lang='lat' dir='ltr'><strong>violen-</strong></span> 
     </span>
     <span class='ocr_line' id='line_1_20' title="bbox 262 2423 1823 2507; baseline -0.005 -12"><span class='ocrx_word' id='word_1_226' title='bbox 262 2432 425 2505; x_wconf 72' lang='lat' dir='ltr'><strong>quantum</strong></span> <span class='ocrx_word' id='word_1_227' title='bbox 443 2424 568 2487; x_wconf 79' lang='lat' dir='ltr'><strong>doleres</strong></span> <span class='ocrx_word' id='word_1_228' title='bbox 586 2423 619 2485; x_wconf 90' lang='lat' dir='ltr'><strong>iu</strong></span> <span class='ocrx_word' id='word_1_229' title='bbox 639 2423 723 2507; x_wconf 80' lang='lat' dir='ltr'><strong>pelle</strong></span> <span class='ocrx_word' id='word_1_230' title='bbox 742 2432 775 2487; x_wconf 80' lang='grc'><strong>01</strong></span> <span class='ocrx_word' id='word_1_231' title='bbox 789 2444 884 2487; x_wconf 79' lang='lat' dir='ltr'><strong>carue</strong></span> <span class='ocrx_word' id='word_1_232' title='bbox 905 2423 1018 2507; x_wconf 80' lang='lat' dir='ltr'><strong>capitia</strong></span> <span class='ocrx_word' id='word_1_233' title='bbox 1072 2432 1194 2495; x_wconf 87' lang='lat' dir='ltr'><strong>tissima</strong></span> <span class='ocrx_word' id='word_1_234' title='bbox 1204 2430 1393 2492; x_wconf 81' lang='lat' dir='ltr'><strong>distentione</strong></span> <span class='ocrx_word' id='word_1_235' title='bbox 1406 2428 1439 2490; x_wconf 90' lang='lat' dir='ltr'><strong>in</strong></span> <span class='ocrx_word' id='word_1_236' title='bbox 1451 2425 1596 2506; x_wconf 65' lang='lat' dir='ltr'><strong>amcam</strong></span> <span class='ocrx_word' id='word_1_237' title='bbox 1608 2424 1823 2507; x_wconf 76' lang='lat' dir='ltr'><strong>flagellatione</strong></span> 
     </span>
     <span class='ocr_line' id='line_1_21' title="bbox 263 2522 1825 2610; baseline 0.001 -27"><span class='ocrx_word' id='word_1_238' title='bbox 263 2523 329 2599; x_wconf 88' lang='lat' dir='ltr'><strong>tui,</strong></span> <span class='ocrx_word' id='word_1_239' title='bbox 346 2522 372 2584; x_wconf 91' lang='lat' dir='ltr'><strong>si</strong></span> <span class='ocrx_word' id='word_1_240' title='bbox 385 2522 415 2584; x_wconf 88' lang='lat' dir='ltr'><strong>ai</strong></span> <span class='ocrx_word' id='word_1_241' title='bbox 430 2522 667 2603; x_wconf 88' lang='lat' dir='ltr'><strong>imprimeretur</strong></span> <span class='ocrx_word' id='word_1_242' title='bbox 680 2522 791 2604; x_wconf 88' lang='lat' dir='ltr'><strong>spinea</strong></span> <span class='ocrx_word' id='word_1_243' title='bbox 804 2541 933 2602; x_wconf 91' lang='lat' dir='ltr'><strong>corona,</strong></span> <span class='ocrx_word' id='word_1_244' title='bbox 950 2540 1018 2585; x_wconf 88' lang='lat' dir='ltr'><strong>cer·</strong></span> <span class='ocrx_word' id='word_1_245' title='bbox 1074 2549 1132 2593; x_wconf 84' lang='lat' dir='ltr'><strong>sua</strong></span> <span class='ocrx_word' id='word_1_246' title='bbox 1153 2548 1190 2591; x_wconf 90' lang='lat' dir='ltr'><strong>ac</strong></span> <span class='ocrx_word' id='word_1_247' title='bbox 1210 2528 1321 2610; x_wconf 90' lang='lat' dir='ltr'><strong>spinea</strong></span> <span class='ocrx_word' id='word_1_248' title='bbox 1340 2525 1556 2603; x_wconf 85' lang='lat' dir='ltr'><strong>coronatione,</strong></span> <span class='ocrx_word' id='word_1_249' title='bbox 1573 2524 1604 2585; x_wconf 94' lang='lat' dir='ltr'><strong>in</strong></span> <span class='ocrx_word' id='word_1_250' title='bbox 1624 2522 1825 2586; x_wconf 87' lang='lat' dir='ltr'><strong>beatissimo-</strong></span> 
     </span>
     <span class='ocr_line' id='line_1_22' title="bbox 265 2620 1823 2709; baseline -0.001 -25"><span class='ocrx_word' id='word_1_251' title='bbox 265 2630 301 2684; x_wconf 86' lang='lat' dir='ltr'><strong>te</strong></span> <span class='ocrx_word' id='word_1_252' title='bbox 321 2620 372 2683; x_wconf 89' lang='lat' dir='ltr'><strong>vel</strong></span> <span class='ocrx_word' id='word_1_253' title='bbox 394 2620 487 2703; x_wconf 87' lang='lat' dir='ltr'><strong>spina</strong></span> <span class='ocrx_word' id='word_1_254' title='bbox 507 2639 582 2698; x_wconf 91' lang='lat' dir='ltr'><strong>una,</strong></span> <span class='ocrx_word' id='word_1_255' title='bbox 598 2638 764 2703; x_wconf 83' lang='lat' dir='ltr'><strong>quousque</strong></span> <span class='ocrx_word' id='word_1_256' title='bbox 784 2620 934 2684; x_wconf 90' lang='lat' dir='ltr'><strong>elllueret</strong></span> <span class='ocrx_word' id='word_1_257' title='bbox 954 2638 1018 2682; x_wconf 91' lang='lat' dir='ltr'><strong>una</strong></span> <span class='ocrx_word' id='word_1_258' title='bbox 1074 2648 1144 2691; x_wconf 70' lang='lat' dir='ltr'><strong>rum</strong></span> <span class='ocrx_word' id='word_1_259' title='bbox 1167 2627 1284 2709; x_wconf 80' lang='lat' dir='ltr'><strong>pedum</strong></span> <span class='ocrx_word' id='word_1_260' title='bbox 1304 2635 1430 2689; x_wconf 83' lang='lat' dir='ltr'><strong>tuorum</strong></span> <span class='ocrx_word' id='word_1_261' title='bbox 1450 2642 1486 2687; x_wconf 82' lang='lat' dir='ltr'><strong>ac</strong></span> <span class='ocrx_word' id='word_1_262' title='bbox 1507 2641 1659 2685; x_wconf 88' lang='lat' dir='ltr'><strong>manuum</strong></span> <span class='ocrx_word' id='word_1_263' title='bbox 1683 2620 1823 2703; x_wconf 89' lang='lat' dir='ltr'><strong>perlora-</strong></span> 
     </span>
     <span class='ocr_line' id='line_1_23' title="bbox 262 2718 1823 2803; baseline -0.005 -15"><span class='ocrx_word' id='word_1_264' title='bbox 262 2718 377 2797; x_wconf 76' lang='lat' dir='ltr'><strong>sl&#39;lllut</strong></span> <span class='ocrx_word' id='word_1_265' title='bbox 397 2719 445 2782; x_wconf 80' lang='grc'><strong>1111</strong></span> <span class='ocrx_word' id='word_1_266' title='bbox 467 2727 498 2781; x_wconf 79' lang='lat' dir='ltr'><strong>el</strong></span> <span class='ocrx_word' id='word_1_267' title='bbox 523 2718 638 2800; x_wconf 73' lang='lat' dir='ltr'><strong>palmis</strong></span> <span class='ocrx_word' id='word_1_268' title='bbox 659 2738 812 2782; x_wconf 84' lang='grc'><strong>1111111111111</strong></span> <span class='ocrx_word' id='word_1_269' title='bbox 833 2727 959 2781; x_wconf 83' lang='grc'><strong>1111111111</strong></span> <span class='ocrx_word' id='word_1_270' title='bbox 980 2738 1018 2782; x_wconf 77' lang='lat' dir='ltr'><strong>uc</strong></span> <span class='ocrx_word' id='word_1_271' title='bbox 1074 2726 1160 2789; x_wconf 87' lang='lat' dir='ltr'><strong>tione</strong></span> <span class='ocrx_word' id='word_1_272' title='bbox 1174 2733 1206 2787; x_wconf 90' lang='lat' dir='ltr'><strong>ei</strong></span> <span class='ocrx_word' id='word_1_273' title='bbox 1220 2724 1252 2785; x_wconf 93' lang='lat' dir='ltr'><strong>in</strong></span> <span class='ocrx_word' id='word_1_274' title='bbox 1274 2722 1345 2787; x_wconf 87' lang='lat' dir='ltr'><strong>aliis</strong></span> <span class='ocrx_word' id='word_1_275' title='bbox 1363 2741 1433 2803; x_wconf 80' lang='lat' dir='ltr'><strong>quae</strong></span> <span class='ocrx_word' id='word_1_276' title='bbox 1452 2740 1487 2784; x_wconf 90' lang='lat' dir='ltr'><strong>es</strong></span> <span class='ocrx_word' id='word_1_277' title='bbox 1506 2739 1639 2803; x_wconf 78' lang='lat' dir='ltr'><strong>passus3</strong></span> <span class='ocrx_word' id='word_1_278' title='bbox 1656 2726 1688 2782; x_wconf 92' lang='lat' dir='ltr'><strong>et</strong></span> <span class='ocrx_word' id='word_1_279' title='bbox 1707 2719 1823 2782; x_wconf 90' lang='lat' dir='ltr'><strong>iterum</strong></span> 
     </span>
     <span class='ocr_line' id='line_1_24' title="bbox 262 2816 1822 2903; baseline 0 -24"><span class='ocrx_word' id='word_1_280' title='bbox 262 2817 378 2883; x_wconf 89' lang='lat' dir='ltr'><strong>medio</strong></span> <span class='ocrx_word' id='word_1_281' title='bbox 392 2819 700 2901; x_wconf 87' lang='lat' dir='ltr'><strong>pedumsuperpone</strong></span> <span class='ocrx_word' id='word_1_282' title='bbox 714 2836 944 2899; x_wconf 88' lang='lat' dir='ltr'><strong>nonnunquam</strong></span> <span class='ocrx_word' id='word_1_283' title='bbox 959 2819 1019 2880; x_wconf 90' lang='lat' dir='ltr'><strong>cla·</strong></span> <span class='ocrx_word' id='word_1_284' title='bbox 1073 2824 1116 2888; x_wconf 94' lang='lat' dir='ltr'><strong>ob</strong></span> <span class='ocrx_word' id='word_1_285' title='bbox 1135 2832 1222 2887; x_wconf 88' lang='lat' dir='ltr'><strong>tuam</strong></span> <span class='ocrx_word' id='word_1_286' title='bbox 1248 2820 1503 2903; x_wconf 88' lang='lat' dir='ltr'><strong>compassionem</strong></span> <span class='ocrx_word' id='word_1_287' title='bbox 1527 2837 1591 2900; x_wconf 89' lang='lat' dir='ltr'><strong>qua</strong></span> <span class='ocrx_word' id='word_1_288' title='bbox 1614 2827 1690 2881; x_wconf 85' lang='lat' dir='ltr'><strong>tunc</strong></span> <span class='ocrx_word' id='word_1_289' title='bbox 1713 2816 1822 2898; x_wconf 85' lang='lat' dir='ltr'><strong>generi</strong></span> 
     </span>
     <span class='ocr_line' id='line_1_25' title="bbox 263 2915 1824 2999; baseline -0.006 -13"><span class='ocrx_word' id='word_1_290' title='bbox 263 2937 350 2981; x_wconf 81' lang='lat' dir='ltr'><strong>vum</strong></span> <span class='ocrx_word' id='word_1_291' title='bbox 373 2925 405 2979; x_wconf 79' lang='lat' dir='ltr'><strong>el</strong></span> <span class='ocrx_word' id='word_1_292' title='bbox 428 2916 479 2979; x_wconf 82' lang='grc'><strong>111</strong></span> <span class='ocrx_word' id='word_1_293' title='bbox 502 2934 673 2998; x_wconf 77' lang='lat' dir='ltr'><strong>parumper</strong></span> <span class='ocrx_word' id='word_1_294' title='bbox 694 2915 811 2979; x_wconf 78' lang='grc'><strong>1111111111</strong></span> <span class='ocrx_word' id='word_1_295' title='bbox 836 2940 843 2979; x_wconf 89' lang='lat'><strong>:</strong></span> <span class='ocrx_word' id='word_1_296' title='bbox 866 2924 902 2978; x_wconf 85' lang='lat' dir='ltr'><strong>ul</strong></span> <span class='ocrx_word' id='word_1_297' title='bbox 925 2936 1020 2999; x_wconf 78' lang='lat' dir='ltr'><strong>expe·</strong></span> <span class='ocrx_word' id='word_1_298' title='bbox 1074 2919 1267 2986; x_wconf 90' lang='lat' dir='ltr'><strong>condolebas</strong></span> <span class='ocrx_word' id='word_1_299' title='bbox 1288 2920 1428 2981; x_wconf 90' lang='lat' dir='ltr'><strong>humano</strong></span> <span class='ocrx_word' id='word_1_300' title='bbox 1449 2924 1603 2999; x_wconf 92' lang='lat' dir='ltr'><strong>quantum</strong></span> <span class='ocrx_word' id='word_1_301' title='bbox 1627 2916 1667 2978; x_wconf 94' lang='lat' dir='ltr'><strong>ad</strong></span> <span class='ocrx_word' id='word_1_302' title='bbox 1689 2932 1824 2998; x_wconf 92' lang='lat' dir='ltr'><strong>pereun-</strong></span> 
     </span>
     <span class='ocr_line' id='line_1_26' title="bbox 264 3011 1823 3099; baseline -0.008 -13"><span class='ocrx_word' id='word_1_303' title='bbox 264 3017 410 3080; x_wconf 84' lang='lat' dir='ltr'><strong>rimeuto</strong></span> <span class='ocrx_word' id='word_1_304' title='bbox 424 3033 551 3096; x_wconf 82' lang='lat' dir='ltr'><strong>quoquo</strong></span> <span class='ocrx_word' id='word_1_305' title='bbox 565 3013 746 3095; x_wconf 81' lang='lat' dir='ltr'><strong>aliqualiter</strong></span> <span class='ocrx_word' id='word_1_306' title='bbox 765 3033 878 3077; x_wconf 83' lang='lat' dir='ltr'><strong>noscas</strong></span> <span class='ocrx_word' id='word_1_307' title='bbox 892 3015 1019 3095; x_wconf 78' lang='lat' dir='ltr'><strong>qualem</strong></span> <span class='ocrx_word' id='word_1_308' title='bbox 1037 3022 1060 3085; x_wconf 83' lang='lat' dir='ltr'><strong>c</strong></span> <span class='ocrx_word' id='word_1_309' title='bbox 1075 3029 1134 3099; x_wconf 81' lang='lat' dir='ltr'><strong>tes,</strong></span> <span class='ocrx_word' id='word_1_310' title='bbox 1149 3020 1192 3083; x_wconf 84' lang='lat' dir='ltr'><strong>ob</strong></span> <span class='ocrx_word' id='word_1_311' title='bbox 1217 3016 1472 3099; x_wconf 86' lang='lat' dir='ltr'><strong>compassionem</strong></span> <span class='ocrx_word' id='word_1_312' title='bbox 1492 3014 1587 3078; x_wconf 82' lang='lat' dir='ltr'><strong>otiam</strong></span> <span class='ocrx_word' id='word_1_313' title='bbox 1608 3021 1751 3075; x_wconf 83' lang='lat' dir='ltr'><strong>mutuam</strong></span> <span class='ocrx_word' id='word_1_314' title='bbox 1776 3011 1823 3075; x_wconf 92' lang='lat' dir='ltr'><strong>tui</strong></span> 
     </span>
     <span class='ocr_line' id='line_1_27' title="bbox 263 3110 1824 3200; baseline -0.003 -25"><span class='ocrx_word' id='word_1_315' title='bbox 263 3124 304 3178; x_wconf 86' lang='lat' dir='ltr'><strong>et</strong></span> <span class='ocrx_word' id='word_1_316' title='bbox 317 3122 469 3195; x_wconf 78' lang='lat' dir='ltr'><strong>quantam</strong></span> <span class='ocrx_word' id='word_1_317' title='bbox 484 3112 598 3195; x_wconf 90' lang='lat' dir='ltr'><strong>pertuli</strong></span> <span class='ocrx_word' id='word_1_318' title='bbox 612 3130 740 3193; x_wconf 82' lang='lat' dir='ltr'><strong>poenam</strong></span> <span class='ocrx_word' id='word_1_319' title='bbox 755 3113 789 3174; x_wconf 92' lang='lat' dir='ltr'><strong>in</strong></span> <span class='ocrx_word' id='word_1_320' title='bbox 804 3110 1020 3194; x_wconf 89' lang='lat' dir='ltr'><strong>llagellatione</strong></span> <span class='ocrx_word' id='word_1_321' title='bbox 1074 3127 1168 3200; x_wconf 87' lang='lat' dir='ltr'><strong>alque</strong></span> <span class='ocrx_word' id='word_1_322' title='bbox 1184 3114 1456 3179; x_wconf 76' lang='lat' dir='ltr'><strong>reverendissimas</strong></span> <span class='ocrx_word' id='word_1_323' title='bbox 1471 3132 1508 3176; x_wconf 92' lang='lat' dir='ltr'><strong>ac</strong></span> <span class='ocrx_word' id='word_1_324' title='bbox 1523 3112 1700 3195; x_wconf 78' lang='lat' dir='ltr'><strong>purissimas</strong></span> <span class='ocrx_word' id='word_1_325' title='bbox 1718 3110 1824 3173; x_wconf 84' lang='lat' dir='ltr'><strong>Matris</strong></span> 
     </span>
     <span class='ocr_line' id='line_1_28' title="bbox 265 3208 1824 3295; baseline -0.003 -21"><span class='ocrx_word' id='word_1_326' title='bbox 265 3212 416 3294; x_wconf 85' lang='lat' dir='ltr'><strong>corporis</strong></span> <span class='ocrx_word' id='word_1_327' title='bbox 429 3211 699 3293; x_wconf 86' lang='lat' dir='ltr'><strong>coronationeque</strong></span> <span class='ocrx_word' id='word_1_328' title='bbox 714 3211 827 3295; x_wconf 86' lang='lat' dir='ltr'><strong>eapitis</strong></span> <span class='ocrx_word' id='word_1_329' title='bbox 840 3210 905 3273; x_wconf 90' lang='lat' dir='ltr'><strong>mei</strong></span> <span class='ocrx_word' id='word_1_330' title='bbox 920 3229 1020 3292; x_wconf 84' lang='lat' dir='ltr'><strong>nsque</strong></span> <span class='ocrx_word' id='word_1_331' title='bbox 1074 3226 1148 3295; x_wconf 79' lang='lat' dir='ltr'><strong>tua,</strong></span> <span class='ocrx_word' id='word_1_332' title='bbox 1164 3215 1276 3279; x_wconf 84' lang='lat' dir='ltr'><strong>exaudi</strong></span> <span class='ocrx_word' id='word_1_333' title='bbox 1291 3232 1354 3292; x_wconf 89' lang='lat' dir='ltr'><strong>me,</strong></span> <span class='ocrx_word' id='word_1_334' title='bbox 1371 3212 1512 3277; x_wconf 87' lang='lat' dir='ltr'><strong>Domine.</strong></span> <span class='ocrx_word' id='word_1_335' title='bbox 1526 3212 1587 3275; x_wconf 83' lang='lat' dir='ltr'><strong>Fac</strong></span> <span class='ocrx_word' id='word_1_336' title='bbox 1602 3229 1653 3273; x_wconf 87' lang='lat' dir='ltr'><strong>me</strong></span> <span class='ocrx_word' id='word_1_337' title='bbox 1668 3208 1824 3292; x_wconf 88' lang='lat' dir='ltr'><strong>passionis</strong></span> 
     </span>
     <span class='ocr_line' id='line_1_29' title="bbox 262 3306 1823 3393; baseline -0.008 -13"><span class='ocrx_word' id='word_1_338' title='bbox 262 3312 311 3374; x_wconf 77' lang='lat' dir='ltr'><strong>ad</strong></span> <span class='ocrx_word' id='word_1_339' title='bbox 338 3317 498 3373; x_wconf 77' lang='grc'><strong>1111111111</strong></span> <span class='ocrx_word' id='word_1_340' title='bbox 523 3326 617 3385; x_wconf 75' lang='grc'><strong>1111111</strong></span> <span class='ocrx_word' id='word_1_341' title='bbox 639 3318 793 3389; x_wconf 67' lang='lat' dir='ltr'><strong>(tunulum</strong></span> <span class='ocrx_word' id='word_1_342' title='bbox 817 3307 1018 3390; x_wconf 69' lang='lat' dir='ltr'><strong>ufligai-oris,</strong></span> <span class='ocrx_word' id='word_1_343' title='bbox 1074 3325 1136 3379; x_wconf 80' lang='lat' dir='ltr'><strong>lue</strong></span> <span class='ocrx_word' id='word_1_344' title='bbox 1157 3313 1344 3377; x_wconf 86' lang='lat' dir='ltr'><strong>memoriam</strong></span> <span class='ocrx_word' id='word_1_345' title='bbox 1358 3310 1453 3393; x_wconf 90' lang='lat' dir='ltr'><strong>digne</strong></span> <span class='ocrx_word' id='word_1_346' title='bbox 1468 3327 1630 3392; x_wconf 89' lang='lat' dir='ltr'><strong>peragere,</strong></span> <span class='ocrx_word' id='word_1_347' title='bbox 1646 3316 1677 3370; x_wconf 91' lang='lat' dir='ltr'><strong>et</strong></span> <span class='ocrx_word' id='word_1_348' title='bbox 1698 3307 1755 3370; x_wconf 91' lang='lat' dir='ltr'><strong>tibi</strong></span> <span class='ocrx_word' id='word_1_349' title='bbox 1778 3306 1823 3369; x_wconf 87' lang='lat' dir='ltr'><strong>sic</strong></span> 
     </span>
     <span class='ocr_line' id='line_1_30' title="bbox 263 3404 1825 3496; baseline -0.008 -17"><span class='ocrx_word' id='word_1_350' title='bbox 263 3410 298 3473; x_wconf 82' lang='lat' dir='ltr'><strong>si</strong></span> <span class='ocrx_word' id='word_1_351' title='bbox 324 3428 382 3491; x_wconf 79' lang='lat' dir='ltr'><strong>pel</strong></span> <span class='ocrx_word' id='word_1_352' title='bbox 405 3426 502 3469; x_wconf 83' lang='grc'><strong>11111111</strong></span> <span class='ocrx_word' id='word_1_353' title='bbox 526 3408 637 3470; x_wconf 81' lang='grc'><strong>1111111111</strong></span> <span class='ocrx_word' id='word_1_354' title='bbox 663 3407 818 3488; x_wconf 70' lang='lat' dir='ltr'><strong>penderes</strong></span> <span class='ocrx_word' id='word_1_355' title='bbox 846 3426 1020 3489; x_wconf 69' lang='lat' dir='ltr'><strong>suspensus</strong></span> <span class='ocrx_word' id='word_1_356' title='bbox 1075 3430 1168 3496; x_wconf 88' lang='lat' dir='ltr'><strong>passo</strong></span> <span class='ocrx_word' id='word_1_357' title='bbox 1182 3410 1295 3473; x_wconf 90' lang='lat' dir='ltr'><strong>intime</strong></span> <span class='ocrx_word' id='word_1_358' title='bbox 1311 3408 1492 3487; x_wconf 87' lang='lat' dir='ltr'><strong>condolere,</strong></span> <span class='ocrx_word' id='word_1_359' title='bbox 1509 3414 1542 3469; x_wconf 90' lang='lat' dir='ltr'><strong>et</strong></span> <span class='ocrx_word' id='word_1_360' title='bbox 1556 3424 1614 3487; x_wconf 91' lang='lat' dir='ltr'><strong>pro</strong></span> <span class='ocrx_word' id='word_1_361' title='bbox 1629 3405 1684 3468; x_wconf 90' lang='lat' dir='ltr'><strong>illo</strong></span> <span class='ocrx_word' id='word_1_362' title='bbox 1700 3413 1755 3467; x_wconf 88' lang='lat' dir='ltr'><strong>aut</strong></span> <span class='ocrx_word' id='word_1_363' title='bbox 1768 3404 1825 3467; x_wconf 92' lang='lat' dir='ltr'><strong>illo</strong></span> 
     </span>
     <span class='ocr_line' id='line_1_31' title="bbox 263 3503 1271 3589; baseline 0.002 -21"><span class='ocrx_word' id='word_1_364' title='bbox 263 3508 311 3571; x_wconf 73' lang='lat' dir='ltr'><strong>ad</strong></span> <span class='ocrx_word' id='word_1_365' title='bbox 335 3506 455 3589; x_wconf 78' lang='lat' dir='ltr'><strong>puum,</strong></span> <span class='ocrx_word' id='word_1_366' title='bbox 470 3512 537 3568; x_wconf 89' lang='lat' dir='ltr'><strong>toto</strong></span> <span class='ocrx_word' id='word_1_367' title='bbox 557 3522 690 3586; x_wconf 89' lang='lat' dir='ltr'><strong>corpore</strong></span> <span class='ocrx_word' id='word_1_368' title='bbox 711 3503 782 3568; x_wconf 92' lang='lat' dir='ltr'><strong>sine</strong></span> <span class='ocrx_word' id='word_1_369' title='bbox 803 3504 1020 3569; x_wconf 86' lang='lat' dir='ltr'><strong>sustentaculo</strong></span> <span class='ocrx_word' id='word_1_370' title='bbox 1074 3510 1188 3574; x_wconf 82' lang='lat' dir='ltr'><strong>exaudi</strong></span> <span class='ocrx_word' id='word_1_371' title='bbox 1210 3528 1271 3571; x_wconf 92' lang='lat' dir='ltr'><strong>me.</strong></span> 
     </span>
     <span class='ocr_line' id='line_1_32' title="bbox 263 3602 1019 3687; baseline -0.005 -18"><span class='ocrx_word' id='word_1_372' title='bbox 263 3605 483 3687; x_wconf 88' lang='lat' dir='ltr'><strong>dependente.</strong></span> <span class='ocrx_word' id='word_1_373' title='bbox 503 3604 639 3666; x_wconf 83' lang='lat' dir='ltr'><strong>Advorte</strong></span> <span class='ocrx_word' id='word_1_374' title='bbox 659 3602 794 3685; x_wconf 87' lang='lat' dir='ltr'><strong>qualiter</strong></span> <span class='ocrx_word' id='word_1_375' title='bbox 813 3603 1019 3684; x_wconf 90' lang='lat' dir='ltr'><strong>torquereris,</strong></span> 
     </span>
     <span class='ocr_line' id='line_1_33' title="bbox 265 3700 1612 3825; baseline -0.002 -58"><span class='ocrx_word' id='word_1_376' title='bbox 265 3704 299 3767; x_wconf 88' lang='lat' dir='ltr'><strong>si</strong></span> <span class='ocrx_word' id='word_1_377' title='bbox 314 3702 428 3784; x_wconf 77' lang='lat' dir='ltr'><strong>flagris</strong></span> <span class='ocrx_word' id='word_1_378' title='bbox 446 3709 478 3765; x_wconf 88' lang='lat' dir='ltr'><strong>et</strong></span> <span class='ocrx_word' id='word_1_379' title='bbox 494 3700 636 3763; x_wconf 89' lang='lat' dir='ltr'><strong>llammis</strong></span> <span class='ocrx_word' id='word_1_380' title='bbox 653 3709 709 3763; x_wconf 91' lang='lat' dir='ltr'><strong>tua</strong></span> <span class='ocrx_word' id='word_1_381' title='bbox 722 3700 821 3764; x_wconf 88' lang='lat' dir='ltr'><strong>latera</strong></span> <span class='ocrx_word' id='word_1_382' title='bbox 839 3710 1018 3781; x_wconf 89' lang='lat' dir='ltr'><strong>urerentur,</strong></span> <span class='ocrx_word' id='word_1_383' title='bbox 1271 3758 1516 3825; x_wconf 69' lang='lat' dir='ltr'><strong>ARTICULUS</strong></span> <span class='ocrx_word' id='word_1_384' title='bbox 1545 3756 1612 3821; x_wconf 71' lang='grc' dir='ltr'><strong>ΧΠ</strong></span> 
     </span>
     <span class='ocr_line' id='line_1_34' title="bbox 264 3799 1623 3882; baseline -0.002 -17"><span class='ocrx_word' id='word_1_385' title='bbox 264 3803 300 3865; x_wconf 89' lang='lat' dir='ltr'><strong>si</strong></span> <span class='ocrx_word' id='word_1_386' title='bbox 325 3819 438 3865; x_wconf 82' lang='lat' dir='ltr'><strong>earnes</strong></span> <span class='ocrx_word' id='word_1_387' title='bbox 462 3809 523 3863; x_wconf 78' lang='lat' dir='ltr'><strong>tuas</strong></span> <span class='ocrx_word' id='word_1_388' title='bbox 546 3800 660 3863; x_wconf 89' lang='lat' dir='ltr'><strong>lerreis</strong></span> <span class='ocrx_word' id='word_1_389' title='bbox 683 3799 899 3863; x_wconf 88' lang='lat' dir='ltr'><strong>lacerarentur</strong></span> <span class='ocrx_word' id='word_1_390' title='bbox 922 3799 1021 3882; x_wconf 87' lang='lat' dir='ltr'><strong>pecti·</strong></span> <span class='ocrx_word' id='word_1_391' title='bbox 1616 3803 1623 3819; x_wconf 88' lang='lat'>&#39;</span> 
     </span>
     <span class='ocr_line' id='line_1_35' title="bbox 264 3897 1827 3982; baseline -0.004 -13"><span class='ocrx_word' id='word_1_392' title='bbox 264 3901 381 3978; x_wconf 87' lang='lat' dir='ltr'><strong>nibus,</strong></span> <span class='ocrx_word' id='word_1_393' title='bbox 396 3905 429 3962; x_wconf 84' lang='lat' dir='ltr'><strong>et</strong></span> <span class='ocrx_word' id='word_1_394' title='bbox 447 3918 543 3982; x_wconf 78' lang='lat' dir='ltr'><strong>super</strong></span> <span class='ocrx_word' id='word_1_395' title='bbox 560 3897 746 3962; x_wconf 73' lang='lat' dir='ltr'><strong>craticulam</strong></span> <span class='ocrx_word' id='word_1_396' title='bbox 765 3907 948 3962; x_wconf 72' lang='grc'><strong>1111101111</strong></span> <span class='ocrx_word' id='word_1_397' title='bbox 967 3918 1020 3961; x_wconf 74' lang='lat' dir='ltr'><strong>us</strong></span> <span class='ocrx_word' id='word_1_398' title='bbox 1076 3912 1228 3982; x_wconf 75' lang='lat' dir='ltr'><strong>Qualiter</strong></span> <span class='ocrx_word' id='word_1_399' title='bbox 1246 3908 1494 3969; x_wconf 77' lang='lat' dir='ltr'><strong>rememorando</strong></span> <span class='ocrx_word' id='word_1_400' title='bbox 1512 3908 1556 3965; x_wconf 77' lang='lat' dir='ltr'><strong>sit</strong></span> <span class='ocrx_word' id='word_1_401' title='bbox 1571 3904 1681 3981; x_wconf 67' lang='lat' dir='ltr'><strong>pateo</strong></span> <span class='ocrx_word' id='word_1_402' title='bbox 1700 3902 1827 3965; x_wconf 70' lang='lat' dir='ltr'><strong>cartica·</strong></span> 
     </span>
     <span class='ocr_line' id='line_1_36' title="bbox 263 3996 1589 4082; baseline -0.005 -21"><span class='ocrx_word' id='word_1_403' title='bbox 263 4018 337 4082; x_wconf 84' lang='lat' dir='ltr'><strong>que</strong></span> <span class='ocrx_word' id='word_1_404' title='bbox 369 3998 567 4062; x_wconf 89' lang='lat' dir='ltr'><strong>internorum</strong></span> <span class='ocrx_word' id='word_1_405' title='bbox 602 3996 753 4060; x_wconf 92' lang='lat' dir='ltr'><strong>intuitum</strong></span> <span class='ocrx_word' id='word_1_406' title='bbox 784 3996 957 4076; x_wconf 85' lang='lat' dir='ltr'><strong>viscerum,</strong></span> <span class='ocrx_word' id='word_1_407' title='bbox 986 4006 1023 4061; x_wconf 91' lang='lat' dir='ltr'><strong>ut</strong></span> <span class='ocrx_word' id='word_1_408' title='bbox 1309 3999 1354 4057; x_wconf 80' lang='lat' dir='ltr'><strong>ad</strong></span> <span class='ocrx_word' id='word_1_409' title='bbox 1375 3996 1589 4056; x_wconf 80' lang='lat' dir='ltr'><strong>imitandum.</strong></span> 
     </span>
     <span class='ocr_line' id='line_1_37' title="bbox 263 4092 1022 4179; baseline -0.004 -21"><span class='ocrx_word' id='word_1_410' title='bbox 263 4094 464 4179; x_wconf 88' lang='lat' dir='ltr'><strong>quibusdam</strong></span> <span class='ocrx_word' id='word_1_411' title='bbox 478 4092 600 4157; x_wconf 87' lang='lat' dir='ltr'><strong>lactum</strong></span> <span class='ocrx_word' id='word_1_412' title='bbox 621 4095 686 4157; x_wconf 89' lang='lat' dir='ltr'><strong>scis</strong></span> <span class='ocrx_word' id='word_1_413' title='bbox 706 4112 777 4157; x_wconf 89' lang='lat' dir='ltr'><strong>esse</strong></span> <span class='ocrx_word' id='word_1_414' title='bbox 797 4094 943 4177; x_wconf 88' lang='lat' dir='ltr'><strong>gloriosis</strong></span> <span class='ocrx_word' id='word_1_415' title='bbox 957 4092 1022 4157; x_wconf 88' lang='lat' dir='ltr'><strong>lor-</strong></span> 
     </span>
     <span class='ocr_line' id='line_1_38' title="bbox 263 4187 1826 4275; baseline -0.006 -15"><span class='ocrx_word' id='word_1_416' title='bbox 263 4193 469 4275; x_wconf 86' lang='lat' dir='ltr'><strong>tissimisque</strong></span> <span class='ocrx_word' id='word_1_417' title='bbox 484 4193 686 4275; x_wconf 80' lang='lat' dir='ltr'><strong>martyribus.</strong></span> <span class='ocrx_word' id='word_1_418' title='bbox 701 4194 800 4268; x_wconf 82' lang='lat' dir='ltr'><strong>Quam</strong></span> <span class='ocrx_word' id='word_1_419' title='bbox 814 4211 947 4275; x_wconf 74' lang='lat' dir='ltr'><strong>poeuusa</strong></span> <span class='ocrx_word' id='word_1_420' title='bbox 960 4191 1061 4261; x_wconf 83' lang='lat' dir='ltr'><strong>luitp</strong></span> <span class='ocrx_word' id='word_1_421' title='bbox 1117 4196 1288 4259; x_wconf 74' lang='lat' dir='ltr'><strong>Saavsroa.</strong></span> <span class='ocrx_word' id='word_1_422' title='bbox 1305 4228 1345 4239; x_wconf 98' lang='lat'>-</span> <span class='ocrx_word' id='word_1_423' title='bbox 1360 4192 1554 4273; x_wconf 82' lang='lat' dir='ltr'><strong>Frequenter</strong></span> <span class='ocrx_word' id='word_1_424' title='bbox 1572 4187 1677 4271; x_wconf 85' lang='lat' dir='ltr'><strong>legisti</strong></span> <span class='ocrx_word' id='word_1_425' title='bbox 1691 4187 1826 4251; x_wconf 76' lang='grc'><strong>0100111-</strong></span> 
     </span>
     <span class='ocr_line' id='line_1_39' title="bbox 264 4285 1970 4374; baseline -0.01 -15"><span class='ocrx_word' id='word_1_426' title='bbox 264 4292 448 4359; x_wconf 82' lang='lat' dir='ltr'><strong>excoriatio</strong></span> <span class='ocrx_word' id='word_1_427' title='bbox 474 4293 576 4356; x_wconf 88' lang='lat' dir='ltr'><strong>sancti</strong></span> <span class='ocrx_word' id='word_1_428' title='bbox 600 4301 633 4356; x_wconf 89' lang='grc'><strong>01</strong></span> <span class='ocrx_word' id='word_1_429' title='bbox 655 4292 766 4373; x_wconf 81' lang='lat' dir='ltr'><strong>inclyti</strong></span> <span class='ocrx_word' id='word_1_430' title='bbox 793 4291 857 4355; x_wconf 89' lang='lat' dir='ltr'><strong>mei</strong></span> <span class='ocrx_word' id='word_1_431' title='bbox 886 4290 1021 4374; x_wconf 88' lang='lat' dir='ltr'><strong>apostoli</strong></span> <span class='ocrx_word' id='word_1_432' title='bbox 1077 4294 1117 4359; x_wconf 89' lang='lat' dir='ltr'><strong>sti</strong></span> <span class='ocrx_word' id='word_1_433' title='bbox 1135 4317 1142 4356; x_wconf 92' lang='lat'>:</span> <span class='ocrx_word' id='word_1_434' title='bbox 1158 4292 1216 4369; x_wconf 84' lang='lat' dir='ltr'><strong>Qui</strong></span> <span class='ocrx_word' id='word_1_435' title='bbox 1230 4310 1264 4354; x_wconf 91' lang='lat' dir='ltr'><strong>se</strong></span> <span class='ocrx_word' id='word_1_436' title='bbox 1279 4290 1356 4353; x_wconf 90' lang='lat' dir='ltr'><strong>dicit</strong></span> <span class='ocrx_word' id='word_1_437' title='bbox 1375 4288 1409 4352; x_wconf 94' lang='lat' dir='ltr'><strong>in</strong></span> <span class='ocrx_word' id='word_1_438' title='bbox 1430 4288 1553 4352; x_wconf 86' lang='lat' dir='ltr'><strong>Christo</strong></span> <span class='ocrx_word' id='word_1_439' title='bbox 1574 4305 1715 4365; x_wconf 87' lang='lat' dir='ltr'><strong>manere,</strong></span> <span class='ocrx_word' id='word_1_440' title='bbox 1731 4285 1826 4351; x_wconf 89' lang='lat' dir='ltr'><strong>debet</strong></span> <span class='ocrx_word' id='word_1_441' title='bbox 1839 4300 1970 4355; x_wconf 60' lang='lat' dir='ltr'><strong>tamma,</strong></span> 
     </span>
     <span class='ocr_line' id='line_1_40' title="bbox 264 4366 1858 4475; baseline -0.01 -15"><span class='ocrx_word' id='word_1_442' title='bbox 264 4390 515 4460; x_wconf 77' lang='lat' dir='ltr'><strong>Buuolomaeit</strong></span> <span class='ocrx_word' id='word_1_443' title='bbox 540 4390 639 4465; x_wconf 85' lang='lat' dir='ltr'><strong>Quam</strong></span> <span class='ocrx_word' id='word_1_444' title='bbox 667 4392 862 4475; x_wconf 88' lang='lat' dir='ltr'><strong>suppliciosa</strong></span> <span class='ocrx_word' id='word_1_445' title='bbox 888 4391 949 4455; x_wconf 88' lang='lat' dir='ltr'><strong>luit</strong></span> <span class='ocrx_word' id='word_1_446' title='bbox 975 4392 1024 4455; x_wconf 92' lang='lat' dir='ltr'><strong>di·</strong></span> <span class='ocrx_word' id='word_1_447' title='bbox 1077 4394 1159 4457; x_wconf 87' lang='lat' dir='ltr'><strong>siout</strong></span> <span class='ocrx_word' id='word_1_448' title='bbox 1175 4390 1229 4454; x_wconf 90' lang='lat' dir='ltr'><strong>ille</strong></span> <span class='ocrx_word' id='word_1_449' title='bbox 1244 4387 1419 4453; x_wconf 83' lang='lat' dir='ltr'><strong>ambulavit</strong></span> <span class='ocrx_word' id='word_1_450' title='bbox 1432 4393 1465 4449; x_wconf 89' lang='lat' dir='ltr'><strong>et</strong></span> <span class='ocrx_word' id='word_1_451' title='bbox 1479 4385 1547 4468; x_wconf 91' lang='lat' dir='ltr'><strong>ipse</strong></span> <span class='ocrx_word' id='word_1_452' title='bbox 1563 4384 1736 4447; x_wconf 87' lang='lat' dir='ltr'><strong>ambulare.</strong></span> <span class='ocrx_word' id='word_1_453' title='bbox 1753 4383 1825 4445; x_wconf 88' lang='lat' dir='ltr'><strong>Por-</strong></span> <span class='ocrx_word' id='word_1_454' title='bbox 1837 4366 1858 4407; x_wconf 79' lang='lat'><strong>⁶·</strong></span> 
     </span>
     <span class='ocr_line' id='line_1_41' title="bbox 265 4480 1827 4572; baseline -0.01 -13"><span class='ocrx_word' id='word_1_455' title='bbox 265 4492 465 4559; x_wconf 88' lang='lat' dir='ltr'><strong>membratio</strong></span> <span class='ocrx_word' id='word_1_456' title='bbox 491 4490 600 4555; x_wconf 77' lang='lat' dir='ltr'><strong>iacobi</strong></span> <span class='ocrx_word' id='word_1_457' title='bbox 627 4490 782 4572; x_wconf 87' lang='lat' dir='ltr'><strong>intercisi,</strong></span> <span class='ocrx_word' id='word_1_458' title='bbox 807 4490 924 4555; x_wconf 84' lang='lat' dir='ltr'><strong>excisio</strong></span> <span class='ocrx_word' id='word_1_459' title='bbox 947 4492 1024 4555; x_wconf 89' lang='lat' dir='ltr'><strong>ube·</strong></span> <span class='ocrx_word' id='word_1_460' title='bbox 1078 4512 1113 4557; x_wconf 90' lang='lat' dir='ltr'><strong>ro</strong></span> <span class='ocrx_word' id='word_1_461' title='bbox 1138 4487 1309 4555; x_wconf 90' lang='lat' dir='ltr'><strong>ambulatio</strong></span> <span class='ocrx_word' id='word_1_462' title='bbox 1334 4486 1392 4548; x_wconf 89' lang='lat' dir='ltr'><strong>ista</strong></span> <span class='ocrx_word' id='word_1_463' title='bbox 1416 4492 1465 4547; x_wconf 91' lang='lat' dir='ltr'><strong>est</strong></span> <span class='ocrx_word' id='word_1_464' title='bbox 1490 4483 1689 4547; x_wconf 89' lang='lat' dir='ltr'><strong>conversatio</strong></span> <span class='ocrx_word' id='word_1_465' title='bbox 1709 4480 1827 4544; x_wconf 85' lang='lat' dir='ltr'><strong>virtuo-</strong></span> 
     </span>
     <span class='ocr_line' id='line_1_42' title="bbox 265 4579 1823 4673; baseline -0.011 -15"><span class='ocrx_word' id='word_1_466' title='bbox 265 4612 348 4658; x_wconf 88' lang='lat' dir='ltr'><strong>rum</strong></span> <span class='ocrx_word' id='word_1_467' title='bbox 372 4591 407 4652; x_wconf 93' lang='lat' dir='ltr'><strong>in</strong></span> <span class='ocrx_word' id='word_1_468' title='bbox 430 4589 621 4673; x_wconf 89' lang='lat' dir='ltr'><strong>quibusdam</strong></span> <span class='ocrx_word' id='word_1_469' title='bbox 643 4590 744 4653; x_wconf 87' lang='lat' dir='ltr'><strong>sacris</strong></span> <span class='ocrx_word' id='word_1_470' title='bbox 763 4590 962 4671; x_wconf 75' lang='lat' dir='ltr'><strong>virginibus!</strong></span> <span class='ocrx_word' id='word_1_471' title='bbox 985 4589 1025 4652; x_wconf 83' lang='lat' dir='ltr'><strong>Et</strong></span> <span class='ocrx_word' id='word_1_472' title='bbox 1078 4610 1125 4670; x_wconf 91' lang='lat' dir='ltr'><strong>sa,</strong></span> <span class='ocrx_word' id='word_1_473' title='bbox 1145 4606 1215 4672; x_wconf 78' lang='lat' dir='ltr'><strong>quaa</strong></span> <span class='ocrx_word' id='word_1_474' title='bbox 1238 4584 1384 4650; x_wconf 89' lang='lat' dir='ltr'><strong>consistit</strong></span> <span class='ocrx_word' id='word_1_475' title='bbox 1407 4600 1471 4646; x_wconf 92' lang='lat' dir='ltr'><strong>non</strong></span> <span class='ocrx_word' id='word_1_476' title='bbox 1492 4582 1595 4645; x_wconf 91' lang='lat' dir='ltr'><strong>solum</strong></span> <span class='ocrx_word' id='word_1_477' title='bbox 1625 4580 1659 4642; x_wconf 92' lang='lat' dir='ltr'><strong>in</strong></span> <span class='ocrx_word' id='word_1_478' title='bbox 1689 4579 1823 4663; x_wconf 87' lang='lat' dir='ltr'><strong>agendo,</strong></span> 
     </span>
     <span class='ocr_line' id='line_1_43' title="bbox 265 4678 1827 4762; baseline -0.01 -5"><span class='ocrx_word' id='word_1_479' title='bbox 265 4705 383 4757; x_wconf 81' lang='lat' dir='ltr'><strong>tamen</strong></span> <span class='ocrx_word' id='word_1_480' title='bbox 403 4691 524 4754; x_wconf 89' lang='lat' dir='ltr'><strong>nullius</strong></span> <span class='ocrx_word' id='word_1_481' title='bbox 545 4690 673 4755; x_wconf 91' lang='lat' dir='ltr'><strong>illorum</strong></span> <span class='ocrx_word' id='word_1_482' title='bbox 697 4688 834 4753; x_wconf 87' lang='lat' dir='ltr'><strong>alllictio</strong></span> <span class='ocrx_word' id='word_1_483' title='bbox 856 4697 942 4752; x_wconf 88' lang='lat' dir='ltr'><strong>tanta</strong></span> <span class='ocrx_word' id='word_1_484' title='bbox 964 4688 1025 4751; x_wconf 88' lang='lat' dir='ltr'><strong>luit</strong></span> <span class='ocrx_word' id='word_1_485' title='bbox 1078 4688 1245 4753; x_wconf 85' lang='lat' dir='ltr'><strong>sedetiam</strong></span> <span class='ocrx_word' id='word_1_486' title='bbox 1266 4685 1299 4747; x_wconf 93' lang='lat' dir='ltr'><strong>in</strong></span> <span class='ocrx_word' id='word_1_487' title='bbox 1319 4682 1504 4746; x_wconf 90' lang='lat' dir='ltr'><strong>sustinendo</strong></span> <span class='ocrx_word' id='word_1_488' title='bbox 1525 4678 1743 4762; x_wconf 79' lang='lat' dir='ltr'><strong>equanimiter</strong></span> <span class='ocrx_word' id='word_1_489' title='bbox 1761 4696 1827 4741; x_wconf 88' lang='lat' dir='ltr'><strong>ma-</strong></span> 
     </span>
     <span class='ocr_line' id='line_1_44' title="bbox 264 4777 1981 4872; baseline -0.01 -16"><span class='ocrx_word' id='word_1_490' title='bbox 264 4801 311 4857; x_wconf 85' lang='lat' dir='ltr'><strong>ut</strong></span> <span class='ocrx_word' id='word_1_491' title='bbox 341 4809 424 4853; x_wconf 89' lang='lat' dir='ltr'><strong>mea.</strong></span> <span class='ocrx_word' id='word_1_492' title='bbox 454 4790 618 4872; x_wconf 73' lang='lat' dir='ltr'><strong>coniunge</strong></span> <span class='ocrx_word' id='word_1_493' title='bbox 642 4807 769 4871; x_wconf 88' lang='lat' dir='ltr'><strong>quoque</strong></span> <span class='ocrx_word' id='word_1_494' title='bbox 797 4797 828 4850; x_wconf 90' lang='grc'><strong>10</strong></span> <span class='ocrx_word' id='word_1_495' title='bbox 855 4786 936 4851; x_wconf 92' lang='lat' dir='ltr'><strong>mibi</strong></span> <span class='ocrx_word' id='word_1_496' title='bbox 967 4806 1025 4869; x_wconf 90' lang='lat' dir='ltr'><strong>per</strong></span> <span class='ocrx_word' id='word_1_497' title='bbox 1079 4789 1121 4867; x_wconf 89' lang='lat' dir='ltr'><strong>la,</strong></span> <span class='ocrx_word' id='word_1_498' title='bbox 1143 4794 1236 4869; x_wconf 91' lang='lat' dir='ltr'><strong>prout</strong></span> <span class='ocrx_word' id='word_1_499' title='bbox 1259 4800 1369 4847; x_wconf 89' lang='lat' dir='ltr'><strong>rursus</strong></span> <span class='ocrx_word' id='word_1_500' title='bbox 1393 4779 1497 4861; x_wconf 83' lang='lat' dir='ltr'><strong>legisti</strong></span> <span class='ocrx_word' id='word_1_501' title='bbox 1519 4777 1690 4841; x_wconf 85' lang='lat' dir='ltr'><strong>:Christus</strong></span> <span class='ocrx_word' id='word_1_502' title='bbox 1715 4794 1981 4858; x_wconf 73' lang='lat' dir='ltr'><strong>passusrreumat.</strong></span> 
     </span>
     <span class='ocr_line' id='line_1_45' title="bbox 264 4874 1826 4967; baseline -0.013 -11"><span class='ocrx_word' id='word_1_503' title='bbox 264 4890 432 4957; x_wconf 83' lang='lat' dir='ltr'><strong>fervidam</strong></span> <span class='ocrx_word' id='word_1_504' title='bbox 448 4890 624 4967; x_wconf 74' lang='lat' dir='ltr'><strong>cantatam,</strong></span> <span class='ocrx_word' id='word_1_505' title='bbox 640 4897 672 4951; x_wconf 90' lang='lat' dir='ltr'><strong>et</strong></span> <span class='ocrx_word' id='word_1_506' title='bbox 686 4886 791 4951; x_wconf 90' lang='lat' dir='ltr'><strong>recole</strong></span> <span class='ocrx_word' id='word_1_507' title='bbox 806 4904 858 4948; x_wconf 89' lang='lat' dir='ltr'><strong>me</strong></span> <span class='ocrx_word' id='word_1_508' title='bbox 876 4886 974 4948; x_wconf 86' lang='lat' dir='ltr'><strong>talem</strong></span> <span class='ocrx_word' id='word_1_509' title='bbox 987 4904 1025 4948; x_wconf 87' lang='lat' dir='ltr'><strong>ac</strong></span> <span class='ocrx_word' id='word_1_510' title='bbox 1079 4894 1129 4951; x_wconf 90' lang='lat' dir='ltr'><strong>est</strong></span> <span class='ocrx_word' id='word_1_511' title='bbox 1143 4903 1199 4967; x_wconf 93' lang='lat' dir='ltr'><strong>pro</strong></span> <span class='ocrx_word' id='word_1_512' title='bbox 1214 4880 1319 4958; x_wconf 90' lang='lat' dir='ltr'><strong>nobis,</strong></span> <span class='ocrx_word' id='word_1_513' title='bbox 1328 4878 1419 4943; x_wconf 92' lang='lat' dir='ltr'><strong>vobis</strong></span> <span class='ocrx_word' id='word_1_514' title='bbox 1434 4877 1618 4957; x_wconf 91' lang='lat' dir='ltr'><strong>relinquens</strong></span> <span class='ocrx_word' id='word_1_515' title='bbox 1632 4874 1826 4956; x_wconf 83' lang='lat' dir='ltr'><strong>exemplum,</strong></span> 
     </span>
     <span class='ocr_line' id='line_1_46' title="bbox 265 4974 1828 5071; baseline -0.014 -16"><span class='ocrx_word' id='word_1_516' title='bbox 265 4999 401 5055; x_wconf 82' lang='lat' dir='ltr'><strong>tantum</strong></span> <span class='ocrx_word' id='word_1_517' title='bbox 429 4997 545 5052; x_wconf 86' lang='lat' dir='ltr'><strong>cuncta</strong></span> <span class='ocrx_word' id='word_1_518' title='bbox 571 5006 759 5071; x_wconf 88' lang='lat' dir='ltr'><strong>perpessum</strong></span> <span class='ocrx_word' id='word_1_519' title='bbox 789 4987 832 5050; x_wconf 92' lang='lat' dir='ltr'><strong>ob</strong></span> <span class='ocrx_word' id='word_1_520' title='bbox 862 4993 950 5048; x_wconf 90' lang='lat' dir='ltr'><strong>tuam</strong></span> <span class='ocrx_word' id='word_1_521' title='bbox 978 5004 1026 5047; x_wconf 88' lang='lat' dir='ltr'><strong>sa·</strong></span> <span class='ocrx_word' id='word_1_522' title='bbox 1081 4992 1116 5049; x_wconf 91' lang='lat' dir='ltr'><strong>ut</strong></span> <span class='ocrx_word' id='word_1_523' title='bbox 1134 4978 1310 5065; x_wconf 89' lang='lat' dir='ltr'><strong>sequamini</strong></span> <span class='ocrx_word' id='word_1_524' title='bbox 1336 4977 1469 5058; x_wconf 92' lang='lat' dir='ltr'><strong>vestigia</strong></span> <span class='ocrx_word' id='word_1_525' title='bbox 1492 4976 1573 5056; x_wconf 90' lang='lat' dir='ltr'><strong>ejus.</strong></span> <span class='ocrx_word' id='word_1_526' title='bbox 1591 4974 1728 5055; x_wconf 90' lang='lat' dir='ltr'><strong>Sequere</strong></span> <span class='ocrx_word' id='word_1_527' title='bbox 1752 4989 1828 5053; x_wconf 89' lang='lat' dir='ltr'><strong>ergo</strong></span> 
     </span>
     <span class='ocr_line' id='line_1_47' title="bbox 264 5070 1830 5164; baseline -0.015 -10"><span class='ocrx_word' id='word_1_528' title='bbox 264 5092 389 5156; x_wconf 83' lang='lat' dir='ltr'><strong>lutam.</strong></span> <span class='ocrx_word' id='word_1_529' title='bbox 1082 5082 1217 5164; x_wconf 91' lang='lat' dir='ltr'><strong>vestigia</strong></span> <span class='ocrx_word' id='word_1_530' title='bbox 1245 5096 1327 5157; x_wconf 87' lang='lat' dir='ltr'><strong>mea,</strong></span> <span class='ocrx_word' id='word_1_531' title='bbox 1350 5083 1505 5159; x_wconf 90' lang='lat' dir='ltr'><strong>quantum</strong></span> <span class='ocrx_word' id='word_1_532' title='bbox 1530 5071 1706 5156; x_wconf 83' lang='lat' dir='ltr'><strong>opitulante</strong></span> <span class='ocrx_word' id='word_1_533' title='bbox 1730 5070 1830 5151; x_wconf 90' lang='lat' dir='ltr'><strong>gratia</strong></span> 
     </span>
     <span class='ocr_line' id='line_1_48' title="bbox 312 5168 1832 5268; baseline -0.015 -15"><span class='ocrx_word' id='word_1_534' title='bbox 312 5192 488 5253; x_wconf 71' lang='lat' dir='ltr'><strong>Sarranus.</strong></span> <span class='ocrx_word' id='word_1_535' title='bbox 510 5224 551 5233; x_wconf 98' lang='lat'><em>-</em></span> <span class='ocrx_word' id='word_1_536' title='bbox 571 5186 663 5268; x_wconf 81' lang='lat' dir='ltr'><strong>Vere,</strong></span> <span class='ocrx_word' id='word_1_537' title='bbox 686 5184 731 5248; x_wconf 91' lang='lat' dir='ltr'><strong>mi</strong></span> <span class='ocrx_word' id='word_1_538' title='bbox 754 5184 898 5264; x_wconf 86' lang='lat' dir='ltr'><strong>Domine,</strong></span> <span class='ocrx_word' id='word_1_539' title='bbox 925 5181 1028 5247; x_wconf 80' lang='lat' dir='ltr'><strong>fateor</strong></span> <span class='ocrx_word' id='word_1_540' title='bbox 1082 5182 1139 5246; x_wconf 92' lang='lat' dir='ltr'><strong>tibi</strong></span> <span class='ocrx_word' id='word_1_541' title='bbox 1159 5177 1310 5262; x_wconf 90' lang='lat' dir='ltr'><strong>possibile</strong></span> <span class='ocrx_word' id='word_1_542' title='bbox 1332 5182 1391 5254; x_wconf 92' lang='lat' dir='ltr'><strong>est,</strong></span> <span class='ocrx_word' id='word_1_543' title='bbox 1408 5175 1506 5237; x_wconf 87' lang='lat' dir='ltr'><strong>Deum</strong></span> <span class='ocrx_word' id='word_1_544' title='bbox 1528 5169 1743 5234; x_wconf 91' lang='lat' dir='ltr'><strong>indesinenter</strong></span> <span class='ocrx_word' id='word_1_545' title='bbox 1764 5168 1832 5230; x_wconf 86' lang='lat' dir='ltr'><strong>lau-</strong></span> 
     </span>
     <span class='ocr_line' id='line_1_49' title="bbox 260 5265 1830 5377; baseline -0.013 -27"><span class='ocrx_word' id='word_1_546' title='bbox 260 5289 361 5377; x_wconf 86' lang='lat' dir='ltr'><strong>quod</strong></span> <span class='ocrx_word' id='word_1_547' title='bbox 388 5288 444 5371; x_wconf 89' lang='lat' dir='ltr'><strong>qni</strong></span> <span class='ocrx_word' id='word_1_548' title='bbox 472 5293 670 5350; x_wconf 86' lang='lat' dir='ltr'><strong>assuesceret</strong></span> <span class='ocrx_word' id='word_1_549' title='bbox 697 5293 785 5348; x_wconf 91' lang='lat' dir='ltr'><strong>tuam</strong></span> <span class='ocrx_word' id='word_1_550' title='bbox 810 5282 1029 5348; x_wconf 87' lang='lat' dir='ltr'><strong>benedictissi-</strong></span> <span class='ocrx_word' id='word_1_551' title='bbox 1083 5278 1199 5358; x_wconf 90' lang='lat' dir='ltr'><strong>dando,</strong></span> <span class='ocrx_word' id='word_1_552' title='bbox 1224 5276 1356 5355; x_wconf 89' lang='lat' dir='ltr'><strong>orando,</strong></span> <span class='ocrx_word' id='word_1_553' title='bbox 1383 5270 1548 5334; x_wconf 86' lang='lat' dir='ltr'><strong>sinceriter</strong></span> <span class='ocrx_word' id='word_1_554' title='bbox 1572 5265 1830 5348; x_wconf 88' lang='lat' dir='ltr'><strong>contemplando,</strong></span> 
     </span>
    </p>
   </div>
   <div class='ocr_carea' id='block_1_3' title="bbox 401 5400 1707 5475">
    <p class='ocr_par' dir='ltr' id='par_1_3' title="bbox 401 5400 1707 5475">
     <span class='ocr_line' id='line_1_50' title="bbox 401 5400 1707 5475; baseline -0.004 0"><span class='ocrx_word' id='word_1_555' title='bbox 401 5418 436 5475; x_wconf 82' lang='grc' dir='ltr'><strong>τ.</strong></span> <span class='ocrx_word' id='word_1_556' title='bbox 453 5423 494 5473; x_wconf 83' lang='lat' dir='ltr'><strong>ss.</strong></span> <span class='ocrx_word' id='word_1_557' title='bbox 1675 5400 1707 5455; x_wconf 75' lang='lat'><strong>19</strong></span> 
     </span>
    </p>
   </div>
   <div class='ocr_carea' id='block_1_4' title="bbox 0 0 2171 6259">
    <p class='ocr_par' dir='ltr' id='par_1_4' title="bbox 0 0 2171 6259">
     <span class='ocr_line' id='line_1_51' title="bbox 0 0 2171 6259; baseline 0 0"><span class='ocrx_word' id='word_1_558' title='bbox 0 0 2171 6259; x_wconf 95' lang='lat' dir='ltr'><strong> </strong></span> 
     </span>
    </p>
   </div>
  </div>
 </body>
</html>
