4309 6259
445 476 502 541 tol
767 492 806 539 nu
827 493 916 541 nouis
937 492 1072 539 srmrrus
1094 490 1212 553 saut-rr,
1234 489 1409 537 raimerus
1431 492 1452 536 r.
1475 510 1515 519 -
1535 485 1605 536 aar.
1627 492 1671 536 vn

443 663 488 727 tio
503 670 596 745 atque
611 660 781 725 instinctus
801 660 968 724 sublimior
986 669 1035 722 est
1049 659 1191 722 motione
1206 660 1231 721 A
1246 657 1330 740 pulis
1345 658 1629 722 dixitzParaclctus
1644 666 1749 722 autem
1764 658 1902 741 Spiritus
1917 659 1989 721 San·
1999 690 2092 735 rm
2115 737 2116 744 ἵ

444 761 587 839 rationis,
608 760 646 823 ad
669 758 762 840 cujus
784 757 944 839 sequelam
967 776 1023 819 seu
1044 754 1192 819 direct-ic-
1247 765 1328 835 ctus,
1350 776 1444 837 quem
1467 758 1570 819 mittet
1591 758 1681 820 Pater
1702 757 1735 818 in
1757 758 1887 822 nomine
1909 756 2026 835 meo,²‘·
2115 749 2116 760 ’

444 878 518 921 uem
552 858 739 921 ordinantur
767 857 899 919 virtutes
933 856 1069 918 morales
1098 863 1192 935 atque
1246 854 1300 916 ille
1320 854 1447 917 docebit
1465 873 1522 918 vos
1541 854 1648 917 omnia
1667 863 1699 917 et
1719 864 1867 937 suggeret
1887 855 1987 918 vobis.

445 956 624 1039 prudentia,
641 974 773 1037 quarum
797 953 874 1016 finis
896 962 944 1016 est
963 954 1068 1015 facere
1089 952 1193 1014 bomi—
1246 951 1285 1012 Et
1302 952 1430 1014 divinus
1450 952 1618 1034 Apostolus
1640 952 1742 1027 :Quid
1762 970 1889 1015 oremus
1912 954 1990 1015 sicut
2012 929 2116 1023 ml

445 1074 519 1118 nem
538 1074 557 1117 a
576 1054 698 1119 ratione
718 1060 864 1135 prompte
885 1050 1035 1114 mobilem
1058 1050 1126 1112 sive
1146 1067 1193 1109 re·
1247 1057 1382 1132 oportet,
1399 1049 1580 1129 nescimus3
1597 1051 1652 1112 sed
1667 1051 1736 1132 ipse
1751 1050 1887 1132 Spiritus
1902 1058 1989 1114 orat·
2001 1043 2082 1156 ἴδω

444 1152 587 1235 gibilem.
603 1152 677 1214 Ideo
691 1169 807 1232 nempe
822 1149 987 1233 passiones
1002 1146 1191 1224 reformant,
1247 1166 1306 1230 pro
1330 1148 1434 1226 uobis,
1458 1149 1490 1209 id
1515 1158 1574 1227 est,
1595 1156 1721 1211 orantes
1745 1166 1803 1211 nos
1827 1148 1945 1227 efficit,
1962 1160 1991 1211 et

445 1270 485 1313 ue
510 1270 618 1313 earum
647 1268 794 1311 excessus
823 1255 928 1310 actum
955 1245 1087 1308 rationis
1115 1264 1193 1326 prae
1248 1246 1383 1307 formam
1405 1245 1622 1327 fiduciamque
1643 1246 1753 1309 orandi
1776 1246 1922 1328 inspirat.
1944 1249 1991 1308 At-

444 1348 561 1430 pediat.
582 1348 709 1425 Quarto,
728 1346 879 1427 quoniam
901 1346 983 1406 dona
1004 1362 1042 1405 eu
1063 1341 1193 1424 propria
1247 1362 1309 1425 que
1328 1343 1590 1426 Psalmographus
1613 1369 1619 1406 :
1642 1344 1778 1425 Spiritus
1799 1352 1872 1406 tuus
1892 1346 1991 1407 bonus
2013 1370 2038 1411 n
2057 1385 2097 1415 ..asa

444 1446 475 1508 vi
501 1445 651 1509 ordinant
673 1443 837 1507 bominem
858 1442 896 1504 ad
920 1440 1192 1522 supernaturalem
1248 1443 1382 1504 deducet
1397 1462 1447 1503 me
1469 1442 1502 1504 in
1524 1450 1638 1505 terram
1660 1451 1789 1504 rectam.
1806 1442 1843 1504 Et
1858 1443 1889 1503 iu
1915 1443 1991 1506 libro
2004 1436 2029 1473 '⁰'

444 1542 722 1608 felicitatemldeo
736 1558 873 1621 namque
889 1546 1078 1621 praestantur
1092 1557 1111 1599 a
1125 1537 1195 1619 Spi-
1248 1558 1373 1621 quoque
1392 1540 1561 1621 Sapientiae
1584 1540 1719 1621 legimus
1736 1564 1743 1601 :
1761 1541 1805 1602 Da
1823 1540 1918 1618 mibi,
1938 1541 1992 1604 Do
2014 1567 2097 1620 sepau

445 1640 508 1703 ritu
537 1642 663 1721 Sancto,
689 1646 846 1720 quatenus
877 1637 1011 1697 virtutes
1040 1634 1195 1715 theologi·
1249 1638 1346 1715 mine,
1363 1637 1487 1700 sedium
1509 1646 1634 1700 tuarum
1657 1638 1855 1701 adsistricem
1871 1633 2030 1720 sapien-¹⁰·

446 1759 499 1802 cas
519 1738 729 1821 perficiendo,
746 1736 933 1799 rationalem
956 1741 1132 1797 creaturam
1155 1732 1194 1794 ad
1248 1735 1337 1813 liam,
1354 1744 1388 1797 ut
1407 1755 1533 1798 mecum
1553 1736 1595 1797 sit
1613 1744 1644 1797 et
1663 1755 1789 1798 mecum
1808 1736 1943 1813 laboret,
1963 1746 1994 1799 ut
2115 1741 2116 1748 ’

445 1846 595 1900 aeternam
621 1834 850 1898 beatitudiuem
880 1831 1087 1895 excellentius
1117 1829 1231 1893 faci-B
1250 1834 1347 1895 sciam
1373 1834 1449 1914 quid
1474 1842 1639 1916 acceptum
1664 1833 1706 1895 sit
1726 1852 1834 1897 coram
1857 1844 1887 1897 te
1909 1836 1993 1899 omni

445 1936 570 2017 liusque
591 1936 776 2017 perducant.
801 1932 861 1994 Sed
886 1932 999 1993 horum
1026 1930 1121 2011 plena
1147 1929 1196 1989 in·
1249 1940 1401 2013 tempore.
1427 1932 1491 1994 Nec
1515 1933 1601 1994 enim
1630 1950 1751 1995 sacmm
1776 1932 1892 1995 divinae
1919 1933 1994 2013 legis

445 2033 622 2115 telligentia
643 2032 754 2113 nequit
775 2029 885 2093 haberi
908 2028 970 2091 nisi
995 2048 1033 2089 ex
1054 2026 1195 2089 introdu-
1250 2029 1445 2111 Scripturam
1458 2030 1527 2091 sine
1539 2030 1669 2111 speciali
1682 2029 1918 2093 illuminatione
1930 2030 1995 2112 Spi-

446 2131 566 2195 cendis.
1250 2127 1329 2189 ritus
1355 2127 1461 2190 Sancti
1487 2127 1656 2190 salubriter
1679 2127 1858 2208 intelligere
1886 2148 1996 2210 possu-

1250 2244 1333 2303 mus,
1355 2233 1410 2287 aut
1430 2225 1560 2288 auribus
1583 2224 1675 2287 illam
1693 2224 1802 2287 audire
1821 2226 1862 2287 de
1880 2226 1995 2306 quibus

1250 2323 1284 2384 in
1298 2322 1471 2404 Evangelio
1486 2322 1629 2387 Salvator
1643 2323 1787 2386 bortatur
1803 2346 1811 2385 t
1827 2323 1886 2398 Qui
1902 2324 1996 2387 babet
2013 2352 2099 2394 pana,
2115 2357 2116 2426 q

644 2385 890 2451 ARTIGULUS
916 2384 991 2449 VH·
1250 2440 1342 2484 aures
1356 2421 1518 2501 audiendi,
1534 2422 1652 2484 audiat.
2005 2416 2098 2521 gfff-⁹³

491 2538 539 2596 De
553 2533 682 2609 duplici
697 2540 819 2592 rectore
833 2552 871 2591 cc
887 2535 1002 2608 reputa
1016 2539 1150 2590 actuum
1290 2520 1350 2581 Sed
1365 2538 1493 2583 movere
1507 2519 1690 2601 quempiam
1706 2526 1821 2602 potest,
1837 2520 1865 2582 si
1886 2522 1996 2603 hans-
2115 2549 2116 2644 q

703 2624 935 2681 bumanorum.
1250 2618 1374 2682 cemodi
1398 2619 1538 2681 motione
1562 2617 1699 2701 Spiritus
1722 2617 1829 2680 Sancti
1853 2638 1994 2701 egemus,
2115 2647 2116 2696 q

1250 2716 1407 2797 quomodo
1422 2715 1590 2797 Dionysius
1609 2725 1728 2779 asserat
1746 2715 1822 2797 quia
1840 2718 1995 2798 optimum
2022 2738 2045 2779 a
2056 2699 2116 2794 mul

473 2816 520 2880 *tl
534 2816 666 2899 insuper
679 2816 774 2878 bomo
796 2834 860 2877 non
880 2814 944 2875 nisi
963 2814 1002 2875 ad
1017 2813 1194 2875 naturalem
1249 2814 1390 2878 bominis
1414 2822 1462 2875 est
1483 2833 1552 2876 esse
1576 2815 1752 2876 secuudum
1774 2814 1943 2878 rationem.
1965 2810 2101 2878 Simff·

521 2913 751 2978 beatitudinem
766 2912 914 2975 conditus
934 2920 1028 2989 esset,
1044 2912 1196 2993 quemad·
1253 2912 1340 2975 enim
1364 2930 1428 2975 non
1453 2912 1576 2974 sufficit
1600 2913 1679 2975 ratio
1703 2913 1838 2991 bomini,
1855 2914 1912 2975 sed
1935 2914 1997 2977 cxi-

445 3014 575 3078 modum
590 3009 810 3093 opinabantur
832 3009 1026 3092 philosophi,
1047 3027 1112 3071 non
1133 3009 1196 3070 uti·
1211 3011 1233 3072 G
1250 3011 1336 3092 gitur
1358 3010 1528 3071 instinctus
1556 3010 1692 3092 Spiritus
1717 3010 1836 3088 Sancti,
1861 3030 1928 3074 non
1954 3011 1999 3073 vi-

445 3130 507 3193 que
522 3109 680 3191 indigeret
702 3108 771 3189 lege
792 3107 914 3185 divina,
932 3126 990 3169 nec
1005 3107 1118 3187 gratia,
1136 3125 1194 3168 nec
1251 3111 1343 3171 detur
1370 3107 1536 3193 optimum·
1553 3107 1693 3171 bominis
1722 3128 1792 3170 esse
1820 3110 1996 3172 secundum
2115 3177 2116 3220 1

446 3208 602 3289 utrisque,
629 3206 684 3269 sed
708 3204 874 3267 sufficeret
902 3205 931 3266 ei
961 3203 1011 3266 len
1039 3204 1194 3266 naturalis
1251 3205 1418 3283 rationem,
1444 3205 1499 3267 sed
1523 3204 1629 3288 potius
1653 3205 1828 3268 secundum
1852 3206 1999 3269 divinum
2115 3243 2116 3250 κ

447 3326 483 3370 ac
503 3305 656 3368 naturalis
675 3302 827 3386 potentia.
844 3302 890 3364 Ad
910 3302 1086 3364 naturalem
1109 3302 1195 3364 enim
1252 3304 1452 3366 instinctum.
1469 3303 1507 3365 Et
1529 3303 1797 3386 respondendum,
1813 3304 1897 3385 quod
1921 3305 2000 3366 ratio
2115 3297 2116 3376 ἦ

446 3403 633 3467 felicitatem
648 3421 685 3464 ac
707 3401 806 3463 finem
829 3400 986 3463 naturalia
1006 3400 1112 3463 media
1131 3400 1196 3463 suf·
1253 3401 1393 3466 bominis
1408 3401 1603 3464 considerari
1619 3409 1724 3483 potest
1737 3402 1922 3483 dupliciter.
1939 3402 2001 3464 Pri·

446 3500 574 3564 ficiunt.
604 3499 693 3563 Nunc
718 3517 806 3577 vero,
835 3498 987 3579 quoniam
1014 3499 1053 3562 ad
1087 3518 1197 3581 super·
1252 3519 1317 3579 mo,
1340 3507 1375 3562 ut
1397 3498 1594 3562 formatura
1622 3499 1774 3561 naturalis
1798 3499 1878 3581 legis
1902 3501 2001 3563 dicta-

446 3598 622 3662 naturalem
637 3596 879 3674 beatitudinem,
896 3615 966 3676 quae
985 3596 1081 3659 etiam
1101 3616 1196 3678 auge
1253 3598 1359 3675 mine;
1385 3605 1417 3659 et
1444 3596 1490 3659 sic
1519 3595 1675 3678 optimum
1700 3596 1839 3660 bominis
1863 3616 1930 3661 non
1955 3605 2002 3660 est

447 3698 550 3761 lorum
575 3695 752 3759 naturalem
775 3693 962 3757 felicitatem
987 3694 1194 3772 transcendit,
1253 3695 1444 3778 simpliciter
1464 3713 1533 3756 esse
1556 3695 1731 3757 secuudum
1753 3695 1907 3758 rationem
1930 3696 2001 3759 :sic

447 3793 567 3857 conditi
579 3812 699 3871 sumus,
707 3800 828 3855 certum
839 3798 886 3854 est
896 3809 953 3854 nos
965 3791 1196 3873 supernaturali
1253 3811 1368 3875 nempe
1382 3811 1447 3856 non
1468 3792 1626 3874 indigeret
1646 3794 1743 3856 bomo
1757 3793 1795 3855 ad
1818 3812 2002 3875 promeren-

448 3892 591 3973 indigere
614 3891 684 3971 lege
708 3898 801 3970 atque
823 3889 961 3970 gratuita
981 3889 1094 3970 gratia.
1117 3891 1198 3964 Quo
1253 3891 1328 3953 dum
1349 3891 1451 3972 gratia
1464 3890 1532 3969 Dei,
1548 3891 1815 3971 quemadmodum
1837 3891 2001 3955 asserebat

448 3988 533 4050 niam
564 3987 669 4068 itaque
702 3985 820 4067 duplex
852 3992 901 4046 est
933 3983 1096 4048 beatitudo
1129 3985 1197 4047 sive
1253 3987 1404 4050 inimicus
1418 3988 1527 4069 gratiae
1541 3987 1829 4067 Dei,haeresiarcba
1842 3988 2000 4071 Pelagius.

447 4084 602 4167 perfectio
617 4082 768 4159 bominis,
779 4089 888 4163 utpote
904 4082 1069 4161 naturalis,
1079 4084 1119 4145 de
1134 4101 1198 4163 qua
1253 4086 1409 4163 Secundo,
1426 4094 1461 4147 ut
1475 4084 1645 4148 informata
1666 4086 1900 4149 illuminatione
1921 4087 2003 4168 legis

447 4183 622 4265 loquuntur
649 4180 845 4263 philosophi,
875 4187 905 4243 el
934 4180 1194 4262 supernaturalis
1212 4188 1237 4251 D
1253 4184 1369 4246 divinae
1397 4202 1434 4245 ac
1462 4182 1562 4264 gratia
1589 4207 1595 4244 :
1622 4182 1732 4265 sicque
1759 4184 1918 4266 optimum
1947 4184 2004 4247 bo

446 4300 542 4363 quam
557 4280 649 4343 docet
665 4278 827 4360 Scriptura
842 4277 972 4356 divina;
989 4277 1106 4360 duplex
1120 4297 1198 4360 quo·
1252 4282 1349 4343 minis
1373 4289 1421 4343 est
1443 4282 1557 4345 rationi
1579 4281 1673 4343 inniti
1697 4281 1749 4344 vel
1772 4281 1930 4345 rationem
1955 4302 2004 4344 se-

447 4398 508 4461 que
531 4376 740 4458 distinguitur
765 4383 869 4439 rector
889 4396 944 4438 seu
965 4383 1070 4439 motor
1090 4396 1128 4439 ac
1150 4395 1198 4439 re-
1252 4380 1343 4458 ctari,
1369 4379 1453 4461 quod
1478 4387 1525 4441 est
1549 4398 1619 4441 esse
1643 4380 1818 4443 secundum
1844 4379 2003 4443 rationem
2115 4401 2116 4426 r

446 4480 521 4561 gula
542 4484 670 4540 actuum
691 4475 917 4553 bumanorum,
941 4473 1093 4538 videlicet
1116 4475 1196 4538 ratio
1253 4478 1302 4540 vel
1337 4476 1547 4555 intellectum,
1576 4496 1646 4557 quae
1679 4477 1765 4539 idem
1794 4485 1878 4540 sunt.
1909 4478 2003 4541 Ratio
2115 4463 2116 4548 ξ

447 4575 601 4639 naturalis
621 4582 653 4637 et
675 4572 811 4655 Spiritus
829 4571 976 4650 Sanctus,
994 4590 1049 4633 seu
1071 4572 1121 4635 lex
1142 4593 1197 4635 na·
1253 4593 1389 4656 namque
1404 4574 1558 4637 voluntati
1580 4575 1719 4638 ostendit
1740 4575 1816 4656 quid
1831 4594 1927 4657 agere
1949 4577 2003 4639 de
2115 4629 2116 4666 p

448 4674 558 4737 turalis
580 4672 691 4753 lexque
713 4670 833 4733 diviua.
857 4670 892 4731 lu
913 4669 964 4731 his
986 4669 1106 4752 quippe
1127 4689 1196 4751 que
1253 4674 1339 4751 beat;
1353 4673 1615 4735 voluntasautem
1629 4672 1780 4734 omnibus
1794 4672 1910 4735 animae
1924 4673 2003 4735 viri-
2115 4669 2116 4738 l

447 4771 623 4835 naturalem
638 4768 783 4832 ordinem
804 4785 868 4830 non
890 4767 1057 4846 excedunt,
1073 4768 1195 4831 moveri
1251 4770 1311 4833 bus
1325 4771 1531 4833 inferioribus
1546 4770 1693 4851 imperat,
1703 4779 1735 4833 et
1747 4771 1788 4833 ad
1802 4773 2003 4853 operandum

447 4869 660 4953 potesthomo
675 4886 693 4928 a
708 4865 837 4949 propria
859 4864 981 4928 ratione
996 4866 1195 4947 naturalique
1251 4870 1308 4931 bas
1323 4877 1430 4932 movet
1445 4888 1501 4931 seu
1521 4868 1647 4946 excitat,
1664 4867 1791 4932 dicente
1810 4868 2001 4950 Scriptura:
2115 4885 2116 4954 l

447 4972 537 5051 lege,
559 4966 593 5028 in
613 4964 727 5029 ceteris
747 4982 823 5026 vcro
845 4963 966 5045 indiget
985 4963 1196 5045 inspiratione
1251 4968 1334 5030 lloce
1349 4986 1399 5029 me
1415 4967 1520 5029 facere
1534 4965 1834 5047 justificationes,id
1849 4975 1896 5029 est
1911 4986 2006 5030 man·
2023 4979 2117 5046 camd

445 5066 567 5145 divina,
583 5072 615 5129 et
636 5063 713 5126 item
734 5062 853 5125 divinae
873 5062 953 5143 legis
971 5062 1128 5126 directiva
1147 5064 1196 5126 in·
1250 5067 1395 5128 datorum
1410 5073 1537 5128 tuorum
1553 5064 1767 5147 impletiones,
1784 5084 1842 5147 per
1855 5084 1937 5147 quas
1952 5067 2004 5148 ju·
2018 5068 2046 5114 ¹²·
2058 5057 2117 5110 Μ’

445 5164 647 5231 fonnatione.
1250 5163 1439 5227 stificamur.
1450 5162 1564 5244 Sicque
1579 5163 1670 5243 ratio,
1687 5165 1751 5227 lleo
1765 5183 1835 5228 eam
1849 5165 2001 5245 docente,
2016 5134 2054 5172 ω’
2115 5217 2116 5268 q

485 5264 573 5331 Unde
597 5262 636 5325 dc
658 5260 778 5344 Spiritu
797 5260 911 5325 Sancto
932 5260 1074 5323 Christus
1097 5260 1194 5324 disci·
1250 5263 1343 5326 docet
1356 5282 1412 5325 seu
1427 5261 1537 5344 dirigit
1551 5261 1756 5325 voluntatem.
2115 5277 2116 5356 l
