4309 6259
663 502 821 551 arrosrrro
841 502 940 549 avum
964 508 971 546 ι
995 504 1033 549 or
1052 502 1174 558 camur
1193 504 1283 553 arxis
1703 490 1742 553 77

193 670 348 734 secretius
369 670 550 749 inhaereres,
568 692 585 731 c
602 671 661 734 sub
683 670 800 735 teneris
824 670 869 752 (id
893 672 981 734 esth
997 670 1250 737 eminentissime
1274 672 1336 736 luit
1355 673 1530 753 Nazareus,
1553 675 1585 738 id
1606 683 1655 739 θεῖ
1677 677 1741 740 Deo
1755 700 1888 754 mumma,

194 769 384 850 puerilibus)
411 769 505 831 aunis
525 792 555 849 n,
576 777 682 850 atque,
704 777 738 831 ut
766 768 864 850 aliqui
894 770 942 833 di·
997 778 1210 851 consecratus,
1242 790 1305 836 non
1336 792 1410 834 usus
1441 773 1516 836 vino
1547 782 1601 835 aut
1628 774 1740 837 sicera.
1757 766 1777 807 ³·

193 875 282 947 cunt,
312 867 501 931 duodecimo
528 876 590 930 tue
620 868 721 930 etatis
749 885 844 944 anno,
877 866 941 931 imo
996 871 1191 945 Strophium
1221 872 1377 941 bidentes,
1403 870 1435 933 id
1464 878 1522 950 est,
1553 890 1630 934 eves
1657 872 1744 934 exhi·

192 966 249 1028 diu
275 974 359 1045 ante,
381 974 416 1027 ut
439 965 494 1027 alii
519 965 701 1049 opinantur,
723 984 796 1029 mor
820 965 943 1029 scilieet
997 964 1135 1029 buerunt
1159 967 1322 1049 cingulum
1348 968 1467 1032 lumbis
1491 970 1572 1050 ejus,
1599 970 1658 1033 hoc
1683 978 1742 1050 est,

193 1072 229 1125 ut
244 1062 290 1125 uti
310 1081 401 1125 orsus
422 1070 470 1125 est
491 1063 624 1141 ratione,
641 1085 658 1121 a
675 1062 801 1143 fugiens
823 1070 942 1125 turmas
997 1065 1081 1144 quod
1100 1065 1198 1127 vestis
1219 1065 1290 1147 ejus
1309 1066 1370 1128 fuit
1389 1086 1427 1129 ex
1448 1067 1531 1148 pelle
1552 1068 1666 1131 canreli
1688 1087 1744 1130 seu

194 1160 314 1224 civium
341 1183 370 1239 u,
397 1160 429 1223 id
453 1168 502 1222 θεῖ
525 1160 724 1223 saecularium
753 1158 940 1237 hominum3
998 1180 1035 1223 cx
1059 1161 1133 1242 pilis
1158 1163 1271 1225 cameli
1296 1172 1453 1243 contexta,
1473 1184 1552 1229 aona
1576 1184 1614 1228 ex
1634 1165 1744 1229 ovium

193 1279 234 1319 ne
262 1260 328 1317 leui
354 1262 467 1319 saltem
496 1262 664 1319 inoculare
692 1261 791 1319 vitam
815 1260 943 1334 famine
998 1258 1092 1339 pelle.
1122 1260 1202 1323 llinc
1236 1261 1270 1322 in
1297 1261 1440 1325 Matthaeo
1473 1263 1627 1344 scriptum
1655 1270 1704 1325 θεῖ
1734 1286 1741 1324 :

191 1376 310 1433 posses,
325 1356 386 1420 hoc
401 1364 460 1435 θεῖ,
475 1376 516 1419 ue
531 1357 653 1419 valeres
668 1355 941 1420 conversationem
998 1354 1134 1418 loannes
1148 1356 1284 1420 habebat
1299 1358 1523 1421 vestimentum
1542 1361 1582 1422 de
1602 1360 1678 1441 pilis
1693 1379 1745 1423 ca·
1767 1391 1889 1444 mm,

194 1454 339 1535 pueritie
364 1463 426 1517 tuae
451 1477 467 1513 o
494 1455 654 1517 maculare
680 1455 791 1517 saltem
821 1452 941 1515 farnine
999 1454 1203 1534 melorum,et
1217 1474 1328 1520 zonam
1340 1456 1506 1539 pelliceam
1518 1459 1604 1521 circa
1619 1458 1744 1521 lumbos
1759 1460 1778 1499 ⁴·

195 1552 258 1614 levi
275 1574 304 1632 u,
321 1551 352 1613 id
368 1560 416 1615 est
430 1560 561 1633 peccato
576 1551 704 1615 veniali.
715 1551 840 1614 Sciebat
854 1570 943 1613 uam-
999 1571 1083 1615 suos.

194 1668 257 1731 que
276 1649 513 1713 sanctificatum
532 1668 566 1712 se
585 1668 655 1713 esse
675 1649 708 1711 in
728 1658 829 1729 utero,
845 1648 940 1712 etiam
1038 1653 1101 1711 Cui
1119 1650 1233 1713 loanni
1254 1656 1356 1722 tatae,
1372 1652 1404 1714 id
1425 1661 1474 1716 θεῖ
1494 1674 1587 1736 aqua,
1609 1655 1745 1737 prebuit

194 1748 297 1829 magis
324 1766 420 1829 quam
445 1748 624 1827 Jeremiam,
649 1748 705 1829 qui
733 1766 797 1811 nou
827 1746 943 1829 legitur
998 1750 1164 1820 haustum,
1180 1749 1213 1812 id
1233 1757 1282 1812 est
1301 1759 1422 1831 potum,
1446 1770 1541 1832 quem
1562 1760 1594 1814 et
1615 1754 1745 1817 sobriis·

193 1845 294 1909 fuisse
309 1847 448 1928 repletus
463 1846 495 1908 in
515 1847 625 1910 matris
644 1846 716 1910 alvo
731 1846 850 1928 Spiritu
865 1846 942 1907 San·
958 1849 981 1913 B
998 1845 1077 1908 sime
1102 1847 1257 1929 sumpsit3
1280 1851 1402 1909 sociato
1421 1860 1555 1925 pastum
1579 1856 1676 1912 melta
1701 1857 1745 1913 to-

194 1953 256 2007 cto.
272 1943 409 2007 loannes
431 1963 556 2025 quoque
571 1944 782 2028 propinquius
798 1964 831 2007 se
846 1944 941 2006 babe-
996 1948 1109 2016 costis,
1125 1945 1230 2023 idest,
1247 1968 1263 2005 a
1280 1945 1375 2009 mella
1391 1968 1408 2005 n
1422 1946 1533 2029 juncta
1547 1970 1564 2007 (ι
1581 1948 1711 2011 locustis
1727 1973 1744 2011 n

194 2042 248 2105 bat
266 2043 306 2105 ad
321 2041 479 2105 Christum
500 2062 594 2124 quam
614 2042 776 2122 Ieremias,
792 2049 941 2124 tanquam
998 2042 1181 2124 prebebant
1194 2044 1297 2107 eidem
1313 2067 1330 2103 u
1347 2054 1472 2126 pastum
1488 2068 1517 2127 u,
1528 2046 1559 2109 id
1574 2056 1622 2109 est
1636 2068 1745 2111 neees-

193 2140 647 2222 praecursor,praeco,baptista
661 2148 693 2203 et
706 2140 942 2222 paranymphus
998 2141 1117 2203 sarium
1131 2142 1262 2205 victum.
1280 2144 1366 2206 Unde
1386 2144 1419 2205 iu
1438 2146 1541 2209 blarco
1561 2154 1655 2229 atque
1670 2147 1744 2209 blat-

193 2238 296 2319 ipsius
314 2262 321 2299 :
339 2238 411 2301 ideo
431 2239 538 2301 decuit
559 2258 632 2301 eum
654 2239 847 2301 eminentius
871 2259 942 2302 san·
998 2239 1078 2303 thaeo
1102 2240 1235 2303 habetur
1255 2242 1359 2304 :Esca
1380 2242 1450 2323 ejus
1471 2253 1538 2306 erat
1560 2244 1690 2308 locuste
1710 2254 1743 2308 et
1758 2272 1888 2324 nme,

194 2334 332 2397 ctificari
358 2354 453 2417 quam
478 2336 657 2399 feromiam.
685 2336 765 2399 Hinc
792 2337 942 2419 cognovit
997 2338 1058 2399 mel
1082 2337 1237 2401 silvestre.
1255 2340 1367 2421 Atque,
1384 2348 1419 2402 ut
1438 2340 1537 2423 aliqui
1559 2343 1741 2425 opinantur,
1756 2335 1845 2443 ἕω·
1860 2350 1890 2388 ¹¹¹·

193 2434 329 2497 loannes
345 2434 436 2497 sesic
452 2433 677 2497 confirmatum
693 2435 726 2497 in
741 2435 842 2517 gratia
856 2436 940 2517 quod
997 2434 1119 2499 locusta
1132 2436 1186 2499 hic
1207 2438 1344 2499 sumitur
1363 2457 1421 2520 pro
1441 2440 1540 2503 herba
1559 2442 1675 2504 deserti
1696 2444 1744 2505 in·
1771 2432 1777 2443 ’

193 2532 370 2595 mortaliter
393 2552 526 2614 peccare
550 2534 715 2615 nequivit3
743 2534 797 2597 sed
822 2552 862 2596 ne
887 2554 942 2596 ve·
997 2542 1062 2596 star
1086 2534 1214 2597 locustae
1232 2536 1398 2617 disposita,
1419 2556 1484 2601 nou
1503 2557 1561 2620 pro
1581 2540 1741 2603 animali:

193 2630 321 2693 nialiter
335 2630 446 2692 saltem
460 2630 650 2708 offenderet,
668 2631 750 2713 fugit
765 2632 939 2695 venialium
996 2633 1072 2713 quia
1086 2635 1135 2713 (ut
1148 2633 1272 2714 dicunt)
1287 2635 1433 2699 sublimis
1452 2636 1512 2701 iste
1524 2637 1661 2703 loannes
1677 2659 1745 2702 car-

192 2728 378 2791 occasiones
400 2728 576 2811 culparum.
598 2728 665 2792 Non
689 2737 794 2793 tamen
815 2720 949 2813 putatur
996 2731 1093 2793 nibus
1107 2751 1172 2794 nou
1186 2733 1383 2797 vescebatur.

194 2826 322 2909 penitus
347 2827 387 2889 ab
411 2828 498 2889 omni
523 2826 641 2890 veniali
667 2827 819 2890 immunis
843 2827 942 2891 fuisse
1036 2828 1272 2911 Consequenter
1285 2832 1424 2913 tangitur
1445 2833 1633 2897 excellentia
1647 2836 1678 2898 S.
1694 2836 1745 2900 lo-

194 2936 338 3008 peccato,
364 2928 419 2989 sed
448 2935 602 3008 quantum
628 2927 774 2992 humane
799 2928 942 2990 imbecil-
997 2928 1091 2991 annis
1105 2928 1258 3010 prealiis
1273 2930 1410 2993 vatibus.

195 3024 276 3087 litati
298 3025 360 3087 fuit
384 3025 548 3107 possibile,
572 3026 708 3088 multum
733 3044 804 3090 raro
825 3034 856 3089 et
877 3024 983 3089 nonii
1038 3030 1146 3089 Ceteri
1170 3037 1281 3088 vatum
1305 3031 1450 3090 cecinere
1470 3040 1609 3103 tantum,
1629 3032 1661 3094 id
1683 3040 1742 3111 est,
1811 3050 1829 3106 7

194 3122 258 3185 nisi
283 3122 445 3185 levissime
470 3122 638 3186 venialiter
658 3123 824 3202 forefecit;
848 3132 942 3205 atque
999 3124 1113 3207 reliqui
1142 3124 1368 3207 Prophetarum
1403 3128 1519 3191 veteris
1553 3131 1744 3194 Testamenti

194 3220 391 3302 quotidianis
413 3220 476 3284 illis
496 3220 720 3284 minutissimis
742 3221 845 3304 culpis
866 3240 944 3304 quo-
999 3246 1015 3283 α
1037 3222 1183 3284 cecinere
1209 3230 1331 3285 mutum
1351 3246 1380 3303 n,
1401 3224 1433 3287 id
1452 3233 1501 3287 est
1520 3227 1743 3307 predixerunt,

194 3319 274 3382 tidie
313 3338 379 3382 non
418 3320 637 3384 tantummodo
677 3320 841 3400 satisfecit,
878 3322 944 3385 imo
998 3324 1266 3398 cordeproescpo,
1283 3320 1378 3383 idest
1397 3323 1532 3403 sapienti
1555 3323 1748 3389 futurorum-

195 3417 387 3481 mirabilitcr
411 3418 493 3481 ultra
517 3417 578 3481 hoc
607 3418 695 3481 omni
719 3420 772 3482 dic
797 3419 829 3481 in
855 3420 942 3482 omni
999 3435 1061 3498 que
1096 3418 1240 3499 prescio,
1262 3420 1370 3496 jubar
1396 3422 1610 3497 adfuturum,
1639 3422 1671 3486 id
1700 3433 1750 3487 est

196 3514 336 3599 profecit
357 3515 494 3594 virtute3
511 3523 543 3577 et
564 3517 645 3579 sicut
667 3516 701 3578 in
722 3516 944 3579 ardentissima
1001 3534 1106 3597 regem
1135 3517 1292 3595 Messiam,
1319 3517 1375 3597 qui
1400 3525 1476 3581 tunc
1500 3528 1567 3583 erat
1594 3530 1747 3585 venturus

196 3616 329 3679 fornace
344 3614 428 3677 stilla
444 3614 546 3678 situle
562 3614 666 3678 subito
685 3616 882 3693 absorbetur,
898 3615 944 3677 sic
1001 3613 1033 3675 in
1055 3633 1195 3692 carnem,
1212 3622 1243 3676 et
1262 3616 1357 3678 modo
1377 3614 1502 3679 futurus
1521 3620 1627 3681 estad
1647 3629 1747 3682 extre-

196 3713 338 3777 venialia
370 3712 441 3794 ejus
476 3712 509 3775 in
544 3712 781 3776 ferventissima
815 3714 944 3776 caritate
1001 3731 1089 3773 mum
1107 3712 1275 3793 judicium.
1291 3712 1372 3775 lline
1394 3713 1427 3775 in
1447 3715 1577 3778 Actibus
1597 3716 1747 3800 princeps

198 3812 311 3894 ipsius.
333 3811 466 3893 lusuper
486 3818 549 3874 tam
573 3810 839 3893 rigorosissimam
857 3811 946 3873 duxit
1001 3812 1046 3873 ait
1065 3810 1287 3892 Apostolorum
1310 3810 1451 3874 :Omnes
1470 3812 1633 3895 Propheta
1655 3836 1673 3879 a
1693 3818 1747 3880 Sa·
1761 3842 1892 3893 nnana,

197 3910 310 3988 vitam,
329 3918 392 3972 tam
414 3908 660 3972 ferventissimis
681 3910 877 3973 emtionibus
898 3908 947 3971 iu·
1002 3908 1087 3970 muel
1122 3917 1154 3971 et
1187 3908 1340 3990 deinceps
1375 3912 1644 3976 annuntiaverunt
1677 3916 1746 3978 dies

198 4008 341 4085 sistebat,
365 4008 450 4088 quod
475 4007 569 4069 etiam
594 4026 652 4089 pro
676 4006 823 4070 maximis
848 4006 947 4070 suffe-
1002 4007 1090 4069 istos.
1114 4006 1339 4069 Verumtamen
1358 4008 1454 4071 etiam
1475 4008 1509 4071 iu
1534 4010 1604 4092 lege
1628 4022 1747 4077 nature

198 4105 503 4171 cissetercessibus.
521 4106 600 4168 llinc
616 4107 843 4187 scriptumest,
860 4106 945 4187 quod
1002 4105 1131 4167 fuerunt
1151 4105 1313 4187 Propheta
1333 4108 1580 4188 praenuntiantes
1600 4110 1640 4174 de
1661 4112 1748 4175 Chri·

84 4251 122 4287 ‚‚‚
171 4266 178 4277 ,
198 4226 280 4289 puer
307 4203 470 4269 crescebat
498 4212 530 4267 et
558 4203 795 4268 confortabatur
819 4204 943 4287 spiritu,
961 4206 985 4269 D
1002 4212 1061 4284 sto,
1086 4205 1126 4267 de
1155 4222 1218 4285 quo
1243 4203 1331 4267 etin
1356 4204 1469 4268 Genesi
1495 4217 1623 4271 sanctus
1652 4210 1748 4274 Jacob

197 4314 230 4369 θῖ
251 4313 318 4368 erat
341 4304 373 4365 in
394 4303 528 4366 desertis
550 4322 650 4384 usque
675 4304 707 4365 in
732 4304 817 4365 diem
842 4312 947 4367 osten-
1002 4302 1193 4365 vaticinatus
1214 4311 1262 4364 est
1282 4302 1447 4367 evidenter
1468 4328 1475 4365 ε
1498 4304 1565 4369 Non
1588 4307 1748 4372 auferetur
1772 4334 1892 4387 cesam,

197 4404 299 4466 sionis
313 4421 377 4465 suaa
392 4402 432 4463 ad
446 4401 553 4464 lsrael.
1002 4400 1178 4481 (inquiens)
1193 4408 1354 4482 sceptrum
1369 4401 1408 4463 de
1422 4402 1511 4480 luda,
1524 4404 1625 4467 donec
1640 4407 1748 4470 veniat
1763 4400 1795 4441 ¹⁰·

237 4503 389 4564 Praebuit
413 4501 541 4561 hirtum
567 4500 703 4576 tept'men
728 4505 869 4561 camelus
892 4522 946 4561 nr·
1001 4499 1056 4580 qui
1073 4498 1246 4561 nritfendus
1260 4506 1318 4560 est.
1336 4498 1379 4560 [le
1393 4517 1456 4579 quo
1471 4508 1503 4561 et
1517 4501 1622 4582 ipsum
1636 4503 1746 4567 Enoch

197 4603 296 4662 tubus
319 4602 431 4659 socr-is.
459 4598 493 4659 ln
519 4598 579 4661 hoc
604 4617 697 4660 versu
721 4600 945 4679 compendiose
1002 4596 1218 4679 prophetasse,
1245 4596 1408 4659 insinuare
1437 4596 1563 4661 videtur
1589 4600 1620 4664 S.
1651 4602 1746 4666 ludas

196 4697 391 4761 describitur
418 4695 572 4777 asperitas
602 4695 731 4759 loannis
764 4696 945 4779 dignissimi
1002 4695 1163 4777 apostolus
1192 4695 1225 4757 in
1255 4714 1312 4757 sua
1340 4695 1508 4759 Canonica.
1536 4702 1586 4759 Tu
1613 4704 1746 4779 quidem
1759 4723 1894 4777 amaram

197 4798 232 4859 in
249 4796 366 4859 vestitu
385 4803 417 4857 θῖ
438 4794 535 4858 victu.
552 4794 659 4875 ltaque
675 4816 691 4853 u
708 4796 848 4858 camelus
867 4816 946 4878 praa-
1002 4797 1121 4854 munda·
1139 4798 1239 4853 scelus
1257 4795 1461 4870 auferentem
1481 4797 1590 4857 indice
1604 4803 1720 4873 prodis
1735 4825 1747 4864 ,0

197 4894 268 4957 buit
284 4916 313 4971 u,
331 4893 362 4954 id
378 4900 436 4969 cst,
454 4891 659 4954 materialiter
673 4892 946 4976 exhibuitutegi-
1003 4893 1034 4955 id
1057 4899 1115 4971 est,
1139 4914 1156 4951 u
1179 4900 1213 4953 tu
1238 4914 1255 4950 »
1277 4899 1373 4969 certe,
1394 4910 1414 4955 o
1435 4892 1582 4972 loannes,
1603 4919 1620 4955 a
1641 4897 1747 4962 iudice

196 5011 273 5055 men
296 4991 415 5053 hirtum
432 5012 461 5071 o,
477 4989 509 5050 id
531 4998 579 5051 θεῖ
599 4991 833 5073 operimentum
855 4994 946 5058 indu·
1002 4990 1110 5073 prodis
1125 4990 1224 5069 »,h0c
1239 4989 1406 5072 est,digito
1419 4992 1678 5072 demonstrasti,«
1694 5016 1749 5059 au·

196 5090 338 5154 mentale
354 5089 531 5170 pilosum,a
548 5089 678 5152 artubus
695 5089 793 5151 sacris
810 5112 838 5168 u,
852 5090 883 5154 id
898 5102 946 5155 est
1002 5090 1158 5152 ferentem
1173 5089 1277 5152 scelus
1292 5089 1403 5151 mundi
1420 5112 1450 5167 »,
1467 5090 1499 5153 id
1514 5100 1562 5153 est
1576 5093 1746 5175 Christum,

197 5196 310 5251 sancto
324 5195 355 5249 et
371 5186 532 5249 innocenti
548 5194 642 5266 atque
653 5188 864 5253 mundissimo
879 5210 947 5253 cor·
1002 5189 1057 5269 qui
1077 5186 1208 5250 abstulit
1226 5196 1356 5268 peccata
1374 5188 1501 5268 generis
1519 5188 1661 5252 humani.
1683 5192 1748 5255 Hoc

143 5317 145 5320 ·
196 5284 334 5371 pusculo
356 5284 387 5346 S.
404 5283 534 5347 loannis
555 5302 592 5346 ac
614 5284 766 5348 membris
787 5285 868 5367 ejus,
890 5289 944 5369 qui
1002 5286 1154 5349 fundatur
1174 5286 1208 5347 in
1229 5304 1267 5349 eo
1288 5287 1373 5366 quod
1395 5293 1443 5349 est
1464 5288 1547 5371 apud
1567 5287 1745 5355 loannem:
