4309 6259
427 433 466 501 38
832 450 989 499 uxroslrro
1009 450 1109 497 fllltltt
1133 451 1140 496 2
1162 450 1293 497 VDXthA
1313 450 1402 499 tiburs
1422 452 1581 499 PRODEDNT

427 622 546 688 dextris
568 622 639 705 ejus
660 629 764 702 erunt,
787 621 911 701 Venite,
934 620 1095 686 benedicti
1121 621 1176 685 Pa·
1191 621 1217 684 Α
1231 622 1296 685 lloc
1318 622 1413 705 plane
1434 620 1619 705 mysterium
1642 645 1659 683 a
1679 621 1781 704 lulgot
1794 643 1812 681 a
1827 622 1922 686 modo
1944 619 1977 683 in

427 724 486 787 tris
508 722 571 785 mei
586 746 594 801 3
611 729 705 804 atque
727 720 760 784 in
781 720 929 804 passione
951 721 990 784 ad
1012 720 1173 783 Pilatum:
1231 721 1499 803 contemplatione
1514 729 1546 784 ct
1561 720 1743 803 cognitione
1762 719 1921 799 fidelium,
1944 720 1977 781 in

429 823 476 885 Tu
498 820 592 899 dicis,
613 820 687 903 quia
712 839 766 883 rex
789 839 859 881 sum
884 838 953 901 ego.
975 819 1106 897 Deinde,
1128 840 1176 883 se
1231 819 1343 882 lideet
1364 819 1650 902 venerationeque
1673 818 1817 881 recolunt
1831 817 1931 897 illud3
1947 826 1979 882 et

429 920 569 985 cundum
588 926 754 1001 utramque
776 938 865 981 suam
886 926 1031 981 naturam
1052 917 1176 981 Christo
1231 916 1486 999 contemplativis
1507 916 1691 980 hominibus
1711 917 1894 995 innotescit,
1909 916 1979 998 qui-

429 1017 582 1101 competit
605 1036 674 1080 esse
698 1036 805 1098 regern
827 1041 834 1078 :
857 1016 930 1099 quia
954 1024 989 1078 ut
1012 1017 1106 1095 Deus,
1128 1024 1177 1079 est
1230 1015 1290 1078 bus
1312 1015 1394 1077 nihil
1417 1015 1636 1078 rationabilius
1651 1014 1862 1077 videturesse
1883 1032 1977 1096 quam

429 1135 483 1179 rex
497 1123 651 1199 potestate
667 1122 698 1179 et
718 1115 904 1178 auctoritate
925 1114 1070 1196 regitiva,
1087 1123 1176 1178 ceter·
1231 1113 1315 1196 quod
1339 1112 1421 1176 tides
1445 1114 1588 1176 continet
1616 1112 1800 1192 christiana,
1827 1113 1977 1194 quoniam

429 1235 480 1295 na,
510 1234 635 1278 summa
662 1223 694 1277 et
722 1214 872 1277 increata.
903 1214 976 1288 Quae
1004 1214 1176 1278 auctoritas
1231 1211 1330 1275 tidem
1346 1211 1464 1274 habent
1474 1231 1548 1274 cum
1559 1211 1736 1274 rationibus
1747 1210 1976 1274 credendorum

428 1323 460 1377 et
486 1320 625 1395 potestas
654 1313 687 1375 in
712 1311 814 1375 trihus
837 1311 1006 1374 adorandis
1030 1311 1175 1374 Personis
1230 1318 1262 1372 et
1291 1310 1468 1391 purificatas
1497 1309 1614 1372 mentis
1643 1308 1864 1391 intelligentia.
1896 1310 1974 1372 llinc

429 1420 477 1475 est
495 1411 605 1474 eadem
628 1427 771 1487 numero,
788 1410 1055 1492 quemadmodum
1077 1418 1108 1472 et
1127 1428 1176 1472 θε-
1231 1408 1261 1470 S.
1278 1408 1419 1471 Andreas
1434 1408 1514 1470 dixit
1536 1427 1686 1490 magnum
1706 1427 1776 1471 esse
1792 1408 1897 1471 crucis
1912 1428 1978 1491 my-

428 1508 529 1572 sentia
546 1533 553 1572 :
572 1508 642 1572 ideo
662 1516 725 1571 tres
747 1508 890 1570 Personae
905 1516 979 1569 sunt
1000 1526 1082 1570 unus
1097 1508 1172 1585 Rex,
1231 1506 1374 1570 sterium.

428 1606 511 1671 sicut
537 1613 567 1670 et
600 1625 682 1669 uuus
710 1605 875 1681 Dominus,
906 1604 994 1686 juxta
1027 1604 1107 1666 illud
1141 1604 1174 1665 in
1270 1607 1338 1673 Quo
1365 1624 1465 1664 carne
1488 1606 1601 1664 carnis
1626 1607 1782 1665 Conditor
1806 1622 1976 1681 suspensus

428 1704 575 1787 Symbola
593 1729 599 1766 ι
615 1703 683 1767 Non
706 1711 770 1766 tres
788 1702 927 1781 Domini,
945 1703 999 1765 sed
1022 1722 1104 1765 unus
1127 1712 1175 1764 est
1229 1713 1275 1763 est
1302 1706 1453 1780 patibulo
1477 1724 1489 1764 .·
1509 1704 1570 1767 hoe
1600 1711 1660 1781 est,
1686 1726 1703 1763 «
1730 1721 1794 1785 quo
1818 1726 1835 1763 s
1864 1712 1978 1785 myste

426 1803 589 1868 Dominus.
601 1802 827 1865 Verumtamen
842 1800 924 1863 hanc
940 1808 1127 1882 potestatem
1143 1809 1174 1863 et
1192 1803 1215 1865 B
1231 1800 1290 1879 rio,
1312 1802 1343 1863 id
1368 1809 1417 1864 est
1438 1810 1567 1883 propter
1591 1821 1685 1883 quam
1710 1821 1833 1864 sacram
1858 1810 1890 1865 ot
1913 1822 1977 1883 my-

426 1902 645 1965 auctoritatem
660 1900 758 1962 Filius
780 1900 875 1961 babet
896 1918 915 1960 a
934 1898 1023 1961 Patre
1043 1919 1101 1980 per
1120 1918 1174 1981 ge·
1230 1899 1342 1961 sticam
1367 1920 1423 1962 seu
1448 1901 1587 1963 abditam
1612 1900 1766 1963 rationem
1794 1920 1830 1963 ac
1860 1900 1978 1963 sructu-

425 2000 622 2062 neratiouem
649 2005 811 2060 aeternam.
838 1997 971 2077 Insuper
998 1996 1096 2058 Filius
1126 2017 1174 2060 se
1229 1997 1408 2060 osissimam
1435 2017 1575 2077 causam,
1600 2020 1616 2057 a
1642 1998 1747 2060 earnis
1773 1998 1975 2076 Conditor»,

426 2098 566 2161 cundum
600 2104 744 2157 naturam
778 2102 972 2176 assumptam
1000 2095 1173 2157 humanam
1229 2093 1289 2158 hoc
1314 2102 1362 2157 est
1387 2095 1455 2178 ipse
1480 2096 1666 2177 Unigenitus
1691 2095 1801 2173 Patris,
1821 2095 1975 2175 ChristuS,

425 2203 473 2259 est
489 2215 542 2258 rex
562 2203 593 2257 et
612 2194 763 2277 princeps
785 2194 928 2256 omnium
944 2201 1171 2271 creaturarum,
1229 2193 1374 2256 conditor
1398 2194 1514 2271 carnis,
1532 2194 1563 2256 id
1588 2202 1636 2257 est
1660 2202 1784 2256 creator
1802 2193 1899 2258 totius
1920 2193 1978 2255 hu-

424 2301 579 2376 potestate
594 2301 625 2356 et
640 2291 826 2354 auctoritate
839 2300 954 2369 creata,
973 2292 1171 2369 secundaria,
1230 2291 1314 2352 mani
1335 2292 1461 2372 generis
1477 2293 1530 2371 (de
1549 2310 1612 2372 quo
1631 2293 1714 2373 apud
1735 2293 1887 2355 loannem
1907 2292 1976 2374 ipse

424 2392 624 2473 dependente
647 2398 679 2452 et
707 2389 797 2470 quasi
828 2389 1074 2452 instrumentali.
1102 2390 1173 2453 Pro
1229 2388 1369 2469 loquitur
1400 2390 1463 2451 Deo
1498 2390 1591 2468 Patri,
1622 2391 1740 2453 Dedisti
1775 2390 1804 2454 ei
1839 2400 2112 2473 potesta-amm,

424 2498 495 2572 pter
522 2490 606 2570 quod
636 2488 769 2551 llatthati
800 2487 912 2550 ultimo
940 2488 1064 2550 locutus
1089 2497 1137 2549 est
1163 2512 1169 2549 :
1228 2494 1292 2548 tem
1325 2486 1429 2549 omnis
1465 2488 1597 2567 earnis;
1627 2489 1722 2550 lsaias
1755 2507 1893 2571 quoque,
1923 2486 2011 2550 l⁷i-²·
2097 2548 2106 2557 ,

423 2588 500 2650 Data
521 2595 569 2649 est
590 2586 669 2648 mihi
692 2585 796 2649 omnis
818 2593 957 2668 potestas
982 2584 1015 2646 in
1038 2586 1120 2648 eoelo
1141 2594 1173 2648 et
1229 2583 1317 2646 debit
1351 2585 1455 2647 omnis
1491 2603 1564 2649 caro
1593 2586 1734 2648 Salutare
1762 2586 1817 2648 Dei
1846 2586 1972 2665 nostri),
1985 2546 2112 2662 jiihil

423 2686 457 2747 in
472 2693 566 2747 terra.
583 2685 655 2747 llaec
675 2702 751 2765 crgo
771 2682 885 2746 Christi
903 2706 919 2743 a
938 2682 1021 2764 regis
1038 2706 1054 2742 a
1071 2684 1171 2746 nostri
1228 2705 1245 2741 «
1271 2702 1444 2764 suspensus
1467 2691 1515 2746 est
1537 2684 1679 2766 patibulo
1705 2707 1734 2762 n,
1758 2684 1789 2746 id
1814 2692 1862 2747 est
1886 2684 1973 2747 cruci

424 2806 440 2845 a
467 2783 582 2847 vexilla
607 2806 636 2861 a,
663 2783 695 2844 id
719 2790 767 2844 est
790 2781 905 2845 bellica
930 2782 1032 2863 signa,
1055 2782 1171 2863 quibus
1228 2778 1357 2857 affixus,
1381 2803 1397 2839 «
1421 2800 1515 2844 came
1538 2804 1566 2858 a,
1585 2781 1616 2844 id
1638 2790 1687 2844 θεῖ
1708 2782 1741 2843 in
1763 2800 1895 2864 corpore
1917 2800 1974 2844 suo

422 2882 564 2945 Christus
579 2880 749 2965 prostravit
764 2880 865 2942 aerias
886 2886 1068 2960 potestates,
1085 2880 1172 2941 vide·
1228 2877 1366 2955 mortali,
1383 2879 1648 2959 quemadmodum
1665 2880 1697 2941 in
1712 2880 1791 2943 lsaia
1805 2880 1971 2963 praedixit:

421 2982 497 3044 lieet
525 2982 695 3057 daemones,
727 2977 869 3058 vicitque
899 2978 1066 3056 mundum,
1098 2986 1172 3040 sunt
1188 2976 1210 3039 C
1229 2975 1348 3059 Corpus
1363 2996 1469 3039 meum
1485 2978 1557 3041 dedi
1573 2978 1840 3061 percutientibus3
1857 2987 1889 3041 et
1902 2979 1974 3041 bea-
1988 3007 2050 3049 ma.
2063 3011 2106 3053 με,

422 3099 499 3143 crux
527 3080 609 3160 ejm,
636 3078 794 3152 columna,
821 3075 915 3153 clavi,
942 3075 1053 3157 spinea
1083 3094 1172 3139 coro-
1229 3073 1370 3136 tissimus
1395 3075 1503 3137 Petrus
1523 3076 1556 3137 in
1580 3076 1683 3158 prima
1707 3097 1764 3139 sua
1785 3076 1970 3140 Canoniea:

422 3197 474 3256 na,
491 3176 631 3258 flagella,
643 3173 808 3252 miracula,
826 3182 1035 3251 sacramenta,
1052 3194 1122 3255 quae
1138 3174 1170 3235 in
1228 3171 1357 3234 Peccata
1373 3172 1503 3253 (inquit)
1519 3183 1625 3237 nostra
1640 3174 1777 3257 portavit
1792 3174 1826 3235 in
1841 3192 1973 3257 corpore
2002 3192 2011 3234 r
2027 3193 2111 3236 reos

422 3276 482 3341 hoc
497 3273 656 3338 Passionis
669 3281 812 3354 tempore
828 3271 1037 3353 spiritualiter
1052 3295 1068 3331 a
1078 3272 1173 3355 prod·
1228 3289 1285 3333 suo
1312 3289 1408 3352 super
1431 3272 1563 3353 lignum.
1591 3272 1710 3355 Nempe
1734 3275 1774 3337 ob
1799 3273 1882 3337 hanc
1908 3294 1974 3356 my·
1987 3258 2024 3299 ²⁴·

423 3381 499 3437 eunt
515 3395 545 3450 n,
558 3371 590 3434 id
605 3379 664 3449 est,
682 3376 959 3453 representantur,
976 3371 1169 3448 recoluntur,
1228 3368 1340 3431 sticam
1366 3370 1520 3434 rationem
1545 3371 1646 3434 voluit
1669 3373 1750 3435 Deus
1773 3372 1864 3436 Pater
1886 3373 1975 3437 Chri-

423 3472 620 3536 honorautur
640 3478 672 3532 et
693 3468 916 3552 predicantur.
1229 3476 1312 3530 stum
1327 3469 1404 3549 pati,
1421 3477 1453 3531 et
1469 3470 1599 3532 tradidit
1614 3490 1687 3532 eum
1703 3489 1760 3554 pro
1774 3471 1880 3549 nobis,
1892 3472 1975 3535 sicut

463 3572 581 3646 Fulpet
616 3568 724 3629 crucis
756 3567 960 3645 mysterium.
991 3565 1171 3648 llysterium
1227 3567 1267 3629 ad
1286 3566 1442 3630 Romanos
1464 3568 1577 3631 asserit
1596 3568 1708 3631 Paulus
1726 3592 1732 3629 :
1750 3568 1879 3652 Proprie
1893 3570 1973 3633 Filio
2000 3586 2112 3631 nomm,

425 3666 604 3750 appellatur
625 3684 751 3728 sacrum
773 3670 943 3742 secretum,
960 3684 1016 3727 seu
1037 3664 1171 3746 mystica
1227 3683 1285 3728 suo
1300 3681 1365 3728 non
1387 3665 1539 3747 pepercit,
1557 3667 1611 3729 sed
1632 3684 1690 3749 pro
1711 3666 1860 3731 omnibus
1880 3668 1972 3731 nobis
1987 3652 2024 3691 ³²·

425 3765 505 3829 ratio
525 3764 709 3828 abditumve
729 3762 910 3825 consilium.
925 3786 941 3822 a
957 3762 1136 3845 llysterium
1154 3785 1170 3821 n
1227 3761 1358 3824 tradidit
1372 3762 1474 3825 illum.
1492 3764 1579 3826 Unde
1595 3764 1627 3825 in
1644 3766 1763 3828 Jocnne
1778 3766 1879 3829 lcrtur
1895 3790 1903 3829 ι
1920 3766 1972 3829 Sic
1997 3781 2113 3825 raanan

424 3864 523 3947 igitur
539 3885 555 3921 o
571 3860 677 3924 crucis
692 3883 709 3919 n
726 3867 773 3923 est
788 3860 1084 3942 supersapientiale,
1100 3879 1172 3942 pro
1228 3862 1310 3924 Deus
1338 3861 1449 3923 dilexit
1477 3863 1642 3941 mundum,
1672 3871 1708 3925 ut
1736 3863 1850 3927 Filium
1880 3886 1972 3928 suum
1988 3848 2023 3887 ¹⁶·

425 3960 654 4026 lundissimum
669 3958 794 4022 acolim
810 3958 952 4040 ignotum
965 3958 1172 4039 abditumque
1228 3959 1428 4041 unigenitum
1450 3961 1549 4039 daret,
1566 3969 1600 4022 ut
1619 3962 1723 4024 omnis
1743 3962 1797 4043 qui
1820 3963 1922 4026 eredit
1940 3963 1972 4026 in

425 4059 608 4137 eonsilium,
625 4076 687 4140 quo
704 4056 839 4119 Trinitas
854 4057 1014 4120 adoranda
1028 4058 1067 4119 ab
1083 4066 1172 4120 aeter-
1229 4058 1333 4140 ipsum
1349 4076 1414 4121 non
1435 4067 1554 4140 pereat,
1571 4060 1626 4122 scd
1641 4060 1755 4123 habeat
1769 4060 1867 4124 vitam
1886 4070 1974 4125 acter-

424 4178 467 4223 no
495 4156 639 4221 decrevit
666 4155 823 4219 redimere
856 4163 888 4218 et
922 4156 1043 4218 salvare
1071 4162 1312 4237 genusDnam.
1344 4156 1438 4219 Porro
1468 4158 1562 4220 ludas
1591 4158 1721 4220 tradidit
1749 4159 1907 4222 Christum
1936 4181 1974 4223 ex

424 4259 600 4321 humanum
629 4274 687 4337 per
715 4253 829 4316 Christi
859 4253 1110 4317 incarnationem
1135 4274 1171 4317 ae
1228 4254 1372 4332 avaritia,
1390 4275 1484 4336 quem
1505 4256 1602 4319 ludaei
1623 4257 1819 4320 tradiderunt
1839 4258 1871 4320 in
1892 4279 1974 4322 mor-

425 4355 619 4440 passiouom,
639 4360 795 4436 quatenus
817 4352 900 4414 sicut
921 4373 978 4435 per
999 4353 1094 4435 primi
1118 4354 1172 4416 ho·
1227 4361 1291 4415 tem
1314 4373 1352 4415 ex
1374 4354 1506 4416 invidia.
1530 4354 1598 4418 Non
1622 4355 1727 4437 itaque
1748 4374 1835 4434 casu,
1859 4359 1914 4420 sed
1936 4378 1973 4420 cx

424 4454 522 4517 minis
538 4451 786 4515 inobedientiam
802 4449 908 4533 periit,
926 4450 969 4513 ita
984 4470 1041 4533 per
1056 4450 1171 4513 Christi
1228 4451 1337 4513 divina
1362 4452 1627 4533 praeordinatione
1651 4462 1682 4516 et
1706 4454 1886 4537 sapientiali
1908 4476 1974 4537 my-

425 4549 651 4627 obedientiam,
674 4548 853 4628 passionem
875 4568 911 4611 ae
933 4556 1068 4612 mortem
1092 4549 1172 4611 redi·
1228 4548 1324 4612 sterio
1352 4548 1472 4611 lactum
1502 4558 1550 4613 est
1577 4552 1660 4631 quod
1691 4551 1800 4614 mundi
1831 4554 1973 4616 Salvator

294 4672 380 4717 caesa.
396 4685 410 4724 ι,
425 4658 575 4714 meretur.
598 4648 663 4711 Hoc
690 4646 885 4728 mysterium,
908 4655 988 4710 teste
1008 4649 1169 4731 Apostolo,
1227 4647 1287 4710 hoo
1302 4668 1403 4729 genus
1419 4650 1541 4727 mortis,
1552 4649 1701 4712 videlicet
1717 4650 1969 4729 crucifixionem,

277 4738 312 4780 ²⁶·
425 4746 647 4814 absconditum
670 4744 732 4807 luit
752 4764 771 4806 a
792 4745 916 4807 saeculis
939 4744 972 4806 in
988 4746 1061 4825 Deo,
1078 4755 1172 4809 etre
1227 4746 1387 4808 sustinuit.
1413 4746 1490 4809 Nam
1520 4755 1555 4810 ut
1583 4748 1743 4829 copiosius
1774 4760 1971 4814 succurreret

423 4849 563 4913 velatum
596 4844 657 4906 luit
685 4852 827 4925 tempore
856 4843 1016 4925 prefinito
1052 4847 1170 4908 sanctis
1227 4844 1357 4922 mundo,
1379 4844 1480 4907 voluit
1503 4845 1740 4909 acerbissimam
1765 4855 1858 4928 atque
1883 4849 1971 4931 igno-

423 4944 593 5030 Apos'tolis,
611 4962 667 5024 per
688 4959 822 5023 quorum
844 4940 1020 5004 doctrinam
1043 4962 1079 5005 ac
1102 4943 1171 5025 Spi-
1224 4942 1486 5006 miniosissimam
1506 4952 1641 5007 mortem
1661 4945 1726 5025 pati
1748 4964 1806 5027 pro
1828 4966 1876 5009 eo.
1894 4947 1970 5009 Rur-

424 5047 502 5111 ritus
519 5041 625 5106 Sancti
647 5038 890 5102 illustrationem
909 5040 1038 5103 devenit
1058 5042 1097 5104 ad
1112 5042 1169 5105 Ec·
1224 5060 1288 5118 sus,
1318 5042 1468 5121 quoniam
1492 5042 1614 5124 primus
1639 5044 1734 5106 homo
1758 5045 1903 5126 peccavit
1930 5046 1969 5108 de

273 5160 408 5217 upton-lo
422 5138 526 5201 clesiaa
542 5146 659 5201 sanctas
680 5135 825 5198 notitiam
843 5158 850 5196 ι
867 5136 907 5197 de
927 5155 991 5217 quo
1012 5138 1051 5199 ad
1067 5138 1168 5219 Ephe·
1224 5137 1329 5200 [ructu
1345 5138 1424 5219 ligni
1440 5138 1501 5201 sibi
1517 5140 1678 5221 prohibito
1693 5143 1900 5222 comedendo,
1917 5163 1970 5207 vo

273 5222 370 5269 ΜΛ·
421 5235 485 5299 sios
500 5254 536 5299 ac
551 5234 710 5298 Romanos
729 5230 828 5294 multa
848 5230 971 5294 induxit
985 5233 1163 5315 Apostolus.
1222 5236 1282 5300 luit
1304 5236 1457 5316 Christus,
1479 5246 1613 5301 mortem
1637 5238 1786 5321 patiendo
1811 5239 1844 5303 iu
1867 5242 1965 5325 ligno,
