4309 6259
437 458 495 521 128
798 468 957 516 anrosrmo
978 464 1077 512 muru
1101 470 1108 508 :
1132 460 1270 525 81111818,
1292 440 1421 516 obruor
1441 458 1536 506 usar
1557 457 1624 505 oras

544 649 576 713 3.
593 648 643 711 Ne
657 646 767 729 gravis
781 661 918 709 somnus
933 642 1047 721 irruat,
1327 634 1482 699 Gubema
1499 635 1575 697 tuos
1594 632 1738 697 famulos

522 750 591 811 Nec
609 746 715 809 hostis
732 762 793 807 nos
807 742 981 823 subripiat,
1327 733 1419 806 Quos
1432 732 1592 812 sanguine
1606 734 1771 795 mercatus
1784 749 1831 794 es.

522 848 591 909 Nec
606 861 680 908 caro
697 843 747 906 illi
762 841 971 905 consentiens

521 946 592 1009 Nos
607 942 667 1006 tibi
683 958 757 1005 reos
771 942 905 1004 statuat.
1350 928 1382 989 6.
1398 928 1563 991 Memento
1578 926 1694 1005 nostri,
1709 926 1864 1003 Domine,

1327 1026 1366 1088 In
1383 1026 1476 1106 gravi
1494 1026 1559 1088 isto
1578 1040 1734 1105 corpore3

543 1140 575 1201 1.
591 1136 687 1202 Oculi
701 1150 857 1199 somnum
873 1131 1014 1213 capiant,
1327 1122 1392 1196 Qui
1408 1140 1443 1185 es
1456 1121 1755 1199 defensor-animae,

521 1237 585 1301 Cor
603 1236 644 1298 ad
663 1236 695 1297 te
714 1249 846 1313 semper
863 1229 1003 1310 vigilet3
1325 1222 1450 1283 Adesto
1469 1219 1576 1298 nobis,
1598 1219 1752 1282 Domine.

521 1335 665 1398 Dextera
679 1333 737 1393 tua
752 1329 902 1411 protegat

520 1430 678 1495 Famulos
693 1429 751 1509 qui
767 1428 799 1490 te
814 1426 968 1507 diligunt.
1348 1417 1378 1480 7.
1396 1417 1466 1480 Deo
1480 1416 1573 1478 Patri
1585 1416 1629 1478 sit
1642 1414 1759 1496 gloria,

1324 1516 1473 1596 Ejusque
1491 1513 1554 1577 soli
1572 1513 1670 1591 Filio,

539 1632 572 1695 5.
588 1628 751 1692 Defensor
766 1624 889 1702 noster,
901 1620 1044 1702 adspice,
1324 1614 1408 1678 Cum
1422 1612 1549 1693 Spiritu
1563 1610 1744 1687 Paracleto,

518 1726 718 1791 Insidiantes
732 1722 875 1804 reprime
890 1741 899 1801 3
1322 1716 1365 1777 Et
1379 1729 1466 1775 nunc
1481 1712 1561 1774 etin
1576 1710 1784 1791 perpetuum.
1801 1709 1922 1772 Amen.

936 2028 1249 2121 Expostulo
1292 2024 1483 2110 HYMNI

469 2316 501 2377 lu
516 2332 554 2377 eo
570 2312 583 2375 l
586 2312 608 2375 it
621 2311 661 2374 ad
675 2307 845 2385 Christum,
856 2302 911 2366 Dei
926 2300 1052 2378 Filium,
1065 2296 1176 2374 oratio,
1193 2295 1218 2356 A
1233 2301 1302 2371 est;
1333 2297 1444 2353 tumeo
1477 2293 1605 2352 beatum
1631 2295 1832 2369 predicans,
1862 2294 1895 2357 id
1924 2303 1987 2374 est,

430 2422 466 2475 ut
490 2409 667 2494 ingruentis
693 2416 835 2487 tempore
863 2400 966 2465 noctis
989 2416 1048 2461 nos
1074 2403 1179 2458 custo·
1233 2390 1363 2473 proprio
1382 2408 1437 2452 ore
1456 2396 1487 2452 et
1505 2408 1563 2471 per
1582 2397 1653 2453 tuos
1667 2390 1835 2472 Apostolos
1855 2400 1886 2454 et
1905 2392 1988 2456 alios

431 2512 508 2591 diat,
534 2528 597 2591 quo
619 2505 776 2589 placidam
801 2503 897 2564 ineo
915 2498 1054 2581 quietem
1075 2492 1180 2576 capia·
1234 2490 1367 2553 Sanctos
1381 2506 1452 2551 eras
1466 2488 1584 2551 docens
1599 2496 1631 2551 et
1645 2489 1823 2571 praedicans
1842 2490 1987 2555 humano

431 2629 524 2688 mus,
540 2607 664 2670 animas
679 2610 802 2667 nostras
815 2600 925 2663 itidem
945 2604 977 2659 et
996 2611 1131 2675 corpora
1144 2590 1177 2652 iu
1232 2587 1343 2670 generi
1371 2585 1688 2667 superbeatissimum
1713 2609 1730 2647 8
1756 2588 1866 2651 lumen
1891 2611 1910 2649 s
1935 2589 1988 2651 in-

431 2726 487 2771 sua
502 2705 698 2789 protectione
713 2699 892 2777 constituat,
908 2704 940 2759 et
954 2694 994 2757 ab
1009 2694 1099 2755 hoste
1113 2708 1179 2751 ma·
1233 2693 1386 2764 creatum,
1402 2692 1568 2764 aternum,
1581 2684 1731 2748 videlicet
1744 2685 1844 2748 Deum
1859 2686 1987 2751 Patrem

430 2807 516 2888 ligno
536 2805 633 2881 salva,
651 2800 752 2864 illesa
770 2794 1084 2872 incontaminataque
1104 2806 1180 2851 cou—
1232 2784 1335 2866 (juxta
1360 2783 1440 2845 illud
1465 2782 1595 2845 loannis
1623 2806 1630 2845 ε
1651 2782 1751 2864 Ρ8181,
1777 2784 1985 2848 manifestavi
1998 2805 2116 2854 amm,

430 2911 545 2967 servet.
1233 2900 1350 2946 nomen
1378 2890 1469 2944 tuum
1497 2880 1706 2962 hominibus),
1732 2882 1798 2945 imo
1826 2891 1859 2946 et
1883 2892 1984 2947 totam
1999 2871 2052 2919 ⁵¹⁸·

469 3004 588 3065 Auctor
621 2996 762 3061 ereditur
790 2993 900 3056 beatus
929 2997 1019 3072 pater
1047 2984 1180 3048 Ambro-
1233 2978 1430 3059 Trinitatem,
1453 2978 1588 3041 dicendo
1606 3002 1613 3041 :
1629 2979 1745 3043 1188818
1768 2998 1881 3044 omnes
1904 3001 1988 3064 gen-
2012 2996 2092 3042 1881.

430 3098 507 3161 sius.
537 3097 670 3159 Carmen
705 3090 878 3155 iambicum
908 3087 1079 3149 dimetrum
1113 3097 1178 3143 non
1233 3085 1291 3158 tes,
1315 3077 1510 3159 baptizantes
1534 3094 1588 3139 eos
1613 3076 1647 3138 in
1672 3078 1802 3141 nomine
1827 3079 1927 3142 Patris
1951 3088 1988 3143 81
1999 3075 2070 3111 “““’
2083 3067 2107 3106 ¹⁹·

431 3203 587 3259 exactum.
1232 3176 1302 3239 Filii
1325 3184 1357 3239 et
1374 3174 1510 3257 Spiritus
1534 3174 1652 3238 Sancti.
1670 3175 1725 3238 Vol
1740 3198 1758 3236 c
1773 3177 1883 3240 lumen
1908 3178 1987 3241 bes-

1233 3284 1300 3338 tum
1316 3298 1345 3354 1),
1361 3274 1394 3336 id
1408 3281 1456 3336 est
1474 3272 1703 3336 lucidissimam
1723 3275 1908 3339 beatificam
1927 3278 1987 3341 Dei

502 3377 1180 3462 11111111108188111111111111188111188881
1232 3373 1389 3436 visionem
1408 3371 1492 3451 (Hac
1514 3379 1573 3451 cst,
1589 3371 1749 3453 inquiens,
1765 3372 1831 3436 vita
1851 3384 1985 3456 eterna,
2015 3406 2092 3449 rm

515 3484 682 3570 preconiis
697 3482 751 3546 Dei
768 3500 804 3544 ac
819 3479 919 3542 sacris
938 3473 1088 3559 precibus
1102 3471 1179 3534 emi·
1195 3472 1218 3533 Β
1234 3480 1269 3534 111
1283 3477 1477 3552 cognoscant
1490 3477 1521 3531 te
1535 3488 1646 3531 verum
1660 3470 1785 3551 Deum),
1801 3472 1851 3535 vel
1871 3472 1987 3536 lumen
2002 3472 2080 3516 ‘'¹¹³-

429 3594 543 3651 nentcr
568 3590 761 3660 contextum,
778 3583 968 3659 compuncte
994 3592 1030 3636 ac
1056 3569 1179 3634 fervide
1233 3568 1341 3650 glorie
1366 3568 1419 3647 (de
1443 3584 1507 3648 quo
1531 3567 1696 3630 Psalmista
1719 3568 1798 3632 dicit
1821 3569 1885 3633 Deo
1913 3594 1921 3632 ι
1947 3572 1987 3633 Iu
2016 3594 2054 3637 m
2069 3608 2118 3642 mr.

429 3686 640 3769 proteramus.
1233 3666 1355 3729 lumine
1370 3674 1424 3727 tuo
1439 3663 1620 3727 videbimus
1635 3666 1768 3746 lumen),
1781 3667 1889 3730 lumen
1904 3686 1989 3749 quo-
2003 3660 2037 3701 ¹⁰·

347 3803 360 3859 1
470 3783 609 3852 Christe,
631 3781 691 3859 qui
715 3782 776 3837 tue
800 3796 832 3835 es
857 3783 886 3834 et
912 3773 991 3833 dies.
1012 3769 1078 3831 Hoc
1103 3764 1179 3829 satis
1233 3761 1792 3846 8118111181888881881188811118118.

429 3879 550 3944 dilluse
565 3875 744 3959 expositum
759 3891 831 3936 reor
845 3888 942 3951 super
955 3866 1094 3949 primum
1110 3882 1180 3926 ver·
1275 3866 1470 3932 Precomer,
1482 3870 1591 3920 sancte
1604 3864 1751 3924 Domine.
1769 3862 1882 3926 'lotum
1896 3865 1988 3944 quod
2055 3873 2072 3927 2

281 3998 415 4055 8118881
431 3998 503 4043 sum
520 3976 632 4059 hymni
650 3973 737 4037 illius
754 3994 762 4033 ι
779 3968 933 4051 Splendor
954 3973 1093 4049 patemae
1113 3962 1182 4044 glo-
1235 3959 1377 4041 sequitur
1391 3957 1491 4022 oratio
1506 3966 1565 4035 est,
1581 3975 1651 4038 quae
1665 3958 1872 4041 spiritualiter
1884 3961 1988 4043 dirigi

430 4078 497 4156 rie,
523 4083 583 4138 etc.
605 4074 717 4138 Noctis
743 4070 890 4131 tenebras
911 4065 1044 4141 decepis,
1064 4062 1097 4124 id
1118 4068 1177 4137 est,
1234 4067 1337 4142 potest
1351 4056 1391 4119 ad
1406 4056 1576 4135 Christum,
1591 4057 1782 4137 generaliter
1794 4077 1925 4140 quoque
1944 4061 1989 4123 ad

431 4172 616 4240 manifestas
631 4168 784 4250 caligines
799 4182 942 4229 errorum
963 4180 999 4225 ac
1014 4160 1178 4239 vitiorum,
1235 4154 1553 4239 superdignissimam
1593 4155 1790 4237 Trinitatem,
1826 4176 1897 4238 quae
1935 4168 1990 4222 est

429 4272 640 4351 tenebrasque
654 4266 758 4332 noetis
778 4261 941 4326 exterioris
959 4259 1041 4323 lacis
1063 4273 1180 4339 cogno
1234 4275 1317 4318 uuus
1351 4254 1434 4316 Dens
1463 4271 1501 4315 ac
1534 4253 1699 4318 Dominus.
1729 4255 1836 4337 ltaque
1865 4278 1882 4315 c
1912 4276 1991 4339 pm.

429 4372 476 4436 sei
494 4394 500 4433 :
520 4370 563 4433 ita
588 4387 628 4430 ue
647 4372 840 4443 metuantur,
856 4360 1006 4442 quoniam
1028 4357 1113 4420 reale
1132 4354 1179 4417 uil
1235 4372 1345 4417 camur
1364 4374 1393 4432 a,
1415 4370 1434 4414 o
1458 4373 1475 4411 «
1497 4360 1605 4414 sancte
1630 4352 1763 4416 Domine
1789 4376 1818 4433 n,
1842 4356 1990 4432 defende

430 4476 505 4534 sunt
518 4488 577 4531 neo
593 4464 713 4548 aliquid
728 4460 912 4545 positivum,
928 4457 1048 4521 ideirco
1063 4471 1179 4517 nocere
1234 4473 1292 4513 nos
1319 4451 1360 4513 ab
1387 4450 1475 4514 omui
1504 4449 1647 4532 periculo
1673 4451 1790 4514 mentis
1815 4459 1847 4515 et
1871 4471 1991 4536 corpo-

429 4586 495 4633 nou
520 4572 662 4648 queunt3
689 4570 722 4625 et
746 4568 889 4643 tempore
912 4554 1016 4619 noctis
1041 4553 1123 4615 Deus
1148 4558 1180 4613 81
1234 4550 1277 4612 ris
1291 4558 1323 4613 et
1336 4548 1376 4611 ab
1391 4548 1478 4612 omni
1493 4548 1666 4612 tentatione
1682 4549 1787 4612 caruis
1808 4570 1845 4613 ae
1866 4552 1991 4615 daemo-

429 4665 535 4748 angeli
564 4661 665 4726 saneti
690 4658 858 4724 nobiscum
884 4672 949 4717 non
973 4651 1079 4715 minus
1105 4656 1179 4711 sunt
1197 4650 1219 4715 C
1234 4649 1296 4728 uis,
1325 4648 1366 4710 ab
1393 4648 1479 4711 omni
1515 4646 1741 4728 imaginatione
1769 4648 1986 4732 phantastica,

429 4782 525 4847 quam
540 4761 573 4825 in
589 4760 650 4839 die,
666 4778 727 4822 nee
742 4758 810 4820 sine
825 4753 953 4817 illorum
969 4747 1178 4832 permissione
1233 4765 1327 4826 vana,
1358 4746 1453 4807 stulta
1480 4762 1517 4807 ae
1546 4743 1672 4825 puerili,
1701 4745 1900 4826 protectione
1930 4756 1990 4811 tua

430 4860 609 4925 invisibiles
644 4858 751 4920 hostes
778 4861 908 4933 tangere
942 4848 1049 4911 valent
1076 4846 1177 4928 pilum
1234 4845 1354 4924 diviua,
1380 4861 1441 4925 ope
1464 4850 1559 4923 atquc
1584 4841 1797 4906 custoditione
1824 4843 1987 4927 angelica,

430 4958 543 5042 eapitis
567 4954 678 5020 nostri.
702 4954 863 5029 Lucioque
889 4952 999 5008 lumea
1021 4947 1177 5015 crederis,
1235 4941 1356 5006 meritis
1377 4959 1414 5004 ac
1434 4939 1582 5023 precibus
1603 4939 1824 5004 sacratissimae
1842 4941 1989 5024 Virginis

430 5060 462 5124 id
487 5066 546 5137 cst,
563 5064 609 5135 tu,
626 5052 758 5130 Christe,
779 5070 796 5109 c
817 5045 992 5110 crederis»
1013 5062 1084 5106 esse
1110 5042 1178 5105 uui·
1233 5061 1269 5105 ac
1288 5039 1553 5104 totius'Eoclesiae
1573 5038 1798 5120 triumphantis
1823 5057 1860 5102 ac
1884 5040 1988 5104 etiam

430 5178 487 5223 cus
507 5155 604 5218 Filius
623 5150 735 5229 Patris,
750 5148 832 5210 Deus
852 5145 891 5207 de
911 5144 986 5222 Deo,
1003 5164 1019 5201 u
1036 5142 1177 5203 lumen»
1231 5138 1381 5203 Ecclesiae
1409 5137 1589 5217 militantis,
1619 5145 1651 5200 ct
1678 5155 1735 5219 per
1764 5138 1848 5201 dona
1870 5140 1989 5219 gratiae

348 5260 350 5263 ’
430 5258 470 5324 de
494 5254 617 5318 lumine
642 5275 649 5313 :
671 5258 708 5313 ut
730 5253 880 5331 praetacto
905 5243 975 5308 loco
1000 5238 1178 5323 expositum
1233 5246 1305 5318 1118,
1323 5240 1360 5297 in
1378 5239 1440 5306 188
1457 5246 1560 5306 nocte,
1576 5234 1641 5299 imo
1656 5244 1688 5298 ct
1705 5234 1757 5299 die
1777 5236 1922 5318 sequenti
1945 5257 1988 5303 ac
