4309 6259
709 492 799 540 nona
820 490 860 539 na
880 490 1029 539 raasroun
1051 490 1158 539 nonmr
1648 476 1708 541 alt

176 668 258 744 salus,
283 663 349 727 vita
379 670 411 725 et
441 660 630 725 resurrectio
658 669 776 739 nostra,
802 662 823 742 †
848 660 947 723 Perd
1002 660 1047 721 hd
1062 659 1199 722 dandam
1215 658 1381 723 scientiam
1397 660 1507 724 salutis
1522 660 1608 742 plebi
1623 660 1704 743 ejus,

176 782 257 847 quem
271 762 382 824 salvati
397 770 429 823 et
443 758 568 823 liberati
583 779 704 823 sumus.
961 757 994 818 in
1010 758 1230 821 remissionem
1246 766 1448 839 peccatorum
1463 778 1584 822 eorum.

113 890 162 927 aa,
209 873 236 923 ν.
257 859 393 941 Spiritus
420 858 484 921 oris
513 857 613 922 nostri
636 856 778 919 Christus
801 856 906 919 Domi·
1000 854 1058 917 Per
1078 856 1202 917 viscera
1223 856 1448 920 misericordiae
1469 856 1524 919 Dei
1544 856 1656 935 nostri,
1673 856 1707 919 in

81 974 86 986 ·
174 980 226 1022 nus
248 966 357 1040 captus
385 966 434 1020 est
461 956 495 1018 in
525 957 664 1039 peccatis
692 954 819 1018 nostris.
848 955 906 1017 Por
960 952 1076 1032 quibus
1092 952 1319 1035 visitavimus,
1336 955 1441 1017 oriens
1456 974 1493 1017 ex
1509 955 1583 1017 alto.

173 1076 268 1139 quem.
999 1049 1182 1113 llluminare
1210 1052 1260 1115 his
1289 1052 1343 1133 qui
1378 1053 1410 1114 in
1445 1052 1585 1115 tenebris
1614 1061 1645 1115 et
1673 1054 1707 1115 in

207 1166 235 1217 r.
255 1152 361 1216 Gloria
374 1152 468 1214 Patri.
485 1151 633 1213 liberati.
960 1147 1072 1209 umbra
1087 1149 1197 1211 mortis
1212 1149 1334 1225 sedent,
1350 1150 1389 1211 ad
1411 1149 1594 1230 dirigendos
1609 1151 1707 1232 pedes

450 1254 612 1329 Hymnus.
960 1254 1085 1309 nostros
1102 1246 1135 1307 in
1152 1246 1235 1308 viam
1251 1246 1350 1327 pacis.

189 1351 282 1413 Arbor
294 1351 409 1411 decora
422 1356 453 1410 et
469 1347 601 1428 fulgida,
999 1344 1106 1407 Gloria
1120 1344 1213 1407 Patri.

171 1448 275 1511 Ornata
288 1446 381 1528 Regis
395 1463 546 1527 purpura,
998 1447 1078 1505 Ant.
1109 1442 1250 1505 Christus
1277 1443 1452 1505 exinanivit
1486 1445 1705 1527 semetipsum,
1721 1474 1853 1532 phorm

170 1547 266 1609 Electa
280 1544 376 1625 digno
391 1542 498 1625 stipite
960 1540 1094 1604 lormam
1110 1541 1192 1603 servi
1216 1542 1389 1623 accipiens,
1407 1542 1440 1603 in
1463 1542 1706 1605 similitudinem
1722 1541 1742 1589 Ἰν
1757 1541 1777 1581 ⁸·

170 1645 236 1707 lam
250 1651 359 1705 saneta
373 1641 516 1703 membra
530 1649 669 1723 tangere.
960 1640 1124 1702 hominum
1160 1639 1285 1715 lactus3
1316 1639 1497 1703 humiliavit
1525 1660 1570 1718 se,
1601 1642 1705 1703 lactus

184 1742 269 1803 Beata
287 1740 379 1821 cujus
394 1739 534 1802 brachiis
959 1738 1110 1800 obediens
1125 1755 1225 1818 usque
1240 1739 1278 1801 ad
1294 1746 1440 1816 mortem,
1451 1747 1586 1801 mortem
1601 1749 1707 1802 aulem

166 1840 247 1903 Saacli
262 1840 415 1921 pependit
428 1839 586 1920 pretinm:
919 1838 944 1901 Β
960 1836 1075 1897 crucis.

166 1939 276 2001 Statera
289 1938 375 2000 lacta
389 1945 438 2000 est
453 1936 606 2018 corporis,
997 1944 1029 1996 v.
1046 1932 1189 2011 Domine,
1207 1933 1319 1996 exaudi
1335 1934 1511 1997 orationem
1526 1954 1642 1998 meam.
1721 1964 1760 2009 p„
1775 1979 1801 2016 0,
1815 1968 1836 2011 2,

164 2036 358 2117 Praedamqne
373 2035 447 2097 tulit
461 2035 598 2098 tartaris.
997 2052 1029 2107 n.
1045 2032 1085 2095 Et
1099 2034 1219 2097 clamor
1234 2052 1323 2095 meus
1337 2034 1376 2095 ad
1394 2042 1422 2096 te
1437 2034 1554 2097 venial.

181 2136 203 2197 0
216 2134 304 2213 Crux,
320 2154 392 2214 ave,
408 2152 481 2216 spes
496 2133 601 2195 unica.
1261 2130 1402 2194 Oremus.

163 2234 221 2296 lloc
243 2232 403 2296 Passionis
428 2231 680 2312 (recordationis,
700 2251 757 2291 seu
781 2229 902 2293 Emlta-
997 2229 1162 2311 Unigenito
1176 2229 1243 2310 Dei,
1252 2250 1308 2312 ρον
1322 2239 1408 2293 tuam
1423 2238 1453 2294 te
1468 2250 1580 2313 precor
1594 2234 1707 2296 arden-

218 2332 327 2411 tionis)
342 2340 483 2412 tempore
957 2327 1113 2391 tissimam
1141 2328 1347 2392 dilectionem
1376 2338 1407 2393 et
1435 2330 1707 2413 incomprehensi-

161 2432 242 2512 duge
256 2430 319 2512 piis
333 2429 501 2512 justitiam,
957 2426 1054 2488 bilem
1086 2427 1247 2507 pictatem,
1276 2447 1339 2509 qua
1367 2446 1424 2510 pro
1452 2448 1503 2491 me
1533 2430 1703 2510 incarnari,

162 2528 288 2610 lleisque
302 2529 388 2591 dona
401 2528 540 2590 veniam.
957 2542 1030 2585 cum
1058 2524 1243 2588 hominihus
1272 2526 1465 2604 conversari,
1495 2534 1589 2608 atque
1619 2547 1706 2591 acer-

179 2628 229 2705 Pe,
244 2646 371 2690 summa
384 2626 467 2689 Deus
482 2626 630 2704 Trinitas,
956 2621 1124 2684 bissimam
1153 2631 1287 2686 mortem
1321 2623 1387 2705 pati
1419 2624 1566 2706 dignatus
1598 2646 1643 2706 ec,
1674 2634 1706 2689 et

160 2724 316 2787 Collaudet
330 2724 435 2786 omnis
450 2722 602 2805 spiritus,
957 2740 1014 2803 ρον
1028 2721 1218 2784 anxietatem
1240 2730 1271 2785 et
1289 2723 1468 2804 angustiam
1491 2742 1554 2804 qua
1575 2743 1632 2806 pro
1654 2744 1705 2787 me

160 2822 236 2896 Quos
250 2842 308 2906 per
323 2822 429 2885 crucis
444 2820 629 2903 mysterium
958 2836 1058 2900 usque
1089 2820 1128 2883 ad
1161 2828 1294 2884 mortem
1322 2821 1423 2883 tristis
1455 2821 1545 2883 luisti
1575 2822 1704 2903 sangui·

161 2920 274 3000 Salvas,
291 2939 367 3002 rege
382 2939 440 3001 per
453 2918 578 2982 saecula.
596 2920 708 2981 Amen.
958 2936 1095 2999 nemque
1116 2918 1236 2995 fudisti,
1256 2937 1312 3001 per
1330 2926 1417 2981 tuam
1437 2936 1564 2999 quoque
1585 2919 1704 3000 ligatio

195 3031 226 3081 r.
248 3018 381 3081 Intende
396 3018 429 3080 in
443 3016 638 3099 adjutorium
652 3035 769 3079 meum.
920 3014 1043 3094 (luem,
1064 3017 1351 3097 consputationem,
1373 3017 1554 3081 illusionem
1576 3036 1612 3080 ac
1635 3036 1705 3099 per-

195 3136 226 3192 a.
248 3117 384 3181 Domine
398 3116 481 3179 Deus
496 3114 607 3177 salutis
622 3133 711 3177 meae.
957 3115 1150 3193 cussionem,
1179 3123 1214 3177 ut
1247 3134 1305 3178 nos
1334 3124 1387 3177 tua
1420 3134 1546 3197 semper
1574 3116 1703 3179 caritate

193 3220 247 3279 Ad
259 3214 463 3292 Benedictus,
478 3218 558 3277 Ant.
574 3212 726 3275 Christus.
957 3213 1218 3291 accendas,casto
1232 3222 1263 3275 et
1276 3212 1369 3276 filiali
1387 3232 1493 3278 amore
1508 3214 1700 3296 adimpleas:

436 3314 619 3374 Canticum.
956 3319 1112 3390 quatenus
1142 3309 1199 3373 tibi
1229 3310 1288 3373 soli
1318 3330 1444 3393 semper
1467 3314 1593 3394 placere
1622 3312 1704 3375 desi-

47 3419 143 3471 stes-⁶⁸·
192 3412 384 3476 Benedictus
411 3410 564 3473 Dominus
587 3408 670 3471 Dens
694 3409 800 3487 lsrael,
827 3410 902 3491 quie
956 3408 1113 3488 dommus,
1138 3415 1169 3470 et
1192 3407 1249 3470 tibi
1276 3409 1335 3471 soli
1358 3409 1528 3491 displicere
1554 3410 1703 3473 formide-

48 3486 64 3526 ⁹'
157 3513 344 3591 visitavit,et
357 3508 435 3572 lecit
450 3507 810 3590 redemptionemplebis
824 3530 899 3574 suae.
956 3524 1048 3579 mus3
1068 3506 1108 3567 de
1129 3505 1218 3569 nullo
1240 3507 1475 3586 contristemur,
1503 3508 1564 3569 nisi
1587 3527 1650 3590 quo
1672 3517 1702 3571 te

192 3612 229 3673 Et
251 3610 354 3674 erexit
377 3625 477 3671 oomn
499 3606 609 3670 salutis
630 3607 733 3687 nohis,
754 3607 787 3669 in
806 3609 901 3673 domo
955 3602 1162 3681 offendimus,
1179 3623 1238 3667 neo
1259 3605 1299 3666 de
1322 3605 1430 3685 aliquo
1453 3605 1637 3686 gloriemur,
1655 3606 1702 3667 ni-

155 3709 248 3773 Ilarid
263 3708 358 3792 pueri
372 3707 434 3769 sui.
955 3702 980 3763 si
1003 3719 1067 3781 quo
1088 3700 1146 3764 tibi
1167 3702 1340 3783 placemus.
1358 3702 1414 3776 Oui
1436 3703 1518 3765 vivis
1537 3712 1569 3765 et
1589 3724 1701 3785 regnas

191 3808 278 3871 Sicut
292 3808 420 3871 locutus
441 3812 490 3867 est
504 3823 562 3887 per
582 3822 618 3867 os
632 3812 827 3885 sanctorum,
843 3806 898 3886 qui
955 3818 1029 3861 cum
1054 3799 1118 3862 Deo
1146 3798 1235 3862 Patre
1261 3799 1293 3861 in
1321 3800 1440 3862 unitate
1465 3800 1600 3883 Spiritus
1625 3802 1702 3864 Sau-

154 3907 299 3970 asaeculo
314 3913 400 3982 sunt,
416 3903 642 3984 Prophetarum
656 3902 737 3983 ejus.
954 3897 997 3959 cti
1021 3897 1114 3974 Deus,
1138 3917 1195 3979 per
1221 3898 1329 3961 omnia
1356 3899 1470 3961 saecula
1499 3899 1697 3963 saeculorum.

190 4005 332 4068 Salutem
348 4023 387 4066 ex
401 4000 539 4064 inimicis
554 4000 680 4078 nostris,
697 4010 729 4063 et
747 4001 787 4063 de
803 4021 898 4065 manu
952 3996 1064 4057 duran.

151 4104 293 4167 omnium
308 4101 364 4183 qui
378 4100 515 4162 oderunt
528 4116 598 4160 nos.
993 4104 1025 4156 v.
1042 4092 1187 4170 Domine,
1204 4093 1329 4171 exandi,
1346 4102 1403 4155 etc.

187 4202 233 4263 Ad
247 4199 433 4264 faciendam
448 4195 699 4259 misericordiam
715 4215 787 4258 cum
801 4198 898 4279 patri·
913 4198 938 4261 D
993 4210 1024 4265 a.
1040 4190 1079 4254 Et
1094 4191 1214 4253 clamor
1227 4210 1329 4269 meus,
1346 4200 1405 4253 etc.

148 4296 206 4360 hus
230 4297 363 4373 nostris,
390 4304 422 4358 et
446 4293 614 4357 memorari
640 4294 818 4356 testamenti
847 4295 896 4358 sui
993 4301 1025 4353 v.
1042 4290 1271 4352 Benedioamus
1286 4288 1430 4353 Domino.

150 4397 260 4459 sancti.
992 4408 1024 4462 n.
1041 4389 1105 4451 Deo
1119 4388 1247 4470 gratias.

185 4493 417 4576 Jusjurandum
438 4490 523 4571 quod
541 4489 660 4571 juravit
679 4492 719 4551 ad
741 4490 897 4553 Abraham
992 4499 1025 4551 v.
1048 4487 1169 4549 Animae
1193 4486 1337 4549 omnium
1361 4485 1507 4551 fidelium
1533 4487 1700 4554 defuncto·

147 4602 268 4675 patrem
283 4600 444 4668 nostrum,
460 4590 608 4651 daturum
623 4608 657 4650 se
672 4588 774 4651 nohis.
954 4606 1023 4648 rum
1055 4604 1112 4667 per
1137 4584 1387 4648 misericordiam
1411 4586 1467 4649 Dei
1492 4594 1524 4648 et
1550 4588 1698 4651 meritum

185 4692 222 4754 Ut
246 4691 321 4754 sine
351 4689 476 4765 timore,
501 4686 540 4749 de
568 4706 666 4748 manu
694 4685 898 4751 inimicorum
953 4684 1112 4766 passionis
1126 4682 1239 4745 Christi
1262 4682 1462 4763 requiescant
1482 4684 1515 4745 in
1539 4703 1628 4767 pace.

147 4797 331 4852 nostrorum
346 4785 483 4863 liberati,
499 4784 676 4847 serviamus
690 4784 749 4847 illi.
993 4802 1025 4857 ρ.
1049 4784 1160 4845 Amen.

184 4887 218 4949 ln
233 4885 407 4950 sanctitate
421 4891 454 4946 et
465 4882 591 4964 justitia
605 4901 712 4945 eoram
734 4883 815 4965 ipso,
831 4903 898 4948 om-

146 4984 239 5048 nihus
253 4984 372 5047 diebus
387 4981 516 5046 nostris.

183 5082 220 5145 Et
248 5092 296 5160 tu,
326 5100 418 5163 puer,
444 5080 598 5161 Propheta
624 5079 776 5142 ditissimi
805 5098 899 5143 voca·
991 5081 1068 5156 Ave,
1087 5078 1325 5159 benignissime,
1342 5088 1413 5150 etc„
1430 5089 1591 5157 utsupra.

144 5182 227 5245 heris
244 5204 252 5241 ι
269 5180 403 5264 praeibis
426 5179 512 5242 enim
531 5188 604 5242 ante
622 5178 739 5242 faciem
757 5180 895 5262 Domini,
992 5189 1024 5241 ν.
1047 5176 1174 5258 ddjuva
1188 5195 1250 5255 me,
1268 5187 1325 5239 etc.

143 5301 254 5365 parare
269 5282 344 5345 vias
358 5280 440 5361 ejus.
992 5297 1025 5351 ρ.
1049 5276 1177 5338 Salvum
1193 5294 1244 5337 me
1259 5274 1321 5355 lac,
1338 5286 1395 5339 etc.

1186 4928 1249 4999 An
1278 4926 1462 5000 Pnruuu.
