4309 6259
461 492 502 539 nn
522 492 612 539 nouis
633 492 768 539 srmrrm
789 490 907 547 srucrr,
928 490 1103 538 rarcrarns
1124 492 1164 537 ιν.
1187 508 1227 520 -
1248 492 1411 539 unnrrrov
1649 472 1712 537 259

170 660 357 740 Augustinus
386 661 466 724 libro
495 663 535 724 de
559 661 689 727 Ciuitate
714 661 768 725 Uei
797 660 912 743 allegat
925 664 949 725 Α
964 670 996 724 et
1015 661 1218 725 innotescunt
1237 661 1305 724 sine
1325 660 1537 742 inquisitione,
1555 668 1590 723 ut
1609 660 1712 742 prima

170 757 325 819 Platonem
345 759 515 837 dicentem,
537 761 621 841 quod
642 760 710 822 veri
730 759 910 842 philosophi
964 760 1130 843 principia,
1147 760 1296 823 dicuntur
1317 759 1450 841 intelligi
1465 782 1472 838 ;
1490 760 1545 821 sed
1564 777 1634 839 quaa
1654 778 1712 841 per

171 864 213 917 est
235 856 333 918 Deum
359 856 501 938 diligere,
526 866 558 919 et
581 858 666 938 quod
691 858 828 939 cognitio
857 856 911 918 Dei
964 859 1093 921 modum
1117 858 1341 939 inquisitionis,
1362 866 1396 920 ut
1417 856 1650 933 conclusiones,
1667 855 1714 918 di-

171 952 330 1015 relerenda
344 962 393 1016 est
412 955 451 1015 ad
470 955 542 1035 ejus
560 954 814 1017 delectationem.
829 954 912 1036 Ergo
965 966 1082 1019 cuntur
1096 956 1180 1018 sciri.
1199 955 1380 1018 intellectus
1396 956 1480 1017 enim
1497 953 1613 1017 dicitur
1626 952 1714 1015 habi-

171 1052 317 1133 sapientia
338 1052 559 1135 philosophica
580 1060 629 1115 est
649 1052 810 1130 allectiva,
826 1071 914 1115 amo-
964 1061 1014 1115 tus
1039 1052 1280 1135 principiorum,
1303 1052 1433 1115 scientia
1458 1060 1564 1115 autem
1588 1050 1714 1113 habitus

170 1168 235 1212 rosa
263 1157 295 1211 et
322 1149 436 1229 dulcis,
467 1170 523 1213 seu
557 1150 810 1231 experimentalis
845 1150 912 1212 sive
965 1151 1191 1213 conclusionis.
1208 1152 1254 1212 Ad
1278 1151 1359 1213 hanc
1382 1150 1634 1227 similitudinem,
1654 1149 1714 1212 sic-

170 1266 323 1329 sapnrosa.
337 1284 379 1293 -
394 1248 454 1311 Sed
476 1249 515 1310 ad
537 1249 605 1311 haec
627 1247 701 1311 alibi
724 1266 910 1329 responsum
965 1257 1000 1310 ut
1020 1248 1247 1331 principiorum
1268 1247 1547 1331 disciplinabilium
1567 1255 1713 1330 prompta

168 1354 212 1408 est
234 1345 412 1427 diligenter,
430 1347 603 1427 prasertim
628 1347 661 1407 in
689 1346 844 1427 opusculo
872 1346 911 1408 de
964 1345 1127 1409 conclusio
1147 1344 1262 1409 dicitur
1281 1345 1461 1408 intellectus
1480 1346 1534 1426 qui
1553 1354 1602 1408 est
1622 1343 1713 1408 intel-

167 1441 433 1524 Contemplatione
457 1466 465 1502 ε
488 1442 608 1505 idcirco
633 1450 826 1523 pertranseo.
849 1442 912 1506 llo
965 1443 1108 1507 lectualis
1130 1444 1250 1519 virtus;
1274 1443 1319 1506 sic
1342 1443 1434 1525 primi
1457 1443 1602 1527 principii
1627 1443 1712 1523 qnod

167 1540 233 1602 dice
254 1548 360 1603 tamen
382 1542 552 1622 tangendo,
573 1559 637 1603 nou
663 1549 711 1603 est
730 1541 910 1621 negandum
963 1552 1012 1605 cst
1026 1543 1119 1623 Ueus,
1137 1550 1282 1623 prompta
1304 1542 1441 1623 cognitio
1462 1542 1642 1605 intellectus
1657 1560 1712 1605 vo-

167 1639 240 1717 quin
264 1638 417 1701 naturalis
441 1638 661 1722 philosophica
683 1638 738 1701 illa
758 1638 911 1721 sapientia
964 1649 1064 1703 catur.
1081 1640 1119 1702 Et
1133 1640 1207 1721 quia
1221 1640 1281 1703 hoc
1297 1640 1411 1702 melius
1427 1640 1465 1701 lit
1480 1658 1536 1721 per
1551 1647 1711 1703 creaturas

166 1736 276 1799 haheat
296 1737 467 1818 quamdam
489 1737 692 1800 dilectionem
714 1757 751 1800 ac
775 1738 911 1799 delecta·
964 1740 1035 1820 ejus
1051 1738 1230 1821 spirituales
1246 1757 1342 1820 quam
1364 1738 1556 1819 corporales,
1574 1738 1643 1801 ideo
1659 1756 1712 1800 co-

166 1834 280 1896 tionem
301 1834 459 1897 naturales
479 1834 657 1917 adjunctas,
674 1853 745 1915 quaa
764 1856 783 1897 a
802 1856 911 1917 snper·
927 1834 1062 1917 Bgnitio
1078 1836 1132 1899 Uei
1148 1836 1181 1897 in
1201 1837 1353 1899 creaturis
1368 1835 1582 1917 spiritualibus
1598 1835 1713 1898 dicitur

165 1933 296 1995 naturali
330 1942 363 1995 et
396 1934 531 2015 gratuita
562 1934 731 1997 dilectione
765 1943 796 1996 et
826 1934 911 1997 dele
965 1934 1154 1997 intellectus.
1187 1934 1282 1997 Porro
1317 1935 1356 1996 ad
1385 1934 1468 1996 hano
1497 1934 1713 2016 cognoscendi

165 2032 299 2094 clatione
332 2032 408 2095 doni
441 2031 603 2113 sapientie
638 2041 761 2095 tantum
794 2033 913 2096 distant
965 2033 1246 2115 promptitudinem
1268 2032 1437 2114 dupliciter
1458 2033 1650 2114 pervenitur,
1667 2033 1715 2095 vi-

163 2138 315 2209 quantum
339 2129 453 2192 umbra
474 2148 493 2191 a
516 2128 661 2208 veritate,
683 2138 777 2210 atque
798 2149 912 2194 aurora
965 2131 1079 2194 delicet
1097 2156 1103 2192 :
1121 2130 1317 2211 perfectione
1336 2130 1461 2193 habitus
1477 2130 1632 2211 acquisiti,
1649 2149 1713 2211 quo
1736 2212 1738 2217 Δ

163 2227 378 2290 ameridiano
399 2226 535 2309 fulgore.
965 2230 1036 2310 quis
1061 2229 1157 2291 hahet
1182 2228 1214 2291 in
1242 2236 1391 2311 promptu
1417 2227 1592 2312 spiritualia
1620 2227 1714 2291 facile

200 2325 354 2387 Praeterea
382 2325 491 2387 Petrus
524 2326 637 2388 asserit
664 2326 797 2389 verbum
833 2326 911 2389 illud
965 2327 1154 2408 intelligere,
1179 2336 1210 2389 et
1234 2328 1331 2389 Deum
1359 2326 1392 2389 in
1418 2327 1484 2405 eis3
1510 2327 1586 2390 item
1612 2326 1715 2408 perle-

163 2441 340 2501 commune,
357 2423 499 2504 Cognitio
514 2423 695 2487 divinorum
710 2425 743 2486 in
764 2425 910 2506 praesenti
966 2427 1070 2489 ctione
1099 2425 1223 2488 habitus
1252 2424 1362 2505 inlusi,
1388 2443 1451 2506 quo
1480 2428 1572 2488 datur
1601 2426 1715 2488 animm

162 2541 222 2583 non
237 2522 375 2584 habetur
389 2522 450 2585 nisi
463 2542 520 2604 per
533 2523 698 2605 speculum
716 2523 748 2585 in
763 2523 912 2605 anigma—
965 2544 1024 2607 per
1047 2524 1154 2587 lumen
1179 2543 1352 2605 supernum
1377 2522 1515 2587 faciliter
1539 2523 1714 2604 intelligere

162 2628 203 2697 te,
228 2619 336 2683 locum
360 2622 478 2684 habere
506 2621 538 2683 in
568 2621 705 2703 simplici
732 2622 911 2704 cognitione
966 2622 1163 2703 spiritualia:
1181 2631 1212 2685 et
1234 2622 1291 2685 ista
1313 2622 1493 2685 intellectus
1513 2629 1560 2684 est
1581 2623 1711 2685 donum.

163 2736 229 2798 qun
256 2726 309 2781 est
331 2738 389 2800 per
411 2718 515 2782 visum
535 2720 602 2782 sive
621 2720 775 2798 auditum,
791 2739 856 2783 non
878 2721 911 2782 in
965 2720 1073 2802 ltaque
1094 2722 1213 2783 donum
1232 2720 1316 2782 istud
1336 2728 1385 2783 est
1404 2720 1443 2782 de
1466 2720 1528 2782 Deo
1552 2739 1608 2801 per
1628 2738 1715 2782 com·

164 2816 343 2897 cognitione
364 2817 601 2898 experimentali
621 2837 692 2899 quae
710 2826 759 2881 est
779 2838 837 2901 per
856 2837 913 2900 gu·
967 2818 1163 2899 parationem
1184 2819 1224 2880 ad
1246 2826 1417 2895 creaturas,
1434 2826 1528 2899 prout
1547 2818 1667 2881 relucet
1681 2818 1713 2880 in

163 2922 244 2975 stum
263 2938 270 2976 :
288 2916 329 2977 de
343 2934 406 2995 qua
424 2914 468 2977 ait
482 2915 617 2978 loannes
637 2916 810 2998 apostolae,
827 2917 911 2997 quod
967 2918 1033 2995 eis,
1050 2926 1082 2979 et
1096 2916 1171 2998 quia
1186 2918 1218 2977 in
1234 2915 1449 2999 spiritualibus
1466 2916 1566 2997 magis
1583 2915 1713 2996 relucet,

100 3054 150 3090 Μ,
164 3013 269 3075 unctio
284 3012 340 3074 Dei
354 3014 447 3076 docet
468 3031 526 3076 nos
541 3014 580 3076 de
599 3014 768 3093 omnihus3
785 3023 816 3077 et
838 3014 913 3078 dicit
930 3016 1040 3079 chine
1055 3016 1174 3078 donum
1189 3014 1369 3077 intellectus
1383 3014 1498 3077 dicitur
1512 3032 1582 3077 esse
1597 3015 1636 3076 de
1652 3015 1715 3077 Deo

40 3106 66 3145 ³·
102 3168 141 3209 hh
162 3109 328 3191 Dionysius
347 3110 387 3171 de
408 3110 439 3172 S.
455 3109 636 3190 llierotheo,
657 3112 743 3192 quod
763 3112 913 3195 patiendo
966 3123 997 3177 et
1021 3113 1235 3195 spiritualibus
1257 3112 1420 3191 creaturis,
1442 3122 1536 3195 prout
1559 3112 1592 3174 in
1615 3112 1660 3174 eis
1685 3118 1717 3174 et

78 3245 112 3274 ,ε
127 3200 147 3273 11]
161 3206 278 3286 divina,
305 3207 415 3270 didicit
442 3228 490 3270 ea.
517 3207 555 3269 Et
582 3209 733 3289 quoniam
758 3210 912 3291 sapientia
965 3230 1004 3273 ex
1032 3211 1078 3273 eis
1108 3210 1311 3293 cognoscitur
1334 3210 1427 3273 Deus.
1457 3210 1544 3273 Unde
1569 3208 1715 3291 quamvis

160 3306 292 3385 donum,
319 3314 368 3368 est
392 3306 531 3388 cognitio
556 3307 811 3387 experimentalis
834 3309 912 3372 divi-
965 3307 1029 3370 Deo
1043 3314 1075 3369 ct
1090 3306 1240 3370 creaturis
1261 3324 1326 3368 non
1346 3306 1385 3367 sit
1405 3305 1523 3386 aliquid
1544 3306 1716 3368 univocum

161 3422 286 3483 norum,
319 3403 390 3468 ideo
419 3403 629 3467 essentialiter
655 3404 732 3467 dicit
761 3406 912 3487 cognitio
964 3406 997 3466 in
1026 3406 1136 3469 ordine
1161 3404 1297 3481 essendi,
1326 3412 1429 3485 potest
1457 3412 1563 3466 tamen
1588 3422 1658 3466 esse
1681 3404 1715 3465 in

160 3520 483 3583 nem,amoremvero
499 3510 649 3584 tanquam
664 3522 792 3565 causam
808 3505 911 3586 proxi·
964 3504 1074 3567 ordine
1098 3502 1306 3583 intelligendi.
1335 3501 1391 3563 Vel
1420 3502 1601 3579 dicendum,
1628 3502 1714 3583 quod

159 3616 243 3659 mam
258 3599 496 3679 disponentem.
514 3598 601 3661 Unde
623 3599 777 3681 sapientia
791 3600 910 3663 donum
964 3601 1109 3682 quamvis
1130 3618 1194 3664 non
1216 3600 1257 3663 sit
1275 3600 1320 3661 eis
1340 3597 1523 3679 univocum,
1539 3608 1587 3661 est
1606 3608 1712 3663 tamen

159 3695 417 3759 denominatura
436 3714 560 3779 sapore,
575 3716 639 3760 non
659 3696 762 3760 solum
782 3707 911 3780 pmpter
964 3700 1145 3780 analogum,
1171 3698 1205 3759 in
1232 3705 1385 3779 quantum
1410 3697 1494 3778 quod
1519 3697 1552 3759 in
1578 3697 1640 3760 Deo
1665 3707 1713 3761 est

157 3802 264 3855 actum
303 3813 397 3857 suum
432 3794 647 3874 essentialem,
686 3797 742 3858 scd
782 3805 911 3878 propter
964 3818 1020 3881 per
1040 3796 1222 3875 essentiam,
1239 3794 1419 3876 resplendet
1440 3794 1473 3856 in
1493 3802 1636 3857 creatura
1654 3814 1713 3879 per

157 3899 263 3954 actum
286 3891 468 3955 dilectionis
489 3892 719 3971 antecedentis,
735 3892 786 3955 vel
805 3894 910 3975 potius
963 3895 1247 3978 participationem.
1269 3893 1342 3957 Ideo
1362 3901 1553 3974 potestesse
1574 3894 1712 3975 cognitio

156 3999 290 4071 propter
326 3990 506 4071 passionem
541 3991 759 4054 delectationis
799 4010 910 4055 conse·
963 4014 1026 4056 una
1053 3994 1093 4055 de
1123 3993 1186 4055 er
1212 3999 1243 4055 et
1272 3992 1424 4055 creaturis
1452 4014 1458 4053 :
1486 4010 1550 4054 non
1580 3992 1619 4055 de
1648 3992 1712 4057 Deo

156 4090 296 4168 quentis.
318 4124 359 4134 —
381 4089 420 4151 lit
445 4089 470 4150 si
495 4089 628 4165 dicatur,
650 4090 750 4171 Sapor
772 4092 910 4173 pertinet
962 4092 1116 4169 absolute,
1140 4091 1195 4153 sed
1216 4092 1255 4153 de
1276 4091 1340 4153 Deo
1360 4090 1392 4151 in
1413 4090 1574 4153 creaturis.
1598 4090 1712 4173 Sieque

156 4188 193 4249 ad
213 4188 385 4265 allectum,
406 4205 481 4269 ergo
502 4188 655 4269 sapientia
676 4188 735 4251 ista
759 4190 908 4253 essentia·
922 4200 948 4263 D
962 4190 1089 4254 Creator
1103 4198 1136 4253 et
1150 4198 1293 4253 creatura
1313 4196 1388 4250 sunt
1404 4188 1494 4271 quasi
1510 4208 1609 4251 unum
1624 4188 1712 4271 obje-

156 4284 227 4348 liter
256 4287 298 4349 ad
328 4284 511 4349 allectivam
544 4286 609 4349 vim
642 4286 832 4369 pertinebit;
862 4288 909 4351 di·
963 4297 1048 4352 ctum
1075 4288 1107 4349 in
1137 4288 1247 4351 ordine
1275 4287 1483 4368 intelligendi,
1509 4287 1585 4351 dum
1611 4306 1711 4351 unum

154 4385 309 4463 cendum,
339 4386 425 4467 quod
454 4384 487 4446 in
516 4404 627 4467 sapore
657 4393 731 4447 sunt
758 4386 832 4465 duo,
863 4386 908 4450 vi·
961 4386 1147 4469 intelligitur
1161 4386 1194 4449 in
1208 4387 1306 4449 altero
1321 4409 1327 4447 :
1341 4386 1608 4467 quemadmodum
1624 4388 1711 4451 color

152 4480 272 4545 delicet
297 4482 453 4563 judicium
481 4490 514 4545 et
540 4481 707 4546 delectatio
735 4507 742 4545 :
769 4482 906 4565 primum
960 4488 1085 4551 videtur
1099 4485 1132 4548 in
1148 4485 1229 4565 luce,
1246 4492 1278 4547 ct
1292 4502 1475 4547 econverso.

153 4580 296 4661 pertinet
332 4583 371 4645 ad
401 4580 627 4662 cognitionem,
658 4583 833 4645 secundum
867 4585 906 4645 ad
1001 4583 1155 4665 Amplius,
1171 4582 1259 4663 juxta
1273 4580 1497 4663 Philosophum
1519 4581 1610 4645 tertio
1624 4579 1709 4645 Ethi-

154 4677 377 4743 allectionem.
960 4702 1083 4762 corum,
1096 4680 1263 4746 consilium
1278 4689 1326 4743 est
1340 4679 1471 4761 quaestio
1486 4680 1525 4743 dc
1541 4681 1708 4762 operabili-

191 4779 350 4861 Denique,
374 4778 460 4841 circa
482 4780 601 4842 donum
627 4782 810 4839 intellectus
831 4797 908 4860 pen-
961 4783 1020 4845 bus
1039 4801 1096 4864 per
1115 4800 1184 4861 nos,
1206 4799 1270 4843 non
1289 4789 1394 4841 tamen
1415 4780 1455 4841 de
1477 4780 1635 4861 omnihus,
1652 4778 1708 4843 sed

154 4878 307 4957 sendum,
323 4878 408 4958 quod
425 4877 605 4940 intellectus
619 4880 668 4957 (ut
686 4884 734 4939 est
752 4879 907 4959 potentia)
961 4882 1000 4944 de
1021 4881 1072 4943 his
1095 4900 1164 4962 quae
1189 4878 1430 4941 indeterminata
1454 4886 1538 4959 sunt,
1558 4897 1629 4960 quae
1652 4880 1709 4942 Da·

152 4985 185 5037 et
208 4977 294 5042 ratio
314 4975 469 5039 differunt
492 4999 498 5037 :
523 4976 672 5057 quoniam
695 4976 774 5041 ratio
794 4997 909 5061 apprc-
960 5000 1129 5044 mascenus
1144 4978 1359 5060 contingentia
1374 4988 1546 5061 nuncupat.
1560 4978 1638 5042 llinc
1653 4978 1708 5041 do-

154 5072 267 5137 hendit
294 5074 493 5156 inquirendo,
516 5074 696 5138 intellectus
720 5075 910 5159 simpliciter
962 5100 1040 5143 num
1064 5082 1196 5141 consilii
1220 5078 1398 5162 appellatur
1426 5079 1510 5159 quod
1539 5078 1708 5160 regitivnm

153 5172 324 5237 intuendo.
348 5173 435 5236 Unde
458 5173 639 5237 intellectus
662 5184 711 5237 est
733 5177 823 5257 qnasi
848 5185 909 5241 ter-
962 5188 1010 5243 est
1030 5180 1061 5241 in
1081 5180 1130 5242 his
1149 5179 1188 5241 ad
1208 5197 1278 5259 quaa
1298 5197 1360 5241 non
1387 5186 1555 5241 tenemur:
1574 5196 1647 5239 nam
1666 5178 1706 5240 de

154 5272 263 5335 minus
279 5272 422 5335 rationis.
435 5272 515 5336 Hinc
529 5290 600 5354 quat
616 5274 721 5337 statim
736 5286 910 5341 occurrunt
963 5279 1012 5343 his
1027 5279 1066 5341 ad
1081 5297 1150 5360 quaa
1166 5286 1321 5357 tenemur,
1334 5296 1398 5341 non
1414 5285 1461 5339 est
1476 5274 1706 5341 consiliandum
