4309 6259
546 480 704 531 axrosmo
723 482 822 529 avam
846 489 853 527 :
877 483 1005 533 manvu
1025 482 1129 531 sanos
1148 482 1298 532 mannos
1642 468 1700 533 tta

161 656 229 711 ante
255 656 359 713 cetera
387 650 449 713 diei
478 668 574 733 opera
602 660 634 715 et
669 652 807 716 humana
836 653 940 716 col-A
957 672 1120 737 egressum
1135 663 1183 717 ast
1204 656 1243 718 de
1266 654 1356 719 labiis
1376 654 1440 717 tuis
1462 652 1655 731 observabis,
1671 660 1702 715 et

161 746 258 827 loquia
268 754 299 809 to
311 747 342 809 in
355 748 465 829 primis
480 749 644 812 laudemus
656 758 687 812 et
700 750 897 831 invocemus,
955 751 1052 815 iacies
1068 753 1150 817 sicut
1165 754 1334 835 promisisti
1350 754 1482 818 Domino
1498 754 1572 816 Deo.
1589 751 1626 814 Et
1640 752 1702 815 hoc

41 862 108 905 utera
122 851 308 924 arquatenus
330 846 431 926 primo
446 864 624 927 quaeramus
646 866 778 929 regnum
794 848 848 911 Dei
868 856 900 911 et
955 850 1047 913 valde
1076 852 1275 932 pensandum
1305 859 1353 914 est
1381 851 1467 915 omni
1493 849 1642 931 religioso
1664 868 1702 911 ac

42 930 146 1037 {mh
159 940 303 1023 justitiam
328 941 409 1024 ejus,
430 952 462 1005 et
486 962 580 1007 omne
605 945 689 1025 quod
714 946 836 1027 agimus
865 945 898 1007 in
954 950 1172 1029 metuendum,
1188 968 1287 1031 quum
1308 956 1406 1011 status
1428 948 1649 1030 religiosorum
1664 946 1704 1010 sit

40 1052 65 1091 ¹⁷-
161 1038 250 1103 verbo
279 1048 333 1101 aut
361 1058 470 1121 opere,
496 1042 602 1105 omnia
631 1042 663 1103 in
692 1042 820 1106 nomine
845 1050 899 1107 tuo
954 1053 1053 1109 status
1079 1046 1283 1127 perfectionis
1307 1047 1508 1127 acquirendas
1535 1068 1542 1106 ε
1568 1045 1640 1108 ideo
1663 1045 1702 1107 ad

159 1156 293 1218 agamus.
320 1142 363 1201 Et
387 1150 460 1201 vota
488 1144 650 1203 solvamus
678 1144 752 1212 tibi,
778 1142 808 1205 id
838 1150 896 1219 est,
955 1142 1186 1224 proficiendum
1202 1145 1233 1205 in
1255 1144 1423 1207 virtutibus
1442 1153 1536 1225 atque
1556 1150 1702 1206 votorum

159 1235 306 1297 desideria
320 1237 373 1317 pia
387 1244 419 1299 et
440 1236 579 1303 virtuosa
594 1238 649 1302 tibi
671 1237 846 1303 olleramus
861 1260 898 1303 ac
953 1241 1241 1323 adimpletionibus,
1258 1241 1387 1323 dignam
1402 1241 1600 1322 diligentiam
1614 1239 1704 1302 debi-

55 1352 146 1401 ritus.
159 1332 351 1415 impleamus,
373 1335 463 1415 juxta
483 1336 562 1399 illud
583 1336 697 1400 Psalmi
719 1338 794 1401 :Sic
817 1338 899 1419 psal·
954 1347 1084 1419 tumque
1108 1348 1257 1403 conatum
1282 1358 1346 1402 non
1370 1340 1555 1421 impendere
1580 1337 1700 1419 absque

159 1450 239 1493 mum
267 1432 370 1495 dicam
401 1433 455 1497 tibi
482 1434 513 1496 in
543 1434 693 1497 wculum
720 1436 837 1514 saculi,
865 1445 899 1499 ut
954 1454 1042 1500 mora
1057 1456 1114 1501 seu
1135 1437 1275 1517 indilate,
1292 1446 1401 1519 utpote
1422 1445 1565 1519 tempore
1585 1454 1701 1517 oppor-

158 1529 280 1591 reddam
296 1537 369 1594 vota
385 1550 456 1593 meo
470 1532 510 1594 de
524 1531 574 1595 die
587 1531 618 1593 in
630 1530 731 1608 diem;
742 1532 896 1614 itemque:
954 1542 1041 1614 tuno,
1058 1543 1158 1597 exstat
1178 1536 1224 1598 eis
1246 1534 1427 1599 damnabile
1448 1554 1485 1597 ac
1507 1534 1650 1610 mortale,
1669 1542 1701 1596 et

40 1648 105 1701 rau,
116 1652 143 1693 a.
157 1627 188 1688 ln
208 1647 257 1691 me
279 1636 365 1707 sunt,
381 1629 474 1707 Deus,
498 1637 569 1693 vota
591 1638 655 1710 tua,
676 1649 748 1711 quae
769 1631 897 1694 reddam
954 1631 1044 1694 valde
1059 1632 1203 1709 mortale,
1216 1651 1314 1714 quum
1330 1631 1442 1695 iractio
1456 1632 1521 1696 voti
1537 1632 1700 1695 enormius

157 1726 346 1789 laudationes
367 1726 431 1790 tibi.
450 1727 517 1805 lei,
535 1749 551 1786 ι(
569 1736 642 1791 vota
658 1750 687 1807 s,
704 1728 735 1789 id
757 1737 805 1792 est
827 1747 898 1809 pro
954 1728 995 1790 sit
1011 1738 1177 1809 peccatum
1189 1747 1285 1810 quam
1297 1728 1424 1793 violatio
1437 1728 1699 1811 juramentillaac
1724 1756 1807 1805 nm,
1818 1774 1848 1813 ru.

156 1823 244 1887 missa
266 1844 339 1906 quaa
363 1824 498 1890 lecimus
523 1826 589 1905 tibi,
613 1826 751 1889 ,fideliter
773 1826 933 1908 expleo-B
954 1827 1098 1890 recolens
1113 1826 1145 1889 in
1161 1827 1257 1891 corde
1272 1836 1337 1906 tuo,
1348 1827 1503 1891 sollicitus
1517 1837 1601 1905 ast03
1613 1827 1699 1890 disce
1713 1822 1748 1865 ²¹·

39 1944 141 1995 aaran
156 1942 229 1986 mus.
246 1922 398 2005 Displicet
412 1923 497 1987 enim
512 1924 576 1987 lieo
597 1924 692 1986 stulta
706 1932 738 1987 et
756 1923 896 1988 inlidelis
954 1924 1046 2002 mori,
1078 1924 1164 1987 disce
1194 1932 1223 1986 te
1253 1924 1421 2007 irangere3
1451 1944 1598 1988 assuesce
1627 1925 1701 1988 sub-

154 2022 328 2102 promissio.
359 2020 477 2097 Quibus
506 2022 611 2086 verbis
645 2022 677 2084 in
707 2022 896 2085 Ecclesiaste
952 2022 1090 2103 jectione
1112 2030 1144 2085 et
1165 2022 1345 2103 abjectione
1366 2025 1515 2106 gaudere,
1539 2024 1571 2085 in
1594 2042 1702 2105 repre·

154 2120 369 2199 praemittitur:
388 2120 419 2181 Si
439 2120 515 2201 quid
536 2120 650 2184 vovisti
671 2120 747 2199 Deo,
768 2139 808 2183 ne
831 2139 897 2185 mo-
953 2120 1159 2183 hensionibus
1187 2120 1251 2182 tuis
1279 2130 1311 2183 et
1334 2121 1590 2203 castigationibus
1619 2122 1702 2184 sicut
1729 2147 1848 2203 ramur,

154 2218 225 2281 reris
251 2219 397 2281 reddero.
429 2218 474 2281 Ex
501 2218 616 2299 quibus
646 2218 781 2297 elicitur,
812 2221 897 2300 quod
952 2218 984 2279 in
1013 2218 1161 2281 omnibus
1190 2218 1307 2281 divitiis
1336 2219 1474 2300 gloriari.
1506 2219 1577 2282 llatc
1607 2218 1701 2285 iacile
1717 2214 1750 2256 ¹⁴·

153 2315 285 2379 infidelis
301 2326 332 2379 ot
347 2316 442 2379 stulta
457 2316 624 2397 promissio
639 2316 690 2395 sit,
712 2334 775 2379 non
793 2317 897 2381 statim
952 2315 1062 2398 implet
1091 2317 1146 2398 qui
1177 2336 1211 2379 se
1246 2318 1350 2400 ipsum
1381 2317 1413 2379 in
1448 2318 1513 2381 lieo
1547 2319 1703 2382 veraciter

154 2414 290 2492 reddere,
311 2433 410 2496 quum
433 2414 503 2495 quis
526 2414 682 2497 possitae
703 2415 807 2478 debet.
825 2415 898 2479 ldeo
952 2414 1064 2495 diligit,
1083 2416 1241 2497 privatum
1264 2434 1394 2497 prorsus
1416 2416 1558 2479 evellens
1573 2437 1592 2479 a
1607 2418 1701 2481 corde

82 2548 140 2588 ma,
153 2510 183 2571 in
197 2512 439 2577 Deuteronomio
459 2511 583 2594 jussum
605 2520 653 2575 est
670 2536 677 2574 ι
694 2512 781 2587 Quod
798 2512 897 2575 semel
954 2531 1011 2575 suo
1027 2532 1179 2575 amorem.

679 2837 819 2921 ALIA
855 2836 1168 2923 uxvoslvlo

188 3102 341 3166 Praeterea
356 3110 460 3184 potest
480 3101 531 3165 hic
546 3100 683 3185 hymnus
703 3100 934 3184 spiritualiusii
952 3101 1011 3165 bns
1040 3121 1113 3163 cum
1140 3102 1254 3183 gaudio
1281 3102 1439 3165 intersunt
1462 3102 1698 3169 Christilideles.

152 3200 321 3283 explanari,
338 3208 373 3262 ut
387 3200 527 3264 breviter
541 3208 680 3283 tangam.
991 3203 1106 3262 Proeco
1120 3201 1271 3278 dteijam
1286 3211 1379 3261 sonat
1387 3222 1399 3261 .·
1406 3201 1467 3265 boc
1482 3210 1541 3280 cst,
1558 3203 1701 3266 doctrina

187 3302 326 3362 AEternc
346 3318 458 3359 rerum
475 3300 645 3368 Conditor,
660 3308 783 3359 noctem
796 3301 897 3359 diem·
952 3296 1123 3359 beatissimi
1149 3297 1277 3361 loannis
1303 3298 1449 3381 baptistas
1472 3299 1505 3361 in
1528 3298 1700 3381 Evangelio

152 3418 209 3476 que
234 3399 297 3477 qui
321 3398 419 3473 repis,
445 3394 476 3458 id
501 3403 549 3458 est
573 3403 686 3457 statum
710 3414 747 3459 ac
772 3403 897 3477 tempus
952 3402 1099 3457 contenta
1127 3403 1159 3456 et
1192 3395 1361 3476 descripta,
1391 3396 1458 3477 jam
1491 3397 1523 3457 in
1558 3396 1700 3461 Ecclesia

56 3526 111 3556 mr
151 3493 262 3557 veteris
278 3492 482 3571 Testamenti,
495 3493 535 3557 de
549 3511 612 3574 quo
627 3493 797 3573 Apostolus
811 3516 817 3553 :
831 3491 897 3557 Nox
952 3492 1140 3574 predicatur
1160 3512 1197 3555 ac
1221 3492 1346 3575 legitur,
1368 3494 1423 3575 qui
1447 3495 1562 3557 exstitit
1586 3495 1699 3558 Christi

39 3576 55 3618 ²·
151 3592 324 3673 precessit3
340 3591 528 3671 acnovi,de
544 3609 607 3672 quo
623 3590 787 3671 subjunxit
804 3590 896 3653 :Dies
951 3612 968 3650 u
995 3608 1098 3671 praeco
1124 3613 1152 3668 s,
1179 3591 1309 3653 nuntius
1338 3599 1370 3653 et
1400 3610 1578 3673 precursor
1607 3616 1614 3655 :
1645 3594 1699 3674 qni

151 3699 252 3753 autem
274 3689 551 3772 appropinquavit.
569 3688 659 3771 llcgit
673 3706 799 3770 quoque
814 3689 896 3751 Deus
951 3687 1091 3751 Christus
1105 3695 1154 3750 ast
1175 3687 1345 3768 spiritualis
1366 3688 1434 3751 dies
1455 3707 1491 3752 ac
1514 3688 1589 3768 lux;
1606 3691 1699 3772 cujus

151 3810 166 3847 a
183 3797 310 3853 noctem
327 3810 344 3847 u
365 3807 403 3851 ac
425 3810 442 3847 a
459 3788 544 3851 diem
566 3809 595 3866 a,
617 3788 691 3868 quia
712 3788 844 3851 advorsa
865 3794 897 3849 et
951 3786 1045 3849 etiam
1061 3804 1165 3867 praeco
1179 3794 1228 3848 est
1242 3786 1346 3849 omnis
1362 3786 1559 3867 predicator,
1575 3788 1696 3868 doctor,

151 3906 301 3969 prospera
322 3885 446 3949 conlert
466 3905 503 3949 ac
525 3886 659 3963 ordinat,
677 3893 708 3947 ot
728 3884 836 3947 omnia
856 3886 895 3947 ad
949 3890 1058 3965 pastor
1077 3881 1193 3945 tidelis.
1214 3886 1328 3947 Noctis
1343 3886 1524 3961 profundo
1541 3889 1698 3964 percipit,

39 4002 138 4057 tumst.
151 3984 321 4049 electomm
336 3984 498 4066 dispensat
512 3983 656 4063 salutem,
665 3983 779 4064 quibus
790 3982 896 4047 omnia
950 3982 1024 4062 quia
1038 3982 1174 4045 loannes
1189 3980 1353 4063 evigilator
1366 3982 1625 4065 vigilantissimus
1640 3984 1700 4048 luit

151 4091 359 4165 cooperantur
377 4082 409 4143 in
427 4083 556 4146 bonum.
574 4085 619 4144 Et
641 4091 822 4158 temporum
836 4085 896 4143 das
950 4079 1140 4158 ludaeorum,
1161 4098 1243 4161 quos
1267 4090 1451 4145 convertere
1476 4083 1638 4163 satagebat
1657 4084 1698 4146 ad

150 4190 304 4259 tempora,
320 4191 356 4243 ut
372 4185 489 4241 alleves
502 4182 690 4257 fastidium.
708 4202 724 4239 u
742 4180 896 4262 Tempora
950 4178 1117 4241 Christum.
1127 4177 1196 4241 Fuit
1210 4179 1340 4263 insuper
1354 4191 1516 4241 nocturna
1531 4186 1591 4241 lux
1605 4184 1698 4243 cian-

149 4286 327 4363 temporum
338 4302 355 4339 a
367 4286 442 4342 sunt
456 4286 598 4361 tempora
609 4277 800 4360 evangelicas
815 4278 894 4359 legis
909 4283 935 4348 Ι)
951 4281 1049 4349 tibus,
1067 4277 1217 4359 quoniam
1239 4278 1352 4359 partim
1373 4278 1412 4340 ad
1435 4286 1525 4341 vetus
1546 4279 1698 4360 pertinuit

149 4396 183 4441 ac
207 4378 327 4459 gratiae,
352 4396 422 4459 quc
447 4376 641 4459 temporibus
670 4376 750 4458 logis
775 4386 895 4441 naturas
950 4376 1197 4455 Testamentum,
1222 4384 1254 4439 et
1277 4398 1294 4435 u
1319 4374 1518 4439 viantibus»
1545 4376 1632 4439 iulsit
1659 4397 1696 4441 ac

149 4476 289 4558 legisque
304 4476 417 4559 hloysis
437 4474 644 4557 praeminent
662 4476 892 4540 vehementer:
950 4473 1132 4557 predicavit
1151 4474 1275 4537 Judaeis.
1291 4477 1320 4536 A
1344 4484 1435 4534 nocte
1456 4485 1578 4535 noctem
1594 4495 1697 4552 seqre-

150 4575 311 4656 inquibus
331 4574 438 4655 gratiae
457 4573 683 4655 temporibus«
701 4574 893 4637 fastidium»
945 4594 1038 4653 pana.
1061 4572 1209 4648 Quamvis
1232 4580 1331 4635 status
1355 4579 1387 4635 et
1411 4580 1536 4654 tempus
1559 4592 1695 4656 evange-

149 4673 277 4753 tollitur,
303 4674 454 4755 quoniam
484 4671 533 4735 lex
562 4672 744 4755 evangelica
768 4681 816 4735 est
844 4672 895 4736 lex
949 4671 1017 4735 licae
1045 4671 1135 4753 legis,
1161 4670 1193 4732 in
1221 4689 1285 4751 qua
1312 4669 1412 4751 gmtia
1435 4679 1467 4733 et
1495 4671 1610 4734 veritas
1637 4691 1695 4754 por
1723 4706 1806 4753 pm,
1824 4720 1840 4761 ,,

150 4772 297 4852 cantatis,
312 4790 383 4853 quae
397 4771 627 4835 delectabiliter
647 4780 804 4852 operatur.
821 4773 894 4835 hm·
948 4770 1106 4835 Christum
1129 4777 1178 4832 est
1202 4768 1295 4847 lacta,
1322 4768 1390 4831 dies
1414 4777 1545 4833 vocetur
1567 4789 1695 4853 compa·
1709 4773 1742 4815 ¹⁷·

149 4868 413 4950 plius,iastidium
428 4869 513 4950 quod
528 4868 604 4932 olim
619 4877 686 4931 erat
700 4868 732 4931 in
746 4869 894 4933 diuturna
950 4868 1069 4931 ratione
1099 4874 1197 4929 status
1219 4873 1253 4928 et
1275 4865 1426 4948 temporis
1449 4866 1565 4931 vetaris
1590 4868 1695 4933 Testa-

149 4967 304 5030 adventus
313 4966 427 5031 Christi
441 4966 684 5051 exspectatione,
692 4966 813 5031 Christo
828 4968 894 5050 jam
949 4966 1058 5046 menti,
1075 4965 1174 5029 nihilo
1189 4965 1294 5027 minus
1308 4984 1370 5029 nox
1386 4975 1533 5028 censetur
1549 4976 1695 5048 respectu

148 5074 232 5145 nato,
250 5074 300 5129 est
320 5065 512 5129 alleviatum.
529 5067 692 5145 Rursus«
714 5074 893 5148 tempomm
950 5074 1048 5129 status
1072 5083 1110 5127 ac
1137 5063 1244 5145 gloriae
1267 5063 1456 5141 beatorum,
1482 5064 1588 5146 sicque
1612 5066 1696 5129 inter

151 5170 302 5247 tempora,
325 5164 486 5227 fastidium
511 5186 527 5225 n
553 5164 705 5245 tollentia,
731 5174 805 5228 sunt
827 5166 895 5230 dias
949 5166 1006 5227 bas
1030 5170 1140 5227 noctes
1161 5161 1302 5225 distinxit
1325 5163 1472 5242 loannes,
1498 5171 1531 5225 et
1551 5182 1695 5247 segrega-
1713 5219 1790 5265 M
1811 5234 1833 5264 m

149 5262 378 5345 precipuarum
400 5262 623 5327 solennitatum
644 5262 803 5343 Ecclesia,
827 5265 896 5346 qui-
950 5265 996 5328 vit
1014 5283 1067 5327 eas
1087 5262 1127 5325 ab
1146 5262 1295 5343 invicem,
1317 5263 1426 5327 dicens
1447 5288 1454 5327 :
1475 5263 1693 5329 Poenitentiam
1708 5287 1729 5328 s.
1793 5254 1798 5265 ’
1835 5252 1841 5275 '

271 5394 305 5449 T.
319 5396 358 5445 35.
1554 5397 1570 5446 8
