4309 6259
450 475 508 540 llll
725 496 765 542 nr
786 495 876 543 nonis
898 496 1032 543 srrnrrns
1054 496 1173 554 sulcu,
1194 496 1370 544 cancarrus
1391 498 1411 543 1.
1434 516 1475 527 -
1494 499 1566 544 aar.
1587 499 1654 557 xm,
1675 498 1729 546 xm

1212 665 1329 730 Abilis
1358 667 1532 731 liberalitas
1554 668 1671 746 dantis,
1696 689 1715 732 ο
1739 669 1980 752 incomparabilis

640 722 884 789 ARTICULUS
907 724 1002 788 Xffl'
1254 764 1390 848 dignitas
1419 766 1533 829 animm
1557 767 1761 849 recipientis!
1787 769 1920 850 Dignum
1943 778 1982 831 θεῖ

471 876 497 937 Α
504 894 526 934 n
546 876 697 949 Spiritus
716 876 857 934 Sanctus
876 876 976 933 detur
995 874 1041 932 eis
1061 874 1180 951 quibam
1254 863 1360 944 plane,
1377 872 1411 926 ul
1425 864 1531 925 anima
1551 864 1612 927 lale
1634 866 1753 929 donum
1771 866 1927 947 talemque
1938 868 1982 929 ha-

617 966 702 1022 alona
727 963 830 1037 ipsius
851 965 1030 1023 donantur.
1254 962 1420 1025 bitatcrem
1437 964 1628 1045 suscipiens
1644 982 1771 1027 omnem
1786 964 1981 1027 adulterinam

1254 1080 1291 1122 ac
1307 1079 1420 1122 vanam
1436 1060 1618 1123 societatem
1634 1061 1791 1140 excludat,
1798 1069 1831 1123 et
1844 1061 1982 1143 quidquid

514 1158 663 1221 ERSONA
693 1167 798 1221 autem
826 1158 935 1223 divina
959 1158 1131 1241 dupliciter
1154 1159 1201 1221 di·
1255 1158 1334 1220 tanti
1369 1159 1566 1241 presidentis
1600 1168 1806 1242 conspectum
1834 1160 1983 1224 ollendere

531 1257 614 1320 citur
628 1278 697 1321 esse
712 1257 852 1321 alterius.
870 1258 985 1336 Primo,
1002 1259 1124 1320 ratione
1139 1257 1201 1320 ori·
1255 1256 1350 1334 valet,
1361 1276 1438 1337 pure
1453 1256 1638 1338 fortiterque
1653 1258 1794 1339 repellat,
1805 1268 1841 1321 ut
1854 1260 1897 1321 sit
1909 1279 1985 1321 mun·

453 1356 538 1437 ginis
563 1379 569 1417 :
596 1363 627 1418 et
650 1356 697 1417 sic
722 1356 820 1417 Filius
844 1364 891 1418 est
915 1356 964 1417 sui
988 1356 1099 1434 Patris,
1125 1355 1200 1435 quia
1255 1355 1294 1416 da
1310 1362 1341 1416 et
1356 1363 1474 1432 sancta,
1491 1375 1527 1417 ac
1543 1354 1606 1418 Deo
1620 1356 1811 1437 gratissima.

453 1460 622 1534 generatur
644 1452 685 1514 ab
709 1471 767 1531 θος
788 1459 820 1514 θῖ
841 1453 976 1533 Spiritus
999 1452 1132 1515 Sanctus
1153 1460 1202 1513 est

452 1552 552 1615 Patris
576 1570 612 1613 ac
633 1551 706 1613 Filii
730 1560 878 1633 tanquam
903 1551 998 1613 unius
1023 1551 1199 1633 spiratoris,

451 1650 602 1733 quoniam
617 1650 761 1731 procedit
772 1649 811 1712 ab
827 1650 905 1732 ipsis
919 1668 983 1713 nou
1000 1650 1200 1730 inquantum
1449 1607 1692 1673 ARTICULUS
1715 1608 1806 1671 XIV·

453 1756 527 1811 sunl
554 1750 644 1811 Pater
672 1756 703 1809 et
731 1748 830 1811 Filius
859 1748 1016 1811 disllssclae
1044 1766 1199 1829 personat,
1295 1760 1350 1818 An
1365 1759 1449 1816 dona
1464 1758 1531 1816 sint
1545 1777 1691 1817 conneaea
1708 1760 1792 1818 sicut
1808 1760 1952 1818 uirtutes.

453 1848 506 1910 sed
536 1847 712 1909 secundum
740 1847 824 1928 quod
853 1854 927 1908 sunt
955 1866 1053 1908 unum
1082 1844 1242 1927 princi-B

454 1946 555 2028 pium,
571 1963 609 2007 eo
632 1946 715 2027 quod
742 1946 775 2006 in
798 1944 887 2006 Patre
911 1953 943 2006 et
965 1945 1044 2007 Filio
1069 1944 1111 2004 sit
1138 1962 1201 2004 una
1320 1942 1419 2005 ORRO
1440 1941 1573 2005 virtutes
1594 1963 1664 2007 esse
1684 1962 1843 2008 connexas
1863 1945 1989 2008 ostendit

453 2045 612 2121 voluntem,
635 2064 653 2106 a
682 2063 744 2124 qua
770 2043 906 2125 Spiritus
932 2043 1064 2105 Sanctus
1091 2042 1203 2103 imme·
1332 2042 1479 2123 Magister
1493 2042 1584 2104 tertio
1599 2042 1680 2105 libro
1695 2044 1881 2106 auctoritate
1894 2043 1990 2106 Hiero
2000 2073 2091 2116 namn

454 2141 538 2205 diate
554 2141 697 2224 procedit
712 2149 861 2222 tanquam
881 2158 971 2203 amor
984 2160 1021 2202 ac
1037 2140 1200 2201 vinculum
1257 2140 1343 2222 nymi
1362 2164 1368 2201 :
1385 2140 1530 2221 quamvis
1545 2140 1605 2202 hoc
1628 2139 1732 2222 ipsum
1753 2160 1899 2222 maguam
1914 2141 1991 2203 dilli-

455 2238 553 2301 l'atris
578 2259 614 2301 ac
644 2238 723 2301 Nati.
752 2239 908 2315 Secundo,
933 2238 1042 2300 divina
1067 2237 1202 2299 Persona
1257 2237 1407 2301 cultatem
1430 2237 1580 2299 includat.
1601 2237 1729 2300 Constat
1749 2238 1835 2301 enim
1856 2240 1940 2321 quod
1959 2238 1992 2300 li·

455 2339 573 2402 dicitur
588 2358 657 2401 esse
678 2338 815 2419 alicujus
838 2338 959 2400 ratione
975 2335 1136 2399 fruitionis
1151 2335 1200 2397 vel
1256 2337 1324 2414 des,
1345 2355 1414 2417 quaa
1435 2342 1484 2397 est
1505 2335 1604 2397 virtus
1627 2335 1816 2417 theologica,
1837 2337 1870 2398 in
1893 2336 1992 2399 multis

455 2436 691 2501 communionis
717 2460 723 2498 :
755 2436 864 2517 sicque
887 2436 969 2499 Deus
998 2444 1029 2498 et
1054 2435 1202 2517 quaelibet
1258 2433 1438 2495 inveniatur
1465 2432 1519 2513 qui
1548 2432 1712 2495 caritatem
1746 2452 1811 2497 non
1845 2434 1990 2497 habent:

454 2534 564 2599 divina
578 2534 713 2597 Persona
733 2541 780 2596 est
799 2552 907 2597 eorum
927 2534 982 2615 qni
998 2553 1055 2615 per
1068 2532 1201 2613 gratiam
1256 2530 1375 2612 alioqui
1390 2550 1501 2593 omnes
1515 2540 1698 2612 peccatores
1712 2539 1819 2594 essent
1833 2531 1991 2595 increduli.

454 2642 508 2697 aut
531 2633 664 2715 gloriam
690 2634 753 2695 Deo
777 2632 929 2694 uniuntur
952 2632 1019 2693 sivc
1041 2631 1200 2693 fruuntur.
1257 2630 1317 2691 Sed
1351 2638 1382 2691 et
1410 2629 1629 2691 Beneventum
1661 2628 1805 2692 allirmat
1837 2630 1937 2693 iidem
1968 2638 1995 2692 θῖ

453 2732 607 2807 Quoniam
636 2749 712 2812 ergo
741 2750 797 2812 per
824 2730 907 2793 dona
931 2730 1067 2812 Spiritus
1097 2728 1202 2790 Sancti
1258 2747 1358 2809 spem,
1375 2736 1510 2808 quatuor
1528 2746 1654 2808 quoque
1674 2727 1806 2790 virtutes
1827 2727 1995 2791 cardinales

454 2830 576 2893 habitat
601 2830 682 2891 Deus
708 2829 740 2890 in
771 2828 862 2890 nobis
892 2846 1012 2909 nosque
1038 2847 1203 2890 manemus
1258 2846 1351 2907 posse
1366 2846 1435 2888 esse
1451 2825 1615 2902 informes,
1633 2825 1664 2887 id
1680 2834 1729 2888 est
1743 2825 1811 2889 sine
1827 2827 1957 2889 caritate
1970 2835 1997 2889 et

455 2928 488 2990 in
512 2927 730 3010 ipso,idcirco
752 2946 815 2989 uon
838 2928 941 2989 solum
963 2927 1045 2989 dona
1066 2925 1203 3008 Spiritus
1259 2924 1370 3005 gratia,
1402 2944 1572 3005 rursusque
1601 2924 1731 2987 lormari
1758 2949 1766 2987 :
1796 2924 1909 3006 sieque
1936 2925 1997 2986 sine

455 3026 574 3105 Sancti,
591 3026 644 3087 sed
665 3032 696 3086 et
718 3024 786 3105 ipse
807 3024 942 3105 Spiritus
958 3025 1091 3085 Sanctus
1111 3022 1203 3085 nobis
1221 3024 1243 3086 C
1260 3022 1390 3084 caritate
1406 3021 1547 3084 inessent
1562 3021 1733 3102 interdum,
1749 3024 1939 3105 quandoque
1953 3043 1999 3085 ve

456 3126 601 3186 donatur.
617 3123 650 3184 ld
672 3141 810 3202 namque
832 3121 928 3183 alicui
951 3122 1097 3198 donatur,
1119 3121 1203 3201 quod
1260 3140 1295 3183 ro
1310 3120 1405 3181 simul
1421 3140 1493 3181 cum
1509 3139 1556 3182 ea.

457 3223 496 3284 de
512 3238 594 3283 novo
610 3218 723 3301 incipit
738 3238 807 3281 esse
824 3217 935 3301 ipsius.
950 3217 1008 3279 Per
1022 3218 1082 3279 hoc
1098 3225 1203 3279 aulem
1301 3219 1361 3281 Sed
1389 3219 1448 3280 hac
1477 3218 1670 3281 dillicultate
1699 3219 1820 3297 relicta,
1846 3221 1887 3283 de
1916 3220 2001 3283 donis

457 3320 541 3401 quod
569 3318 653 3381 dona
680 3318 735 3380 Dei
765 3318 950 3399 recipimus,
980 3317 1043 3379 Deo
1072 3317 1205 3397 conjun-
1260 3317 1377 3379 sentire
1402 3324 1527 3398 oportet
1550 3337 1587 3379 ea
1614 3338 1684 3379 esse
1713 3337 1866 3381 connexa.
1890 3319 2001 3395 Dmnes

457 3419 573 3499 gimur,
585 3425 617 3479 et
630 3435 667 3479 eo
682 3416 916 3497 quodammodo
932 3415 1078 3477 lruiruur.
1090 3415 1204 3497 Sicque
1259 3416 1345 3478 enim
1360 3415 1414 3495 qui
1430 3415 1564 3496 gratiam
1578 3423 1702 3496 gratum
1718 3415 1889 3479 facientem
1906 3418 2001 3480 sortiti

458 3516 526 3598 ipse
541 3523 588 3578 est
602 3524 721 3592 noster,
738 3514 803 3577 imo
824 3522 856 3575 et
877 3533 975 3575 unum
992 3532 1064 3575 cum
1085 3513 1201 3576 nobis:
1260 3521 1344 3590 sunt,
1367 3513 1475 3575 ouania
1498 3514 1581 3575 dona
1602 3513 1739 3595 Spiritus
1760 3515 1867 3577 Sancti
1891 3516 2002 3578 habent

323 3636 398 3680 icor.
414 3650 443 3685 η,
459 3614 513 3695 qui
533 3614 619 3677 enim
638 3614 777 3676 adhaeret
795 3613 870 3690 Deo,
887 3631 969 3673 unus
991 3612 1123 3694 spiritus
1144 3620 1201 3674 est.
1260 3612 1435 3674 secundum
1458 3612 1595 3692 aliquem
1617 3613 1761 3693 gradum.
1785 3614 1850 3677 lloc
1872 3614 2003 3677 Thomas

311 3702 402 3805 ’ἑὼ
423 3764 442 3803 5·
458 3713 495 3777 Et
518 3715 622 3775 denuo
643 3712 796 3793 scriptum
819 3720 867 3773 est
890 3734 897 3772 ε
921 3710 1039 3772 Caritas
1063 3710 1117 3772 Dei
1143 3708 1205 3771 dil·
1259 3718 1290 3773 et
1314 3710 1366 3772 alii
1391 3710 1591 3772 concorditer
1612 3711 1733 3773 dicunt.
1757 3712 1844 3775 Dona
1868 3731 2002 3793 namque

404 3792 409 3812 ’
458 3812 529 3874 fusa
550 3819 598 3874 θεῖ
620 3811 653 3872 ln
675 3809 824 3873 cordibus
839 3808 956 3871 nostris
979 3828 1036 3891 per
1050 3807 1203 3890 Spiritum
1260 3808 1383 3871 iaciunt
1397 3808 1559 3870 hominem
1581 3807 1718 3871 faciliter
1740 3810 1892 3873 mobilem
1907 3832 1926 3873 a
1941 3811 2005 3891 Spi-

459 3912 621 3987 Sanctum,
637 3909 691 3990 qui
706 3908 797 3970 datus
813 3916 861 3969 est
877 3906 981 3971 nobis.
1261 3907 1323 3968 ritu
1339 3907 1452 3969 Sancto
1470 3929 1477 3967 :
1493 3906 1577 3986 quod
1600 3905 1672 3969 lieri
1695 3908 1817 3988 nequit,
1832 3909 1898 3970 nisi
1922 3908 2005 3972 omni

498 4009 592 4072 Porro
621 4007 756 4089 Spiritus
785 4007 917 4068 Sanctus
945 4005 1064 4068 donum
1098 4004 1206 4086 appel·
1261 4004 1385 4065 mortali
1408 4011 1513 4065 careat
1534 4004 1638 4086 culpa,
1663 4005 1766 4086 sitque
1787 4006 1925 4069 virtutes
1946 3999 2008 4067 nio

458 4109 541 4170 latur
560 4114 591 4169 et
609 4106 729 4167 datum.
746 4105 805 4167 Sed
827 4123 896 4165 esse
916 4105 1034 4166 donum
1055 4103 1206 4165 convenit
1262 4101 1343 4164 rales
1372 4104 1505 4183 adeptus
1530 4104 1597 4166 sive
1622 4124 1680 4186 per
1708 4104 1919 4184 inlusionem,
1944 4105 2008 4167 sive

459 4205 488 4267 ei
513 4205 552 4267 ab
576 4212 705 4281 aeterno,
730 4202 997 4283 quemadmodum
1022 4221 1091 4263 esse
1119 4219 1206 4262 amo-
1221 4202 1245 4263 D
1262 4220 1319 4281 per
1333 4200 1611 4280 exercitationem
1628 4202 1681 4283 qui
1703 4211 1809 4264 autem
1825 4202 2009 4284 hujusmodi

459 4324 537 4383 rem,
561 4302 709 4384 quoniam
732 4301 805 4362 lluit
826 4320 844 4362 a
866 4299 953 4362 Patre
975 4319 1011 4361 ac
1033 4299 1113 4362 Filio
1139 4307 1206 4360 tan·
1262 4306 1321 4375 est,
1337 4298 1480 4360 omnium
1499 4299 1654 4362 donorum
1674 4309 1764 4361 actus
1779 4300 1875 4363 habet
1891 4301 1943 4364 vel
1959 4301 2011 4362 ba·
2122 4379 2123 4384 ἵ

457 4422 552 4484 quam
575 4399 755 4477 donabilis3
772 4418 841 4460 esse
863 4406 968 4460 autem
990 4399 1099 4460 datum
1121 4417 1206 4460 com·
1262 4396 1347 4457 bilus
1368 4398 1541 4458 secundum
1563 4397 1700 4478 aliquem
1721 4399 1867 4479 gradum,
1885 4418 1947 4461 nec
1966 4408 2010 4460 θεῖ
2122 4389 2123 4410 l

457 4501 538 4584 petit
571 4500 601 4561 ei
636 4518 675 4561 ex
710 4506 864 4579 tempure,
895 4496 1019 4558 seilicet
1053 4496 1205 4578 quoniam
1262 4494 1342 4557 ratio
1364 4514 1421 4557 cur
1444 4495 1536 4557 donis
1560 4505 1691 4573 careret,
1717 4482 1950 4577 quum'lactus
1972 4496 2011 4558 sit
2122 4529 2123 4536 κ

458 4598 621 4662 caritatem
656 4604 687 4659 et
719 4594 853 4677 gratiam
890 4602 998 4657 causat
1032 4594 1063 4655 in
1100 4593 1203 4669 nobis,
1261 4612 1360 4675 capax
1383 4612 1505 4655 eorum.
1531 4592 1695 4675 Praeterea,
1720 4597 1803 4658 dona
1831 4596 1953 4657 dantur
1979 4595 2010 4655 in
2122 4637 2123 4690 ἰ

456 4695 602 4779 quamvis
624 4714 661 4757 er
680 4696 740 4756 hoc
765 4692 852 4755 nulla
874 4692 994 4755 oriatur
1016 4692 1150 4754 mutatio
1172 4691 1205 4752 in
1260 4692 1451 4773 adjutorium
1466 4692 1722 4775 virtutumzergo
1734 4694 1817 4757 dona
1831 4713 2013 4777 praesuppo

457 4794 578 4877 Spiritu
606 4794 732 4869 Sancto,
759 4792 813 4853 sed
850 4791 882 4851 in
916 4790 1089 4871 recipiente
1122 4790 1206 4851 dona
1261 4799 1342 4853 nunt
1363 4810 1416 4853 eas
1435 4790 1540 4853 inesse
1560 4790 1608 4852 illi
1633 4792 1683 4854 cui
1706 4791 1834 4873 aliquod
1854 4794 2012 4875 competit
2122 4801 2123 4878 ζ

457 4892 569 4975 ipsius.
597 4890 684 4952 Unde
708 4890 741 4950 in
764 4888 936 4969 Evangelio
960 4888 1004 4950 ait
1027 4888 1170 4950 Salvator
1196 4912 1202 4949 :
1260 4889 1390 4951 donum.
1407 4888 1463 4962 Qui
1480 4896 1585 4950 autem
1599 4887 1769 4951 virtutibus
1784 4889 1900 4971 fulget,
1918 4890 2014 4974 sepli-

310 4992 490 5057 Lac.11.¹a.Si
514 5009 568 5053 vos
590 5006 688 5069 quum
711 4986 781 5047 sitis
802 4986 889 5063 mali,
907 4986 1007 5048 nostis
1029 4986 1112 5048 bona
1132 4986 1205 5047 dala
1260 4988 1372 5051 lormis
1396 4988 1573 5050 influentiae
1594 4987 1730 5069 Spiritus
1754 4988 1859 5050 Sancti
1888 4998 1941 5052 cst
1964 5010 2014 5052 ca-

458 5092 533 5153 dare
566 5087 646 5150 liliis
676 5084 804 5163 vestris,
831 5093 947 5167 quanto
981 5085 1083 5166 magis
1116 5085 1206 5147 Pater
1262 5106 1332 5170 pax.
1363 5086 1499 5167 Spiritus
1532 5086 1665 5148 Sanctus
1700 5094 1806 5148 autem
1834 5087 2015 5169 unicuique
2036 5114 2107 5157 {sna

458 5194 564 5251 vester
579 5183 717 5248 coelestis
739 5182 826 5245 dabit
847 5182 994 5266 spiritum
1017 5183 1136 5246 bonum
1152 5203 1205 5266 pc·
1261 5184 1371 5247 inlluit
1398 5185 1573 5246 secundum
1601 5183 1762 5265 propriam
1787 5184 1958 5263 virtutem,
1984 5187 2014 5247 id
2028 5182 2073 5222 Μ’·

458 5285 599 5351 tentibus
615 5286 670 5347 sel
686 5283 709 5346 0
724 5282 831 5347 nobile
852 5282 983 5361 donum,
1001 5301 1020 5345 o
1035 5282 1206 5347 inaestima-
1262 5290 1311 5346 est
1325 5282 1501 5345 secundum
1523 5280 1747 5364 recipientium
1768 5279 1966 5363 dignitatem
1987 5290 2017 5346 θῖ
