4309 6259
417 486 477 556 tou
832 510 989 558 aurosum
1008 510 1107 558 urum
1130 511 1137 556 :
1160 510 1248 569 naus,
1271 510 1411 559 mauron
1430 512 1549 559 onurou

458 685 500 743 Te
514 700 604 743 mens
618 685 731 743 adoret
750 684 870 755 sobrio,
886 682 918 747 id
937 690 995 762 est,
1012 683 1051 746 da
1070 682 1162 747 nohis
1177 682 1203 745 A
1217 682 1344 746 instruit
1357 702 1412 747 eos
1425 684 1603 766 disciplina.
1620 684 1686 749 lmo
1700 685 1733 747 in
1756 702 1879 761 somno,
1896 704 1968 747 ees·

416 788 451 841 ut
465 787 496 842 te
511 788 617 843 mente
633 781 737 845 sobria
751 783 930 859 adoremus,
946 782 977 844 id
992 791 1041 845 est
1055 790 1162 845 mente

417 877 570 956 ordinata,
588 878 733 957 discreta,
750 897 814 943 non
829 890 1090 963 praesumptuosa,
1102 900 1162 943 nec

416 996 455 1040 ex
475 978 615 1059 corporis
638 978 879 1042 immoderantia
902 987 1107 1061 pregravata,
1129 987 1164 1042 ut

282 1090 336 1135 aaa.
358 1104 401 1141 m.
416 1076 604 1157 impleamus
619 1078 703 1157 quod
718 1078 812 1159 jussit
826 1078 970 1141 Salvator
985 1077 1164 1141 :Attendite

269 1156 303 1197 ³⁴·
417 1194 457 1237 ne
477 1183 648 1255 graventur
667 1177 762 1239 corda
782 1184 886 1239 vestra
905 1176 939 1239 in
958 1177 1088 1259 crapula
1111 1176 1163 1239 vel

417 1273 577 1336 ebrietate.
594 1273 681 1348 Quod
703 1293 799 1355 quam
819 1276 981 1337 vitandum
1002 1274 1041 1337 sit
1060 1275 1161 1353 nohis,

418 1379 592 1435 constater
606 1391 644 1435 eo
659 1374 743 1454 quod
758 1373 790 1435 in
806 1373 925 1455 llegula
939 1373 1051 1437 asserit
1065 1374 1096 1436 S.
1109 1374 1165 1436 Be-

417 1470 562 1532 nedictus
579 1492 586 1531 :
604 1470 686 1533 Nihil
706 1470 751 1533 sio
770 1470 897 1533 indeeet
916 1471 1108 1534 monachum
1130 1481 1165 1534 ut

417 1567 599 1650 indigeries.

331 1677 350 1733 d
459 1671 500 1729 Ut
515 1688 615 1747 qnam
628 1670 799 1745 profunda
814 1672 970 1731 clauserit
985 1672 1071 1729 diem
1086 1673 1165 1730 cati-

411 1786 452 1843 ρο
468 1768 623 1836 noett’rrm,
638 1769 720 1843 fides
741 1770 889 1827 tenebras
903 1770 1038 1837 neseiat,
1054 1778 1084 1828 et
1099 1788 1165 1828 noce

1217 783 1359 846 sontibus
1382 783 1572 847 exteriorum
1596 804 1747 847 sensuum
1775 784 1968 865 inquietudi-

1217 882 1321 959 nibus,
1351 883 1446 945 homo
1479 882 1637 945 interdum
1671 882 1818 964 capacior
1844 891 1893 945 est
1916 884 1968 944 in-

1216 978 1423 1043 fluentiarum
1451 989 1482 1043 et
1516 981 1745 1045 revelationum
1773 980 1962 1044 eoelestium.

1216 1079 1410 1160 Quandoque
1429 1081 1524 1144 etiam
1545 1098 1676 1144 somnus
1698 1080 1824 1144 tenuior
1846 1087 1904 1158 est,
1921 1080 1967 1141 ita

1218 1178 1302 1258 quod
1326 1197 1417 1240 mens
1436 1187 1514 1256 orat,
1530 1179 1637 1260 psallit
1654 1198 1692 1241 ac
1711 1178 1843 1242 subtiles
1860 1179 1967 1241 consi-

1218 1275 1395 1339 derationes
1415 1276 1509 1339 hahet
1524 1277 1556 1339 in
1572 1295 1695 1355 somno,
1711 1284 1743 1339 et
1761 1295 1858 1358 super
1874 1284 1966 1339 actus

1218 1392 1292 1438 suos
1327 1374 1502 1438 reflectitur
1528 1377 1793 1457 postmodumque
1821 1375 1967 1438 meminit

1218 1474 1412 1536 eorumdem.
1429 1476 1583 1535 Dormire
1596 1479 1694 1552 calpa
1707 1476 1847 1543 noverit,
1858 1473 1889 1536 id
1903 1481 1963 1550 est,

1219 1570 1357 1633 totaliter
1371 1580 1484 1649 cesset,
1501 1592 1560 1634 nec
1575 1593 1613 1635 ex
1628 1572 1785 1655 praeterita
1799 1571 1966 1653 culparum

1218 1688 1255 1731 ac
1272 1670 1449 1750 specierum
1465 1671 1727 1733 rememomtione
1746 1669 1917 1732 illudamur
1932 1670 1964 1731 in

1219 1786 1342 1831 somno.
1359 1768 1506 1832 Cessante
1529 1788 1606 1831 vero
1626 1768 1765 1832 dominio
1784 1767 1913 1831 rationis
1931 1768 1965 1830 in

413 1867 479 1941 fide
503 1868 646 1925 reluceat
662 1885 673 1925 .·
688 1864 719 1927 id
743 1874 801 1942 est,
818 1873 973 1947 qnatenus
998 1888 1015 1925 a
1042 1865 1124 1928 fides
1146 1888 1163 1925 a
1182 1866 1205 1929 B
1220 1884 1342 1944 somno,
1359 1866 1454 1930 homo
1469 1886 1533 1930 non
1548 1876 1660 1949 peccat
1673 1867 1706 1928 iu
1720 1885 1769 1945 eo,
1786 1886 1885 1948 quum
1900 1886 1964 1930 non

416 1969 523 2025 nostra
538 1984 555 2022 u
571 1962 692 2026 nesciat
708 1984 737 2039 n,
754 1963 785 2025 id
810 1972 868 2041 est,
884 1982 1084 2046 nequaquam
1111 1965 1164 2027 ad-

417 2061 529 2136 mittat,
547 2062 601 2123 sed
627 2079 757 2142 prorsus
783 2061 924 2142 repellat,
942 2084 959 2122 «
980 2063 1126 2126 tenebras
1147 2086 1163 2121 a

415 2158 622 2237 infidelitatis,
649 2159 843 2241 ignorantie,
871 2161 985 2223 erroris
1014 2181 1050 2223 ae
1074 2162 1165 2224 vitio-

418 2275 486 2317 rum
501 2280 509 2333 3
525 2278 542 2315 s
558 2264 590 2319 et
604 2274 666 2320 nox
681 2256 745 2320 fide
761 2257 900 2320 reluceat
915 2279 943 2335 n,
960 2258 991 2320 id
1011 2268 1069 2336 est,
1086 2258 1165 2321 fide-

418 2354 463 2417 les
483 2354 517 2415 in
541 2362 634 2417 nocte
658 2355 845 2435 splendeant
868 2356 944 2419 fidei
968 2357 1109 2420 claritate
1133 2366 1165 2421 et

417 2450 482 2514 fide
511 2450 646 2515 formata
672 2475 679 2513 :
711 2451 791 2515 fides
820 2472 958 2535 namque
987 2465 1034 2518 est
1063 2456 1164 2537 prima

417 2550 605 2613 illuminatio
625 2551 831 2629 mentiatur,
850 2552 979 2616 lucerna
997 2562 1029 2617 et
1052 2555 1164 2617 oculus

418 2648 637 2728 rationisque
658 2649 691 2711 in
715 2657 808 2712 nocte
833 2650 1003 2729 munimur,
1020 2670 1079 2715 nee
1101 2652 1165 2714 for-

418 2746 586 2825 midamus,
604 2748 680 2810 certi
701 2749 740 2811 de
761 2749 927 2829 praesentia
946 2749 1000 2812 llel
1019 2758 1051 2812 et
1069 2770 1166 2831 ange-

419 2844 521 2906 lorum
543 2854 735 2909 sanctorum.

331 2944 348 2999 6
455 2945 609 3004 Dormire
624 2956 761 3006 mentem
777 2966 817 3006 ne
835 2948 936 3017 sinas,
952 2947 982 3010 id
1002 2956 1060 3025 est,
1078 2968 1166 3010 men-

1219 1965 1258 2026 sit
1277 1966 1311 2027 in
1330 1966 1400 2047 ejus
1424 1974 1577 2047 potestate
1596 1965 1775 2030 illusionem
1794 1966 1881 2028 illam
1900 1965 1966 2028 evi-

1218 2072 1295 2140 tare,
1312 2065 1457 2145 quamvis
1472 2064 1641 2146 aliquando
1655 2084 1783 2127 causam
1803 2064 1873 2145 ejus
1888 2064 1966 2126 vita-

1218 2181 1252 2223 re
1276 2162 1423 2244 potuerit,
1450 2171 1543 2244 prout
1563 2163 1709 2240 Thomas,
1732 2162 1889 2240 Alhertns,
1909 2162 1966 2224 Pe-

1218 2268 1295 2338 trus,
1305 2260 1478 2323 llichardus
1493 2270 1524 2324 et
1538 2261 1588 2323 alii
1606 2261 1695 2323 multi
1709 2261 1854 2326 doctores
1870 2279 1966 2341 super

1218 2366 1364 2439 quartum
1381 2359 1612 2421 Sententiarum
1628 2358 1843 2422 conscribunt.
1862 2359 1886 2420 A
1901 2376 1965 2439 qna
1979 2379 2120 2435 cnaxnr.
2145 2343 2146 2414 l

1218 2463 1322 2517 tamen
1339 2456 1474 2536 petimus
1488 2445 1683 2538 praeservari,
1699 2456 1849 2537 quoniam
1868 2456 1966 2517 indis-
1977 2444 2120 2497 ⁹²⁸⁰&st

1218 2554 1355 2634 positum
1374 2553 1476 2616 efficit
1501 2554 1660 2617 hominem
1680 2563 1712 2617 et
1731 2555 1836 2616 minus
1855 2563 1965 2635 aptum

1218 2651 1257 2713 ad
1280 2651 1498 2729 elevationem,
1522 2659 1553 2715 ct
1571 2651 1657 2716 foeda
1675 2662 1724 2715 est
1741 2652 1810 2734 ipsa
1834 2652 1966 2733 pollutio

1218 2758 1312 2830 atque
1327 2769 1346 2811 a
1360 2749 1570 2813 celebratione
1585 2750 1716 2833 impedit
1731 2758 1761 2812 et
1775 2750 1912 2832 elongat.

1258 2850 1366 2909 Castus
1379 2852 1461 2925 fides
1476 2848 1734 2927 refrigeret:hoc
1750 2856 1807 2927 est,
1815 2848 1875 2931 ipsi
1891 2868 1967 2912 con-

1219 2946 1355 3008 tinentes
1373 2953 1447 3007 actu
1466 2945 1541 3008 fidel
1566 2966 1629 3009 sua
1652 2954 1845 3024 recreentur,
1863 2947 1967 3010 consi-

417 3048 464 3103 tas
489 3050 612 3105 nostras
638 3062 838 3125 nequaquam
864 3045 1027 3126 permittas
1053 3044 1165 3110 sdmno
1180 3040 1202 3103 (l
1219 3044 1358 3106 derando
1373 3042 1520 3119 salubria,
1529 3042 1725 3105 etafervore
1741 3043 1963 3122 sensualitatis,

418 3140 540 3220 peceati
554 3142 645 3203 obrui
661 3142 808 3205 acediavc
829 3151 964 3223 torpere,
982 3152 1075 3226 prout
1096 3163 1165 3207 ora-

284 3256 367 3307 rem,
380 3260 401 3301 t.
418 3237 463 3300 vit
484 3238 531 3299 vir
553 3248 681 3302 sanctus
698 3263 705 3301 ε
722 3240 868 3303 lllumina
886 3242 996 3304 oculos
1016 3261 1104 3305 meos
1123 3262 1164 3305 ue

420 3354 560 3416 unquam
585 3338 780 3401 obdormiam
805 3338 836 3399 in
861 3349 1006 3403 mortem.
1034 3341 1161 3417 Verum,

417 3434 567 3513 qnoniam
590 3436 727 3518 cognitio
747 3436 967 3501 intellectualis
987 3458 1005 3501 a
1025 3438 1164 3501 sensuali

418 3532 528 3596 notitia
555 3532 722 3596 inchoatur
751 3535 1023 3617 communiterque
1046 3536 1164 3616 depen-

416 3634 480 3709 det,
497 3632 571 3695 hinc
591 3632 797 3696 exterioribus
818 3634 962 3697 sensibus
983 3634 1023 3696 ah
1042 3633 1164 3696 actibus

418 3730 483 3793 suis
503 3750 560 3811 per
579 3750 726 3793 somnum
751 3732 912 3814 suspensis
936 3740 968 3794 et
991 3732 1161 3815 impeditis,

418 3829 496 3891 ratio
524 3847 650 3910 quoque
681 3829 805 3911 ligatur,
835 3849 893 3892 nec
928 3838 1033 3891 actum
1071 3850 1163 3892 suum

416 3946 563 3990 exercere
579 3934 683 4008 potest
699 3927 850 4007 perfecte,
868 3926 927 3989 uisi
943 3928 1079 4009 desuper
1094 3929 1165 3991 illu-

418 4032 533 4087 stretur
550 4048 557 4086 ε
575 4026 684 4105 sieque
707 4025 785 4088 ratio
809 4024 910 4087 fertur
934 4048 950 4085 s
975 4027 1112 4089 dormire
1133 4050 1160 4105 a,

417 4125 478 4187 hoc
494 4130 541 4186 est
556 4123 683 4185 abacto
700 4141 757 4185 suo
779 4142 913 4187 cessare.
931 4125 1066 4187 Petimus
1089 4145 1164 4208 ergo

1219 3142 1273 3222 qui
1295 3141 1375 3204 solet
1393 3142 1424 3202 ln
1443 3149 1537 3203 nocte
1559 3142 1714 3218 accidere,
1740 3141 1966 3223 infrigidemur

1219 3260 1257 3303 ex
1286 3239 1500 3321 speculatione
1524 3247 1556 3301 et
1580 3239 1691 3302 timore
1720 3240 1965 3303 novissimorum

1219 3357 1359 3415 suorum,
1390 3358 1427 3400 ex
1456 3338 1699 3419 compunctione
1723 3357 1849 3420 quoqne
1873 3348 1965 3403 etex

1220 3437 1438 3518 compassione
1458 3436 1624 3499 dominicae
1649 3435 1804 3517 passionis
1823 3438 1864 3500 ah
1885 3448 1965 3503 astu

1219 3534 1483 3617 concupiscentias
1506 3535 1714 3598 retrahantur.
1732 3540 1849 3599 Somni
1872 3558 1966 3615 vapo-

1220 3656 1286 3696 rem
1304 3643 1457 3709 temperet
1474 3655 1485 3693 .·
1500 3634 1531 3695 id
1546 3642 1604 3711 est,
1617 3635 1883 3700 considerationes
1898 3637 1966 3699 istae

1219 3733 1426 3815 procedentes
1447 3752 1484 3794 ex
1508 3731 1581 3810 fide,
1599 3733 1760 3796 subtilient
1780 3743 1875 3815 atque
1897 3754 1967 3798 mo

1218 3831 1368 3893 darentur
1382 3853 1399 3889 (ι
1415 3848 1565 3911 vaporem
1578 3852 1605 3908 n,
1614 3830 1675 3893 hoc
1689 3840 1737 3894 est
1751 3832 1965 3896 exhalationes

1218 3937 1250 3991 et
1265 3929 1388 3991 fumum
1403 3928 1627 3990 ascendentem
1647 3930 1686 3991 ad
1706 3931 1871 3993 cerebrum
1891 3951 1966 3995 cau-

1218 4036 1403 4108 santemqne
1420 4045 1577 4105 somnum,
1595 4028 1747 4109 replendo
1766 4038 1888 4091 meatus
1906 4051 1966 4114 per

1217 4145 1297 4207 quos
1316 4126 1364 4188 vis
1383 4125 1531 4188 sensitiva
1550 4144 1569 4186 a
1588 4146 1683 4188 sensu
1703 4128 1863 4190 communi
1882 4129 1967 4191 deri-

417 4243 457 4285 ne
483 4222 609 4305 penitus
633 4222 778 4299 dormint,
795 4222 827 4283 in
851 4230 972 4285 tantum
998 4232 1033 4285 ut
1056 4245 1116 4287 nec
1145 4222 1310 4288 allvatur
1324 4226 1362 4287 ad
1379 4242 1491 4286 sensus
1505 4224 1685 4287 exteriores.
1703 4223 1822 4307 Nempe
1837 4244 1894 4307 per
1906 4227 1965 4290 has

417 4320 632 4403 superioribus
670 4320 773 4382 causis
812 4318 1017 4385 illuminetur.
1056 4324 1164 4387 Solent

417 4439 554 4501 namque
569 4420 727 4481 interdum
743 4440 761 4481 a
775 4420 839 4483 Deo
855 4440 912 4501 per
926 4422 1055 4504 angelos
1065 4423 1165 4485 multa

416 4528 448 4583 et
485 4538 600 4601 magna
637 4518 669 4579 in
710 4536 821 4581 somno
861 4521 993 4583 revelari
1029 4530 1161 4599 secreta,

280 4634 368 4678 nmen.
387 4618 683 4701 1,qllelllttdlll0(ltlm
698 4617 730 4678 in
745 4616 914 4700 Evangelio
935 4619 1049 4701 legitur
1070 4639 1165 4701 ange-

269 4700 349 4812 Ἠ
368 4700 401 4749 ¹³·
418 4717 467 4780 lus
489 4716 520 4778 S.
543 4715 659 4795 loseph
680 4734 762 4797 saepe
787 4716 819 4776 in
845 4734 956 4780 somno
981 4717 1164 4799 apparuisse

417 4824 448 4879 et
462 4814 567 4896 aliqua
581 4813 787 4877 commisisse.
805 4815 840 4876 ln
855 4814 1000 4877 Numeris
1013 4815 1164 4879 Dominus

269 4932 399 4983 mmsis.
416 4914 459 4977 ait
473 4915 513 4976 ad
529 4914 631 4975 Aaron
647 4919 678 4975 et
693 4911 818 4975 llariam
833 4936 838 4974 :
855 4913 885 4975 Si
902 4913 997 4976 fuerit
1011 4914 1094 4976 inter
1108 4934 1164 4977 vos

416 5013 580 5094 Propheta,
599 5012 630 5074 in
657 5010 776 5074 visione
801 5012 960 5093 apparebo
975 5012 1014 5088 ei,
1032 5012 1081 5074 vel
1108 5032 1165 5094 per

417 5111 575 5175 somnium
600 5110 712 5190 loquar
734 5111 773 5171 ad
798 5128 882 5172 eum.
910 5110 960 5172 Sic
984 5118 1015 5172 et
1044 5110 1076 5171 in
1106 5111 1164 5174 Joh

276 5226 400 5278 rounam,
417 5209 569 5291 seriptum
599 5215 647 5271 est
674 5230 681 5269 ε
707 5208 765 5270 l’er
794 5206 951 5270 somnium
980 5208 1012 5270 in
1044 5207 1163 5273 visione

269 5293 347 5341 ¹⁵³⁶·
415 5317 571 5372 noctuma
600 5306 700 5389 aperit
722 5305 805 5369 Deus
833 5325 924 5370 aures
955 5306 1106 5387 virorum,
1132 5315 1164 5371 et

1217 4326 1294 4388 fidei
1318 4322 1585 4387 considerationes
1611 4323 1814 4387 remittuntur
1837 4325 1966 4390 inferio-

1218 4444 1288 4487 rum
1304 4423 1416 4485 virium
1432 4422 1698 4503 actiones,sicque
1714 4442 1844 4487 somnus
1859 4426 1966 4489 minus

1218 4541 1346 4604 grossus
1372 4529 1403 4584 et
1427 4519 1594 4582 diuturnus
1623 4520 1773 4599 efficitur,
1800 4532 1831 4586 et
1859 4524 1965 4587 minus

1219 4622 1295 4703 ligat
1315 4640 1352 4682 ac
1374 4618 1505 4701 impedit
1526 4618 1690 4682 rationem.

1259 4724 1372 4782 Emuta
1404 4737 1501 4778 sensae
1530 4719 1666 4788 lubrico,
1696 4728 1726 4778 te
1754 4724 1864 4783 cordis
1893 4727 1965 4783 alta

1218 4819 1377 4879 somnient
1393 4838 1404 4876 .·
1420 4816 1450 4878 id
1466 4823 1524 4893 est,
1541 4816 1720 4896 superiores
1739 4818 1852 4881 animae
1867 4820 1962 4899 vireS,

1218 4916 1268 4978 rel
1285 4914 1388 4997 potius
1403 4914 1542 4995 ipsarum
1563 4913 1677 4977 virium
1697 4918 1917 5010 supremitates
1931 4929 1965 4982 et
1997 4929 2006 4939 ·

1217 5013 1342 5076 habitus
1362 5012 1531 5093 digniores,
1548 5030 1627 5093 apex
1647 5013 1786 5092 rationis,
1804 5016 1966 5098 sapientiae

1217 5116 1348 5188 donum,
1366 5110 1562 5193 signaculum
1584 5110 1774 5191 intellectus,
1792 5136 1809 5172 u
1825 5122 1918 5178 exuta
1934 5140 1964 5196 a,

1217 5209 1248 5272 id
1269 5216 1318 5272 est
1336 5209 1489 5290 depurata
1512 5216 1544 5271 et
1567 5208 1733 5288 abstracta,
1756 5233 1773 5269 «
1799 5230 1894 5275 sensu
1918 5214 1969 5277 lu-

1218 5306 1305 5371 brico
1316 5306 1385 5387 »,ἰά
1399 5315 1474 5371 esta
1485 5306 1664 5371 sensatione
1678 5307 1796 5373 lasciva
1811 5328 1868 5374 seu
1880 5313 1968 5397 turpi
