4309 6259
474 474 534 543 248
598 526 601 532 ·
781 494 821 541 llll
841 494 931 541 acuta
952 492 1086 541 sarulsus
1108 491 1226 553 SANG'l'l,
1248 489 1421 537 muamus
1443 490 1483 535 lV.
1506 508 1547 520 -
1566 489 1691 537 luctato
1712 490 1723 537 l

474 684 540 730 non
560 666 641 730 siout
663 664 696 728 in
721 664 865 749 subjecto
891 671 997 727 actum
1020 660 1150 743 justitia
1170 661 1225 725 eli·
1239 660 1264 723 Α
1278 659 1333 723 alii
1348 660 1464 740 Sancti,
1474 658 1705 741 manifesteque
1719 660 1831 723 asserit
1843 678 1925 742 snper
1937 658 1991 736 lob,
2093 660 2094 715 ἶ

476 764 591 829 ciente.
1278 759 1362 840 quod
1381 759 1465 822 dona
1485 759 1643 821 donantur
1664 757 1697 820 in
1719 758 1934 840 expeditionem
1952 759 1994 820 ad·
2093 786 2094 799 ι

517 862 619 925 Tertia
647 863 776 925 demum
800 860 860 923 fuit
884 859 1002 941 opinio,
1028 858 1112 941 quod
1142 859 1225 920 dona
1277 856 1492 938 jutoriumque
1516 857 1678 919 virtutum.
1700 856 1738 918 llt
1759 865 1808 920 est
1833 856 1931 939 positio
1947 856 1993 917 ista
2093 854 2094 915 ζ

476 959 626 1023 dicuntur
640 978 698 1041 per
718 956 988 1039 comparationem
1010 955 1049 1017 ad
1069 954 1167 1017 Deum
1188 972 1225 1016 ea
1278 956 1372 1033 bona,
1399 954 1544 1037 quamvis
1568 975 1587 1017 a
1615 954 1804 1037 quibusdam
1832 953 1994 1038 reprobanti·
2093 1002 2094 1005 ,

477 1059 659 1137 donantem,
681 1056 752 1120 idco
777 1062 851 1118 sunt
875 1056 907 1118 in
932 1052 1087 1135 superiori
1113 1051 1225 1114 animae
1279 1054 1338 1117 bus
1353 1073 1422 1117 eam
1438 1072 1502 1117 non
1518 1054 1557 1116 sit
1572 1054 1653 1117 hene
1668 1054 1844 1136 explanata.

478 1165 587 1240 parte3
609 1156 742 1218 virtutes
764 1173 840 1217 vero
867 1154 1015 1216 dicuntur
1039 1170 1096 1233 per
1120 1170 1226 1232 respe-
1318 1153 1425 1234 ltaque
1452 1153 1692 1231 advertendum,
1722 1154 1807 1235 quod
1836 1153 1936 1235 duplex
1959 1158 1994 1212 εει

477 1262 564 1318 ctum
579 1255 618 1317 ad
640 1253 789 1335 specialia
809 1271 916 1333 opera,
933 1259 1068 1331 suntque
1089 1249 1121 1311 in
1137 1257 1225 1329 parte
1278 1251 1541 1333 impedimentum
1553 1250 1675 1313 virtutis
1686 1251 1726 1313 ad
1737 1250 1893 1332 proprium
1902 1257 1993 1313 actum.
2093 1306 2094 1309 ,

477 1352 590 1417 anima)
604 1351 756 1415 inferiori.
769 1351 829 1414 Sed
844 1350 927 1412 istud
942 1367 1007 1410 non
1021 1348 1117 1427 valet,
1127 1366 1225 1429 quum
1279 1349 1417 1412 Primum
1432 1358 1480 1412 est
1495 1370 1533 1413 ex
1547 1350 1787 1430 indispositione
1803 1350 1936 1431 potentia
1953 1368 1994 1411 seu

477 1451 609 1514 virtutes
632 1449 817 1531 theologicas
841 1448 904 1511 sint
927 1448 1019 1510 donis
1040 1445 1226 1509 eminentio-
1280 1448 1435 1529 subjecti3
1452 1456 1484 1511 ει
1502 1449 1562 1512 hoc
1584 1449 1682 1512 virtus
1704 1448 1942 1513 convalescendo
1957 1466 1996 1509 ex·

478 1568 539 1627 res,
556 1556 588 1611 et
607 1548 641 1609 in
663 1566 811 1629 suprema
833 1554 922 1628 parte
943 1545 1068 1607 animae.
1280 1545 1379 1608 cludit
1398 1565 1454 1627 per
1474 1566 1517 1609 se.
1535 1547 1579 1610 De
1598 1565 1662 1626 quo
1681 1547 1724 1609 ait
1737 1546 1918 1623 Bernardus,
1931 1544 1995 1626 quod
2093 1540 2094 1581 ³

517 1646 622 1722 Quarti
643 1664 719 1727 ergo
740 1646 897 1723 dixerunt,
920 1644 1004 1724 quod
1025 1643 1157 1705 virtutes
1180 1641 1226 1701 in·
1279 1642 1357 1705 nihil
1382 1652 1430 1707 cst
1452 1645 1531 1707 adeo
1554 1643 1699 1721 difficile,
1724 1645 1808 1725 quod
1835 1642 1996 1707 consuetudo
2093 1636 2094 1649 ²

477 1745 611 1809 suntad
633 1752 719 1807 recte
743 1744 901 1825 agendum
928 1741 1103 1804 secundum
1128 1739 1225 1801 vitam
1281 1761 1343 1804 non
1366 1742 1474 1804 reddat
1493 1741 1595 1805 facile.
1613 1742 1699 1817 Quod
1714 1743 1747 1803 in
1767 1742 1923 1805 virtutibus
1940 1760 1996 1803 con·

476 1863 546 1926 quae
562 1843 732 1924 unicuique
747 1841 868 1903 sufficit
882 1840 1058 1904 secundum
1074 1858 1119 1917 se,
1131 1846 1225 1919 atque
1243 1842 1267 1903 Β
1282 1838 1530 1902 suetudinalihus
1545 1858 1602 1902 seu
1623 1840 1785 1920 acquisitis
1798 1840 1942 1922 praecipue
1957 1856 1996 1901 re

476 1944 516 2005 ad
552 1941 771 2003 sustinendum
807 1940 970 2021 passiones
1003 1937 1070 1999 sive
1101 1936 1225 1997 innatas
1281 1956 1350 1998 rum
1379 1944 1427 1999 est
1457 1960 1464 1999 ι
1491 1938 1531 1999 de
1558 1938 1674 2018 quibus
1701 1938 1778 2002 dicit
1805 1936 1994 2017 Philosophus,

477 2041 543 2102 sive
572 2039 695 2114 illatas3
722 2039 806 2100 dona
834 2045 941 2099 autem
971 2044 1046 2097 sunt
1073 2034 1107 2096 in
1136 2034 1226 2114 adju·
1279 2035 1362 2115 quod
1379 2035 1443 2096 nati
1460 2054 1633 2099 sumuseas
1649 2032 1996 2117 suscipcrc,sedperfue·
2093 2030 2094 2037 ’

477 2137 591 2201 torium
622 2136 832 2217 potentiarum
860 2134 984 2212 animae,
1010 2141 1045 2196 ut
1070 2132 1227 2214 patiamur
1281 2133 1751 2196 reaconsuetudineest.hliud
1766 2133 1995 2215 impedimentum
2093 2140 2094 2215 Q

477 2235 684 2299 conformiter
711 2233 843 2297 Christo.
874 2233 912 2295 Et
939 2234 998 2295 hoc
1029 2231 1104 2293 satis
1134 2230 1227 2292 ratic
1279 2233 1318 2294 ad
1344 2239 1450 2294 actum
1480 2232 1614 2311 virtutis,
1642 2241 1692 2294 est
1719 2251 1757 2295 ex
1786 2229 1996 2313 imperfectione

477 2332 626 2396 nobiliter
648 2332 782 2413 probant
806 2331 862 2393 sic.
885 2331 931 2393 Ad
953 2331 1013 2393 hoc
1033 2330 1118 2411 quod
1140 2327 1227 2391 Chri·
1280 2328 1378 2408 ipsius
1393 2327 1517 2391 habitus
1533 2347 1588 2390 seu
1603 2327 1726 2390 virtutis
1740 2328 1997 2409 :quemadmodum
2093 2312 2094 2351 l

478 2440 546 2494 stus
561 2436 732 2513 pateretur,
749 2430 808 2491 tria
823 2430 1039 2510 exigebantur,
1056 2427 1223 2490 videlicet:
1279 2426 1420 2506 potentia
1443 2433 1549 2488 nostra
1570 2425 1763 2489 intellectiva
1784 2434 1833 2488 est
1854 2426 1890 2488 ad
1912 2442 1997 2488 verum

477 2530 572 2593 timor
592 2527 809 2591 reverentialis
831 2528 869 2589 ad
890 2527 1014 2589 Patrem
1029 2526 1133 2606 ipsum
1156 2524 1227 2586 mit·
1281 2523 1439 2603 primnm3
1469 2530 1501 2585 ει
1530 2524 1568 2586 ad
1597 2524 1658 2586 hoc
1687 2522 1813 2605 perlicit
1842 2542 1909 2586 eam
1936 2520 1998 2583 fides

477 2637 596 2691 tentem
616 2646 653 2689 ac
674 2627 848 2689 tradentem
868 2644 925 2707 pro
945 2624 1093 2687 omnibus
1113 2622 1224 2700 nobis3
1279 2619 1476 2701 imperfecte,
1493 2620 1640 2684 videlicet
1655 2621 1687 2683 in
1704 2620 1834 2703 speculo
1850 2629 1934 2702 atquc
1946 2618 1999 2681 eni·
2015 2635 2086 2678 notent

356 2735 509 2800 relucet
543 2726 617 2788 hinc
653 2725 787 2807 replevit
822 2743 895 2787 eum
936 2723 1065 2805 spiritus
1106 2720 1226 2783 timoris
1281 2727 1396 2799 gmate.
1419 2718 1492 2781 ldco
1514 2717 1633 2799 indiget
1653 2718 1793 2799 potentia
1815 2718 1869 2781 illa
1889 2717 1943 2779 alio
1959 2702 2032 2777 ha=¹²·

477 2825 611 2888 Domini.
638 2823 818 2887 Secundum
846 2821 917 2902 fuit,
943 2830 978 2883 ut
1002 2820 1142 2884 Christus
1173 2838 1227 2901 pa·
1280 2816 1348 2879 bitu
1369 2835 1439 2878 cam
1463 2816 1556 2878 altius
1577 2815 1773 2897 perficiente,
1794 2816 1848 2897 qui
1870 2824 1916 2879 est
1932 2813 1999 2896 quasi

477 2931 598 2986 teretur
612 2942 649 2985 ex
663 2940 771 2985 amore
791 2921 830 2983 ad
851 2919 997 2983 homines
1015 2942 1022 2980 :
1040 2919 1149 2998 sicque
1164 2917 1228 2981 exi·
1281 2914 1419 2976 secunda
1439 2912 1592 2995 perfectio
1611 2914 1692 2995 ejus,
1711 2921 1742 2977 ει
1760 2914 1854 2977 altius
1875 2933 1938 2978 eam
1954 2912 2001 2975 olo-

479 3021 612 3103 gebatur
635 3020 668 3082 in
692 3038 730 3082 eo
752 3027 784 3081 et
805 3019 917 3099 pietas.
939 3018 1077 3080 Tertium
1100 3015 1170 3095 fuit,
1193 3023 1224 3077 ut
1242 3014 1264 3077 C
1282 3032 1380 3091 vans3
1411 3021 1443 3074 et
1470 3012 1529 3075 iste
1564 3020 1695 3075 vocatur
1728 3014 1848 3076 donum
1881 3037 1888 3075 :
1918 3012 2001 3093 sicque

479 3119 612 3182 viriliter
640 3126 733 3199 atque
761 3116 918 3197 intrepide
947 3135 980 3178 se
1010 3114 1150 3197 passioni
1181 3112 1228 3175 of·
1283 3110 1435 3191 sapientia
1464 3110 1491 3173 ei
1521 3110 1698 3173 infunditur
1726 3120 1757 3174 et
1786 3120 1951 3193 praestatur.
1970 3109 2002 3171 lix

480 3216 578 3279 ferret
599 3239 605 3276 :
627 3223 659 3277 et
681 3214 728 3276 sic
753 3214 786 3275 in
810 3232 849 3276 eo
872 3213 1090 3293 requirebatur
1113 3220 1144 3275 et
1167 3211 1228 3273 for·
1283 3208 1331 3270 his
1356 3216 1480 3271 constat
1505 3208 1637 3271 virtutes
1660 3228 1678 3270 a
1702 3208 1793 3272 donis
1814 3209 1935 3272 realiter
1951 3227 2002 3270 esse

480 3313 580 3376 titudo
594 3312 767 3393 (loquendo
781 3312 821 3373 de
840 3310 889 3372 his
908 3311 1010 3372 trihus
1023 3311 1057 3371 in
1073 3317 1227 3391 quantum
1283 3306 1468 3382 distinctas3
1486 3314 1517 3368 ει
1537 3306 1598 3370 hoc
1620 3313 1706 3369 tenet
1726 3307 1885 3369 Albertus.

480 3420 554 3475 sunt
572 3412 679 3489 dona).
695 3411 790 3473 Porro
810 3409 872 3471 alia
893 3417 1028 3489 quatuor
1048 3409 1131 3471 dona
1154 3426 1228 3471 con·
1323 3404 1383 3467 Sed
1399 3404 1496 3484 objici
1512 3413 1625 3486 potest.
1644 3405 1849 3469 Definitiones
1871 3406 1948 3469 enim
1960 3404 2004 3467 vir-

479 3510 671 3576 comitantur
685 3529 722 3573 ea
736 3517 886 3589 tanquam
903 3507 1056 3589 regentia,
1073 3508 1154 3569 sicut
1174 3508 1228 3569 do·
1283 3511 1387 3565 tutum
1402 3504 1597 3566 conveniunt
1611 3504 1713 3567 donis.
1730 3504 1835 3566 Virtus
1854 3505 1961 3588 quippe
1972 3502 2004 3564 sic

478 3630 556 3672 num
585 3608 724 3671 scientiae
752 3606 913 3688 pietatem,
940 3605 1110 3669 consilium
1139 3604 1229 3667 forti·
1284 3599 1437 3663 definitur
1458 3602 1588 3663 :Virtus
1611 3610 1659 3664 est
1678 3620 1749 3681 quaa
1771 3602 1937 3666 habentem
1954 3621 2005 3685 per-

480 3708 633 3784 tudinem,
663 3705 844 3768 intellectus
872 3710 977 3766 autem
1011 3711 1043 3765 ει
1076 3702 1228 3783 sapientia
1284 3697 1362 3775 ficit,
1389 3706 1420 3761 ει
1446 3717 1525 3779 opus
1551 3698 1621 3779 ejus
1649 3699 1768 3763 bonurn
1794 3700 1917 3779 reddit3
1940 3701 2003 3776 item,

478 3804 688 3870 intentionem
710 3802 858 3884 patientis
879 3801 917 3863 ad
939 3801 1049 3863 Deum.
1071 3800 1144 3862 llaec
1163 3800 1230 3880 opi·
1283 3796 1388 3858 Virtus
1404 3804 1451 3859 est
1467 3796 1628 3878 dispositio
1648 3796 1780 3879 perfecti
1799 3799 1838 3860 ad
1854 3799 2004 3881 optimum;

480 3905 545 3980 nio,
571 3911 650 3965 teste
678 3902 817 3979 Alberto,
849 3899 965 3963 multos
994 3898 1150 3979 valdeque
1179 3917 1230 3960 cc·
1285 3895 1437 3974 itemque,
1469 3894 1573 3957 Virtus
1602 3903 1651 3958 est
1679 3895 1711 3957 in
1739 3894 1926 3961 difficilibus
1949 3897 2006 3979 opti-

481 4002 584 4067 lebres
608 3999 718 4061 habuit
741 3997 937 4060 defensores.
959 3996 1019 4059 Sed
1041 3996 1102 4059 hoc
1124 3996 1231 4059 obviat
1284 4011 1408 4055 morum
1437 3992 1617 4073 operativa3
1644 4002 1675 4056 et
1703 3992 1829 4073 iterum,
1855 3995 1956 4058 Virtus
1973 4002 2006 4057 ost

482 4101 522 4178 ei,
546 4098 621 4179 quia
644 4097 738 4160 etiam
761 4094 884 4157 Christo
905 4114 970 4157 non
991 4095 1155 4157 incarnato
1177 4103 1231 4156 aut
1285 4089 1431 4152 ultimum
1454 4090 1494 4151 de
1520 4090 1659 4171 potentia
1683 4090 1714 4151 in
1741 4110 1774 4153 re
1798 4091 1891 4172 cujus
1913 4100 1971 4169 est3
1986 4098 2007 4153 ct

484 4214 588 4280 passo,
616 4194 763 4257 videlicet
791 4193 817 4254 si
840 4193 936 4254 homo
959 4210 1024 4254 non
1054 4200 1228 4273 peccasset,
1246 4190 1270 4251 D
1285 4206 1405 4265 rursuS,
1428 4188 1603 4250 secundum
1623 4188 1844 4270 Augustinum,
1861 4190 1961 4253 Virtus
1974 4197 2008 4252 ost

484 4295 587 4359 adhuc
608 4294 691 4356 dona
714 4292 773 4353 ista
793 4290 928 4352 fuissent
947 4290 1128 4353 hominibus
1153 4309 1231 4371 praa·
1286 4286 1368 4348 bona
1397 4285 1530 4366 qualitas
1560 4286 1675 4349 mentis
1704 4304 1767 4367 qua
1791 4296 1875 4351 recte
1905 4289 2006 4363 vinitor,

484 4394 567 4457 stita.
587 4392 749 4468 Praeterea,
776 4389 951 4451 secundum
976 4387 1176 4451 Ambrosium
1201 4397 1232 4451 et
1285 4403 1347 4464 qua
1372 4382 1478 4445 nullus
1503 4384 1585 4446 male
1609 4385 1716 4462 utitur,
1738 4404 1833 4466 quam
1854 4385 1940 4450 Deus
1956 4405 2008 4468 ope

349 4519 410 4563 sent.
433 4517 470 4567 m.
484 4492 666 4573 Magistrum
682 4487 914 4552 Sententiarum
934 4486 1075 4565 aliosque
1092 4504 1233 4548 commu·
1286 4490 1372 4543 ratur
1386 4482 1419 4542 in
1438 4482 1529 4544 nohis
1549 4482 1616 4544 sine
1636 4482 1737 4546 uobis.
1755 4482 1865 4545 Omnia
1885 4484 2009 4548 istaccr-

337 4582 391 4688 ξω·
407 4592 579 4669 ¹¹¹''niter,
602 4589 685 4651 dona
708 4587 739 4648 in
765 4585 886 4666 angelis
911 4591 985 4646 sunt
1007 4607 1013 4644 :
1036 4602 1100 4646 non
1126 4591 1231 4646 tamen
1287 4580 1417 4643 veniunt
1440 4580 1542 4643 donis.
1569 4580 1720 4643 Praeterea
1747 4579 1915 4663 Gregorius
1943 4602 2009 4665 super

358 4676 364 4688 ’
485 4690 524 4753 ad
540 4686 723 4769 patiendum
744 4681 950 4746 conformiter
963 4680 1097 4743 Christo.
1286 4678 1364 4741 illud
1379 4678 1436 4741 lob
1459 4678 1571 4758 primo,
1589 4677 1657 4740 Nati
1680 4688 1754 4741 sunt
1774 4680 1803 4743 ei
1818 4679 1879 4743 filii
1899 4690 2074 4765 septemrau,

524 4786 604 4849 llinc
631 4783 684 4846 alii
707 4782 827 4858 dicunt,
854 4780 938 4861 quod
961 4779 1093 4842 virtutes
1119 4780 1233 4841 dantur
1286 4785 1418 4839 testatur
1444 4777 1529 4855 quod
1555 4795 1613 4858 per
1637 4785 1759 4859 septem
1790 4777 1886 4858 filios,
1912 4788 2010 4863 septem

485 4887 524 4949 ad
540 4882 699 4965 agendum
718 4878 914 4961 simpliciter,
930 4879 1014 4941 dona
1033 4886 1139 4940 autem
1159 4886 1233 4939 suut
1286 4876 1417 4937 virtutes
1441 4873 1670 4955 intelliguntur,
1697 4875 1844 4939 videlicet
1868 4879 2009 4959 sapientia,

483 4979 701 5063 expeditiones
721 4978 885 5052 virtutum,
908 4983 940 5037 ει
960 4976 1076 5037 dantur
1095 4976 1133 5037 ad
1159 4994 1233 5056 ope·
1287 4972 1477 5049 intellectus,
1494 4972 1673 5051 consilium,
1690 4970 1853 5051 fortitudo,
1877 4983 1909 5037 ct
1933 4986 2011 5040 cetera

484 5080 618 5144 randum
643 5074 800 5157 expedite.
827 5072 904 5134 Huic
929 5073 1075 5155 positioni
1100 5073 1232 5135 assentit
1286 5072 1369 5133 dona
1394 5093 1400 5132 :
1427 5078 1458 5132 et
1483 5070 1527 5132 sic
1553 5071 1636 5133 dona
1661 5070 1800 5152 appellat
1825 5072 1968 5137 virtutes.
1987 5072 2012 5135 tt

483 5179 631 5241 tilbertus
648 5197 655 5236 :
671 5173 756 5255 quia,
778 5179 812 5233 ut
830 5171 883 5251 ait,
904 5171 1055 5234 fundatur
1073 5171 1104 5233 in
1127 5171 1232 5234 verbis
1286 5187 1394 5231 rursus
1412 5166 1550 5231 :Contra
1571 5176 1692 5248 septem
1712 5167 1840 5249 (inquit)
1855 5170 1954 5250 mala,
1966 5170 2013 5253 Spi-

483 5273 634 5356 Gregorii,
656 5272 709 5354 qui
729 5270 801 5353 plus
820 5269 946 5352 scripsit
963 5270 1003 5331 de
1021 5268 1112 5331 donis
1134 5287 1230 5350 quam
1286 5266 1364 5329 ritus
1394 5265 1526 5328 Sanctus
1555 5273 1693 5329 mentem
1718 5273 1839 5349 septem
1865 5269 2012 5335 virtutibus
