4309 6259
454 480 514 551 256
752 502 790 548 oa
811 500 900 547 nonis
921 499 1057 545 seranus
1076 498 1196 561 sanari,
1218 498 1392 545 reaumaus
1415 501 1455 546 rr.
1477 521 1519 529 —
1538 502 1664 551 aonrrro
1685 504 1715 550 rr

453 673 575 736 donum
600 671 735 752 consilii,
761 680 891 754 propter
915 671 1069 752 majorem
1094 678 1125 733 at
1153 688 1204 731 ex·
1219 670 1243 731 A
1260 668 1344 731 ditur
1355 668 1439 737 circa
1452 679 1631 754 promptam
1647 681 1679 737 et
1694 674 1870 755 expeditam
1886 677 1997 757 passio

455 770 672 833 cellentiorem
701 769 925 833 difficultatem
954 787 1024 850 quae
1050 765 1205 847 reperitur
1259 785 1335 829 uum
1351 766 1582 847 sufferentiam,
1600 770 1799 853 inquantum
1820 772 1996 837 exhibemus

453 868 487 930 iu
511 868 627 931 arduis.
650 869 735 930 Unde
760 868 791 929 in
817 867 971 931 electione
989 866 1081 946 dirigi
1102 872 1205 945 potest
1258 882 1317 928 nos
1333 867 1450 930 mundo
1473 867 1654 949 crucifixos,
1671 878 1703 932 et
1724 872 1877 933 mundum
1899 873 1993 949 nobis,

454 966 550 1030 homo
575 966 755 1048 dupliciter,
782 965 904 1028 scilicet
926 988 932 1025 :
955 964 1130 1027 secundum
1157 981 1204 1024 re-
1258 962 1339 1025 sieut
1362 964 1405 1025 ait
1427 966 1594 1046 Apostolus
1617 990 1624 1029 :
1645 968 1777 1031 hlundus
1802 970 1879 1031 mihi
1903 973 1996 1033 cruci·
2013 1002 2063 1044 ii,
2079 1017 2097 1047 Ἠ,

453 1065 562 1146 gulam
584 1064 665 1145 juris
690 1063 854 1144 naturalis,
874 1071 907 1125 et
925 1064 985 1126 hoc
1006 1064 1046 1124 ad
1067 1061 1203 1143 pruden-
1258 1059 1340 1121 fixus
1369 1070 1427 1141 ast,
1453 1071 1485 1125 et
1513 1081 1572 1144 ego
1602 1066 1730 1127 mundo.
1758 1067 1837 1129 llinc
1861 1066 1940 1131 libro
1962 1069 2032 1131 de¹‘·

454 1163 530 1224 tiam
546 1161 699 1243 pertinet3
716 1162 854 1243 itemque
870 1162 1044 1223 secundum
1061 1158 1201 1240 regulam
1257 1158 1404 1221 Doctrina
1429 1160 1599 1224 christiana
1620 1162 1759 1244 loquitur
1779 1166 1968 1246 Augustinus
1987 1191 1993 1227 :

452 1261 532 1342 juris
547 1261 657 1340 divini,
675 1261 769 1342 idque
790 1261 829 1323 ad
851 1260 969 1322 donum
985 1266 1107 1340 spectat
1128 1275 1202 1319 con·
1258 1256 1413 1338 Deinceps
1429 1258 1552 1321 animus
1568 1268 1712 1342 assurgat
1726 1262 1766 1324 ad
1777 1261 1994 1341 fortitudinem,

455 1359 529 1422 silii.
546 1359 633 1422 Unde
648 1367 737 1421 actus
752 1358 826 1422 doni
847 1356 981 1434 consilii,
999 1364 1047 1417 est
1067 1354 1201 1435 dirigere
1258 1361 1293 1416 ut
1308 1354 1444 1416 mundus
1465 1355 1493 1417 ei
1513 1356 1728 1439 crucifigatur,
1745 1366 1774 1422 at
1790 1359 1858 1441 ipse
1873 1362 1994 1425 mundo.

452 1457 486 1518 in
506 1455 661 1519 electione
680 1456 885 1538 agendorum,
908 1456 1200 1538 prosequendarum
1258 1451 1344 1514 Unde
1365 1451 1515 1517 fortitudo
1541 1454 1639 1519 virtus
1660 1465 1693 1518 et
1714 1455 1865 1522 fortitudo
1886 1460 1995 1523 donum

452 1563 508 1617 aut
520 1554 745 1636 fugiendorum
759 1574 830 1636 quaa
850 1564 923 1617 sunt
938 1554 1084 1637 specialis
1099 1552 1202 1614 ardui·
1258 1548 1384 1612 realiter
1398 1551 1645 1635 distinguuntur,
1662 1556 1807 1635 quamvis
1822 1557 1933 1620 eodem
1949 1576 1996 1621 no

453 1654 526 1715 tatis
553 1677 559 1713 :
587 1662 619 1716 et
647 1652 719 1731 hoc,
748 1655 923 1716 secundum
952 1651 1093 1733 regulam
1121 1652 1201 1731 juris
1259 1648 1343 1710 mine
1363 1649 1581 1730 exprimantur
1600 1662 1730 1734 propter
1749 1654 1995 1719 convenientiam

451 1753 561 1816 divini.
582 1753 747 1831 -Porro,
767 1755 853 1835 quod
877 1754 1090 1816 Damascenus
1114 1750 1203 1813 affir-
1258 1746 1290 1808 in
1306 1746 1432 1828 objecto
1447 1756 1478 1810 et
1493 1749 1659 1813 arduitate.

452 1859 528 1930 mat,
559 1851 728 1915 consilium
762 1870 832 1914 esse
866 1851 1039 1933 ignorantis
1068 1847 1242 1928 naturaa‚B
1296 1847 1335 1906 At
1349 1864 1425 1908 vero
1440 1846 1524 1909 circa
1544 1849 1663 1911 donum
1674 1852 1812 1926 pietatis
1826 1851 1995 1931 sciendum,

451 1950 696 2032 intelligendum
712 1959 760 2013 ast
775 1958 868 2031 prout
880 1949 1039 2014 consiliari
1053 1950 1138 2012 idem
1153 1956 1201 2011 est
1257 1944 1341 2024 quod
1370 1946 1544 2007 secundum
1573 1947 1782 2028 Augustinum
1812 1950 1939 2014 decimo
1961 1952 1996 2014 de

451 2050 537 2129 quod
553 2049 722 2112 consilium
737 2048 907 2130 inquirere,
925 2066 988 2111 non
1005 2057 1110 2111 autem
1131 2064 1201 2127 pro-
1257 2042 1398 2122 Ciuitate,
1414 2042 1514 2124 pietas
1530 2044 1747 2127 multipliciter
1759 2047 1886 2111 dicitur.
1902 2050 1997 2113 Primo

451 2155 486 2209 nt
507 2146 668 2209 consiliari
690 2146 773 2208 idem
795 2147 946 2226 estquod
968 2146 1000 2207 in
1019 2144 1126 2207 arduis
1146 2143 1201 2207 eli·
1256 2138 1371 2202 dicitur
1390 2140 1493 2203 cultus
1513 2142 1568 2204 Uei
1586 2166 1592 2204 :
1611 2150 1642 2205 et
1662 2144 1707 2208 sic
1727 2162 1790 2207 non
1810 2155 1859 2209 est
1873 2147 1995 2226 donum,

450 2244 563 2325 gelidis
587 2243 722 2324 dii-igere
744 2267 751 2305 ς
773 2252 805 2307 et
828 2244 889 2307 hoc
913 2245 1007 2307 modo
1029 2242 1198 2321 consiliari,
1258 2236 1312 2297 Sed
1328 2236 1411 2299 idem
1426 2240 1510 2319 quod
1523 2239 1624 2303 latria.
1634 2241 1779 2306 Secundo
1789 2242 1908 2306 (licitur
1922 2243 1997 2307 elica

451 2349 501 2405 est
519 2349 609 2404 actus
627 2342 702 2404 doni
723 2342 856 2422 consilii,
874 2350 906 2405 et
925 2340 984 2404 fuit
1004 2341 1037 2403 iu
1056 2341 1198 2418 Christo;
1257 2343 1404 2413 parentes
1435 2359 1442 2397 ε
1474 2346 1505 2399 et
1538 2338 1583 2401 sic
1612 2356 1677 2402 non
1705 2348 1754 2403 ast
1787 2342 1919 2420 donum,
1948 2342 1997 2405 sed

451 2440 499 2503 sic
522 2458 649 2521 quoquo
674 2440 780 2503 divina
809 2440 971 2523 dispositio
997 2438 1030 2502 in
1056 2438 1106 2501 his
1130 2456 1200 2520 quae
1258 2432 1381 2512 speeies
1415 2434 1555 2514 justitia.
1589 2437 1691 2500 Tertio
1719 2439 1894 2502 attenditur
1922 2440 1998 2504 circa

452 2547 573 2602 secreta
589 2546 673 2619 sunt,
690 2538 805 2601 dicitur
820 2538 998 2602 consilium.
1256 2530 1416 2611 proximos
1435 2555 1441 2594 :
1459 2542 1490 2596 et
1506 2533 1549 2596 ita
1563 2542 1612 2597 est
1632 2536 1762 2599 donum.
1781 2538 1881 2601 Aliter
1900 2546 1997 2601 tamen

491 2637 654 2714 Praeterea,
665 2636 748 2699 eirea
763 2638 883 2700 donum
897 2637 1112 2714 fortitudinis
1127 2654 1202 2698 con·
1256 2634 1305 2689 θεῖ
1319 2628 1404 2692 circa
1420 2631 1580 2711 proximos
1595 2651 1690 2714 quam
1705 2635 1927 2700 misericordia
1940 2637 1998 2699 vir-

452 2736 667 2813 sidemndum,
689 2736 774 2816 qu0d
795 2734 958 2813 fortitudo,
979 2740 1132 2815 quantum
1155 2741 1203 2795 est
1257 2734 1335 2789 tus:
1357 2728 1508 2809 qnoniam
1533 2731 1751 2795 misericordia
1776 2734 1909 2815 respicit
1931 2754 2000 2797 con·
2116 2788 2117 2821 ,

451 2834 491 2897 de
507 2834 627 2897 ratione
647 2853 703 2896 sua
725 2834 884 2915 primaria,
902 2831 1075 2895 attenditur
1095 2849 1203 2911 respe-
1257 2822 1450 2889 formitatem
1472 2827 1506 2889 in
1528 2836 1651 2908 natura,
1674 2839 1706 2893 et
1725 2832 1948 2895 necessitatem
1969 2832 1997 2894 in
2116 2834 2117 2837 ’

452 2940 505 2995 eiu
527 2933 626 2995 ardui,
644 2933 786 2994 Arduum
807 2939 913 2994 auiam
936 2939 984 2994 est
1007 2929 1124 3011 aliquid
1145 2930 1202 2991 du.
1258 2922 1432 3005 indigentia
1448 2944 1503 2988 seu
1525 2926 1672 3006 miseria3
1691 2928 1746 2992 sed
1762 2929 1864 3010 pietas
1886 2932 1998 2993 donum

451 3030 576 3112 pliciter
598 3054 605 3091 ε
629 3030 742 3113 primo,
770 3030 843 3110 quia
869 3028 1060 3092 laboriosum
1086 3036 1118 3089 et
1142 3022 1237 3089 dii-C
1257 3022 1391 3084 attendit
1407 3022 1439 3083 in
1455 3024 1598 3104 proximo
1617 3025 1790 3107 imaginem
1804 3027 1873 3091 Uei.
1891 3028 1999 3110 Sieque

451 3127 792 3209 frcile,qu0dammodo
807 3128 964 3190 excedens
979 3136 1011 3189 et
1025 3144 1201 3208 aggravans
1257 3138 1314 3200 per
1337 3120 1457 3184 donum
1481 3121 1609 3204 pietatis
1632 3132 1682 3186 est
1709 3124 1805 3188 homo
1829 3126 1999 3190 benevolus

450 3225 634 3289 facultatem
664 3226 831 3307 potentiam
862 3226 1014 3304 secundo,
1045 3224 1119 3305 quia
1153 3231 1202 3287 est
1257 3218 1447 3299 cuicumque
1471 3220 1593 3283 homini
1619 3222 1747 3286 habenti
1771 3223 1804 3285 iu
1833 3244 1869 3289 se
1895 3225 2000 3308 imagi-

451 3323 533 3386 ultra
549 3324 782 3402 necessitatem,
801 3332 833 3385 et
848 3324 972 3387 excedit
987 3330 1103 3385 statum
1119 3341 1202 3386 com·
1256 3335 1330 3378 nom
1359 3317 1414 3379 Dei
1443 3340 1449 3379 :
1481 3318 1525 3381 ita
1553 3320 1638 3401 qnod
1667 3320 1768 3402 pietas
1798 3324 1943 3403 procedit
1969 3323 1998 3385 in
2115 3388 2116 3399 ,

450 3520 602 3583 fortitudo
630 3520 740 3599 virtus,
773 3521 948 3583 seeundum
978 3520 1199 3583 necessitatem
1255 3514 1352 3595 poris.
1368 3513 1571 3595 thuoniam
1590 3516 1693 3598 piatas
1712 3518 1780 3582 hac
1799 3519 1895 3603 dirigi
1910 3521 2000 3583 habet

451 3619 621 3701 pracepti3
638 3627 785 3701 respectu
804 3618 936 3681 secundi
955 3618 1056 3695 ardui,
1073 3625 1123 3679 est
1137 3616 1200 3679 for·
1255 3611 1339 3675 dono
1359 3613 1510 3691 scientias,
1527 3616 1612 3695 quod
1631 3614 1784 3679 fundatur
1803 3635 1900 3701 super
1919 3618 2000 3701 priu-

450 3718 551 3781 titudo
572 3719 703 3795 donum,
726 3718 901 3780 secundum
925 3715 1102 3779 libertatem
1126 3734 1201 3777 eon·
1256 3709 1340 3791 ciple
1355 3709 1444 3789 fidei,
1461 3719 1493 3774 et
1514 3712 1624 3794 dirigit
1647 3714 1681 3775 iu
1701 3717 1942 3780 couversatione
1956 3736 2000 3779 se

451 3816 522 3878 silii.
539 3815 577 3877 Et
596 3815 670 3896 quia
690 3816 829 3878 arduitas
850 3814 1026 3897 presertim
1048 3822 1201 3893 pensatur
1256 3809 1395 3871 cundum
1429 3809 1544 3872 Christi
1579 3811 1741 3894 exemplar
1771 3836 1778 3875 :
1809 3814 1886 3879 hino
1915 3824 1999 3878 actus

315 3912 1073 3995 maaraeircaexcellentiam*passionum,hinc
1089 3911 1201 3973 utrius-
1255 3905 1393 3988 pietatis,
1405 3906 1551 3987 quamvis
1565 3907 1785 3991 principaliter
1799 3912 1931 3975 exsistat
1945 3912 1999 3975 cir·
2114 3980 2115 3983 Ἴ

305 3995 418 4039 '‘⁸¹¹⁶''
451 4030 514 4091 qua
543 4009 735 4073 fortitudinis
764 4019 813 4073 est
841 4010 1005 4073 habilitare
1033 4011 1073 4072 ad
1103 4008 1201 4071 suffe-
1255 4024 1293 4067 ca
1321 4004 1511 4085 proximum,
1536 4004 1638 4069 nihilo
1668 4008 1772 4071 miuus
1801 4010 1950 4073 consistit
1971 4017 2000 4072 et
2114 4008 2115 4047 l

453 4108 588 4171 rentiam
604 4107 715 4170 talium
730 4108 924 4190 passionum,
942 4108 997 4170 sed
1017 4106 1201 4170 diversimo-
1255 4102 1340 4166 circa
1368 4120 1490 4164 sacram
1524 4102 1731 4185 Scriptorum,
1761 4114 1796 4169 ut
1829 4126 1900 4171 eam
1930 4127 1998 4171 cnm

453 4207 493 4268 de
515 4229 522 4267 ε
543 4204 694 4287 quoniam
720 4204 870 4269 fortitudo
896 4205 994 4268 virtus
1019 4204 1201 4286 aggreditur
1215 4205 1240 4267 U
1255 4199 1477 4263 benovolentia
1509 4200 1627 4281 audiat,
1658 4210 1690 4265 et
1718 4204 1803 4267 circa
1830 4204 1996 4283 Christum,

452 4312 484 4367 et
503 4302 638 4365 sustinet
656 4304 819 4384 passiones
839 4312 969 4384 propter
988 4302 1201 4365 conservatio-
1256 4308 1291 4361 ut
1312 4318 1385 4361 eum
1408 4317 1480 4361 cum
1508 4298 1730 4365 benevolentia
1750 4303 1790 4365 ad
1815 4304 1999 4367 memoriam

452 4421 527 4464 uem
551 4401 723 4464 honestatis
747 4409 840 4483 atque
863 4400 1001 4481 justitiae,
1023 4401 1198 4463 secundum
1256 4397 1395 4459 reducat.
1420 4396 1534 4478 Sicque
1558 4417 1634 4460 usus
1653 4399 1729 4461 doni
1754 4400 1883 4482 pietatis
1903 4412 2000 4465 atten-

451 4502 610 4564 dietameu
624 4499 705 4582 juris
723 4500 875 4563 naturalis
890 4508 923 4562 et
940 4499 1114 4562 honestatis
1133 4516 1200 4562 mo-
1254 4496 1339 4557 ditur
1358 4493 1459 4557 iubis
1479 4494 1580 4557 tribus
1600 4497 1633 4558 in
1655 4500 1868 4579 exsequendo,
1891 4518 1999 4563 secun·

451 4598 787 4679 ralis3sedfortitudo
808 4600 927 4661 donum
948 4596 1106 4659 fecithoc
1128 4614 1200 4678 pro-
1254 4596 1329 4657 dum
1358 4594 1442 4673 quod
1473 4602 1504 4657 et
1531 4614 1607 4657 usus
1635 4596 1710 4659 doni
1739 4598 1880 4662 scientiae
1905 4599 1998 4681 (quod
2113 4600 2114 4617 ¹

452 4706 525 4780 pter
544 4695 719 4779 perfectam
741 4696 854 4759 Christi
874 4694 1093 4772 imitationem,
1110 4694 1199 4774 juxta
1253 4691 1443 4755 directivum
1481 4700 1529 4755 est
1557 4692 1669 4774 ipsius)
1698 4694 1731 4757 in
1766 4698 1996 4778 cognoscendo.

451 4796 620 4861 consilium
650 4794 704 4857 Uei
734 4802 767 4857 et
792 4795 845 4875 jus
873 4794 1027 4857 divinum.
1058 4792 1096 4854 Et
1125 4792 1198 4873 quia
1254 4791 1340 4855 Unde
1360 4790 1462 4873 pietas
1484 4790 1543 4855 ista
1563 4800 1611 4855 est
1630 4800 1740 4857 contra
1761 4794 1923 4875 duritiam,
1939 4814 1999 4879 qua

451 4894 585 4957 imitatio
613 4892 725 4955 Christi
754 4892 926 4955 attenditur
952 4893 986 4953 in
1020 4890 1069 4953 sui
1100 4890 1199 4972 ipsius
1253 4888 1323 4967 quis
1347 4906 1412 4951 non
1437 4888 1532 4951 habet
1555 4888 1758 4953 affectionem
1784 4890 1834 4955 vel
1865 4892 1999 4955 benere

302 5016 435 5069 amnas.
451 4991 670 5071 crucifixione,
686 4991 952 5071 quemadmodum
973 4989 1041 5071 ipsa
1056 4989 1101 5051 ait
1117 5011 1124 5049 :
1141 4988 1199 5062 Oui
1253 4985 1382 5048 lantiam
1408 4986 1446 5048 ad
1472 5005 1526 5049 eos
1551 4988 1605 5068 qui
1629 4996 1745 5069 gerunt
1768 4989 1802 5052 iu
1827 5009 1861 5053 se
1883 4990 1998 5053 divina

450 5092 520 5156 vult
535 5089 644 5154 venire
658 5098 731 5173 post
745 5107 807 5166 me,
824 5088 960 5169 abneget
979 5087 1196 5167 semetipsum,
1252 5084 1401 5165 imaginis
1416 5084 1552 5166 insigne,
1570 5105 1625 5149 seu
1645 5086 1753 5150 divina
1773 5096 1847 5150 suut
1861 5088 1998 5172 imagine
2112 5136 2113 5139 ,

451 5202 483 5255 et
501 5190 592 5256 tollat
610 5206 738 5251 crucem
758 5205 848 5249 suam
868 5185 1017 5267 quotidie,
1035 5193 1067 5247 et
1088 5203 1199 5266 sequa·
1251 5182 1404 5265 insigniti.

450 5299 503 5356 tur
517 5309 590 5370 me;
607 5286 681 5350 binc
696 5294 785 5352 actus
800 5284 875 5348 doni
889 5283 1082 5348 fortitudinis
1097 5290 1197 5348 atten—
1291 5282 1334 5346 Ue
1353 5284 1438 5348 dono
1459 5292 1565 5349 autem
1583 5287 1723 5358 timoris,
1739 5302 1834 5368 supra
1856 5285 1934 5349 satis
1954 5301 1999 5349 se·

451 3441 592 3485 munem.
614 3422 723 3503 Itaque
747 3430 894 3503 respectu
916 3422 1010 3505 primi
1030 3421 1131 3501 ardui,
1152 3429 1201 3483 est
1255 3424 1362 3478 actum
1382 3416 1557 3479 secundnm
1578 3417 1770 3499 exigentiam
1789 3420 1853 3484 loci
1873 3442 1911 3485 ac
1927 3430 2000 3485 tem-
