4309 6259
597 489 753 539 fflOSfflO
772 490 872 537 utut!
895 490 901 535 :
924 487 1054 538 vulnus
1073 489 1162 537 mis
1182 488 1341 537 attonsum

457 941 873 1069 DOMINIGA
926 945 1015 1068 IN
1068 944 1483 1070 PASSIONE

835 1295 1099 1393 HYMNUS

307 1646 338 1708 t.
360 1642 490 1707 vexilla
508 1643 609 1725 Regis
627 1642 801 1725 prodeunt,
1109 1646 1141 1708 5.
1158 1644 1265 1708 Arbor
1279 1644 1397 1709 decora
1415 1649 1448 1711 et
1466 1647 1604 1729 fulgida,

283 1741 402 1823 Fulget
421 1740 528 1805 oruois
546 1741 756 1823 mysterium,
1087 1742 1211 1807 Ornata
1229 1743 1333 1825 Regis
1350 1761 1508 1825 purpura,

284 1840 357 1915 Quo
372 1856 468 1903 carne
483 1840 591 1903 oarnis
608 1838 766 1903 Conditor
1086 1841 1201 1905 Eleate
1217 1841 1318 1923 digno
1332 1842 1445 1923 stipite

283 1940 472 2020 Suspensus
490 1940 540 2001 est
558 1937 718 2019 patibulo.
1084 1939 1112 2001 T
1113 1956 1165 2003 em
1186 1940 1299 2003 sancta
1315 1940 1464 2004 membra
1481 1942 1627 2024 tangere.

306 2134 338 2201 2.
360 2132 498 2199 Contixa
513 2134 615 2199 olavis
630 2134 756 2199 visoera
1107 2136 1141 2201 6.
1157 2136 1269 2217 Beata,
1287 2137 1384 2218 eujus
1400 2136 1546 2203 brachiis

284 2233 436 2297 Tendens
455 2250 586 2313 manus,
603 2234 763 2315 vestigia3
1086 2235 1183 2300 Saeoli
1201 2235 1359 2318 pependit
1377 2236 1547 2317 pretium:

282 2331 667 2413 Redemptionisgrntia‚
1084 2334 1213 2398 Statera
1232 2333 1319 2397 iacta
1331 2336 1383 2398 est
1396 2336 1557 2416 eorporis,

286 2430 350 2493 Hio
364 2428 535 2494 immolata
553 2431 603 2493 ost
621 2428 741 2493 hostin.
1085 2432 1302 2513 Praedamque
1321 2430 1400 2495 tulit
1417 2434 1560 2497 tartaris.

306 2623 338 2687 3.
355 2623 428 2697 Ouo
447 2622 639 2687 vulneratus
657 2624 793 2705 insuper
1108 2629 1140 2691 7.
1156 2627 1185 2693 Ο
1200 2645 1294 2706 crux,
1310 2604 1382 2708 avo]
1402 2645 1479 2710 spes
1496 2629 1605 2693 unios.

285 2721 440 2787 Muorono
458 2720 538 2785 diroe
553 2720 687 2801 lanoeae,
1085 2726 1159 2790 Hoo
1173 2724 1344 2789 Passionis
1361 2728 1510 2808 tempore

287 2820 331 2882 Ut
344 2836 407 2884 nos
424 2818 547 2883 lavaret
563 2818 712 2899 erimine,
1087 2826 1182 2905 Auge
1200 2822 1265 2904 piis
1275 2822 1455 2903 justitiam,

284 2918 430 2981 Manavit
446 2917 535 2981 unda
548 2918 720 2999 sanguine.
1086 2922 1233 3003 Reisque
1251 2921 1339 2983 dona
1356 2922 1501 2986 veniam.

306 3119 337 3181 d.
354 3118 495 3200 Impleta
508 3120 586 3183 sunt
604 3135 678 3201 quae
693 3118 838 3182 concinit
1109 3118 1140 3181 8.
1159 3117 1217 3196 Te,
1234 3133 1367 3180 summa
1382 3117 1474 3183 Deus
1487 3116 1643 3197 Trinitas,

286 3216 393 3279 David
407 3215 515 3280 tidelis
534 3217 689 3295 carmine,
1086 3214 1259 3279 collaudet
1273 3216 1382 3279 omnis
1395 3214 1553 3296 spiritus;

284 3314 406 3379 Dicens
426 3334 433 3375 ε
455 3314 698 3379 lunationibus
1087 3314 1180 3387 Quos
1193 3330 1252 3393 per
1269 3312 1377 3376 cruris
1392 3314 1590 3393 mysterium

285 3412 448 3494 Regnavit
462 3430 482 3475 a
495 3411 586 3493 ligno
605 3412 707 3477 Deus.
1089 3411 1216 3491 Salvas,
1233 3427 1309 3491 roge
1324 3428 1383 3492 per
1396 3410 1529 3475 saeoula.
1546 3412 1664 3475 Amen.

703 3773 1014 3861 EXPOSITIO
1052 3773 1239 3862 ΗΥΜΝΙ

237 4089 305 4154 Isrs
329 4097 378 4153 est
401 4096 485 4153 totus
511 4088 666 4170 religioso
690 4086 816 4171 pietatis
842 4098 874 4151 ot
897 4088 983 4153 aaa
1068 4088 1166 4153 ECTE
1189 4088 1243 4153 hio
1267 4090 1404 4171 hymnus
1429 4088 1462 4152 in
1485 4088 1652 4154 Dominios
1674 4089 1745 4153 Pas-

197 4189 346 4253 tortuosae
372 4186 550 4253 devotionis
576 4186 814 4265 refertissimus,
836 4206 944 4250 rooen-
1082 4186 1183 4250 sionis
1216 4196 1372 4267 cantatur,
1402 4186 1437 4250 in
1469 4206 1532 4269 quo
1560 4190 1600 4252 do
1627 4188 1743 4253 Christi

197 4305 271 4349 sons
286 4285 454 4349 dominica
470 4284 627 4369 passionis
643 4284 803 4367 mysteria,
819 4292 850 4347 ot
866 4304 944 4368 prm-
997 4286 1145 4367 passione
1166 4285 1371 4350 devotissimo
1392 4286 1506 4368 egitur.
1521 4286 1575 4350 Ait
1594 4305 1670 4368 orgo
1689 4306 1744 4349 au·

197 4384 283 4449 olam
318 4382 457 4447 vivifican
486 4382 591 4446 crucis
621 4382 789 4465 praeconia,
820 4382 853 4446 in
881 4400 944 4463 quo
998 4389 1066 4444 otor
1079 4381 1176 4462 hujus
1191 4382 1321 4465 hymni:

198 4490 361 4567 pernotum
376 4490 424 4545 est
438 4481 585 4544 humanm
601 4480 827 4564 redemptionis
842 4500 944 4545 saera·
1048 4483 1174 4543 t'eoer'llo
1188 4485 1287 4559 Rapis
1297 4485 1473 4557 prodeunt.
1491 4479 1612 4543 Venilia
1632 4480 1744 4544 dicun·
1811 4500 1826 4556 1

199 4588 361 4659 montum3
389 4580 517 4643 demum
547 4580 586 4643 ad
615 4600 684 4643 earn
715 4581 768 4663 pia
795 4578 945 4661 dirigitur
998 4586 1051 4641 tur
1071 4578 1210 4661 insignia
1225 4580 1367 4662 quadam
1390 4578 1543 4660 signifera
1556 4598 1614 4642 seu
1627 4579 1744 4644 bollion

199 4679 300 4743 oratio
315 4679 460 4743 fidolium
475 4687 510 4741 ut
525 4678 589 4741 iltis
603 4678 758 4761 protectio
772 4679 825 4757 sit,
841 4678 945 4741 muni·
999 4677 1175 4759 signaque
1194 4685 1267 4741 ante
1286 4678 1465 4761 prinoipem
1483 4677 1552 4741 sive
1570 4679 1743 4743 exereitum

199 4785 342 4842 mentum
358 4785 389 4841 et
403 4775 597 4861 praesidium.
999 4776 1197 4854 deteruntur,
1222 4783 1277 4838 aut
1298 4774 1393 4838 etiam
1416 4776 1448 4838 in
1472 4776 1674 4859 processione
1695 4796 1745 4841 so-

239 4876 357 4939 Auotor
371 4875 607 4957 Thoodutphus,
622 4875 859 4939 Aurelianensis
878 4875 945 4959 epi·
1000 4875 1099 4938 tenni.
1116 4874 1210 4938 Porro
1232 4874 1291 4937 iste
1305 4874 1370 4937 tter
1390 4882 1439 4936 est
1452 4874 1605 4951 Christus,
1620 4876 1661 4939 do
1681 4894 1744 4957 quo

200 4993 340 5057 scopus:
362 4972 508 5055 quemvis
529 4972 683 5037 Henrious
704 4974 850 5038 BeboIius
871 4994 943 5037 oum
1001 4974 1156 5055 seriptum
1177 4981 1226 5036 ost
1247 4973 1370 5036 :Habet
1391 4971 1425 5034 in
1447 4970 1637 5037 vestimento
1657 4982 1690 5036 et
1710 4973 1743 5035 iu
1767 4997 1891 5053 amm.

199 5074 370 5137 Fortunato
393 5072 544 5155 episeopo
573 5071 744 5151 adscribat,
769 5072 825 5136 alii
849 5074 945 5137 Sedu·
1001 5074 1122 5135 temore
1144 5090 1202 5134 suo
1223 5070 1390 5153 seriptum,
1414 5071 1478 5133 Rex
1499 5090 1610 5152 regum
1631 5078 1663 5133 et
1686 5070 1745 5134 Do
1761 5063 1793 5103 ¹⁶·

201 5172 257 5251 lio,
273 5170 328 5234 aiii
350 5172 426 5235 item
447 5170 530 5235 aliis,
551 5168 683 5233 Carmen
705 5170 877 5235 iambicum
898 5171 945 5235 di·
1000 5172 1107 5233 minus
1122 5168 1744 5250 dominantiumtihristusquoquoapud
1758 5228 1838 5275 M
1853 5242 1895 5273 m

202 5277 350 5335 metrum.
960 5268 1177 5335 Bttstthaeum
1195 5291 1202 5331 :
1220 5269 1307 5331 'tuno
1322 5266 1391 5349 (ait)
1406 5266 1492 5330 dicet
1505 5266 1569 5330 Rex
1587 5264 1638 5329 his
1657 5267 1712 5350 qui
1727 5286 1746 5333 a
1760 5295 1794 5337 a.
1841 5261 1847 5273 '
1896 5260 1903 5281 '
