4309 6259
539 508 696 556 urosrrlo
716 506 815 555 ulum
838 514 845 551 Ξ
868 506 946 555 caux
967 506 1096 565 riorus,
1119 506 1209 553 lum
1228 506 1329 553 θΙΝΒΒ

530 974 636 1097 DE
692 971 1015 1097 SANGTA
1071 971 1340 1095 CRUCE

806 1343 1071 1440 HYMNUS

274 1722 305 1783 l.
325 1718 415 1783 Crux
428 1718 547 1797 tidelis,
561 1718 647 1783 inter
661 1737 776 1784 omnes
1074 1719 1105 1782 3.
1122 1720 1200 1784 Sola
1217 1718 1317 1801 digna
1334 1721 1372 1783 tu
1390 1720 1483 1784 luisti

251 1816 360 1881 Arbor
377 1834 443 1880 una
461 1816 582 1880 nobilis
601 1837 608 1879 :
1053 1817 1151 1881 Ferre
1165 1818 1255 1881 saecli
1270 1818 1425 1899 pretium,

253 1915 353 1979 Nulla
367 1915 451 1979 silva
465 1914 564 1977 talem
579 1914 705 1997 profert
1052 1916 1161 1997 Atque
1175 1917 1309 1996 portum
1329 1933 1512 1999 praeparare

252 2014 393 2091 Fronde,
413 2013 504 2093 llere,
525 2013 691 2093 germine3
1051 2013 1161 2076 Nauta
1175 2014 1299 2077 mundo
1318 2014 1491 2095 naufrago,

253 2111 357 2175 Dulce
372 2110 512 2192 lignum,
528 2111 642 2175 dulces
661 2112 784 2191 claves,
1053 2110 1159 2185 Quem
1178 2128 1270 2175 sacer
1288 2129 1384 2175 cruor
1401 2114 1569 2194 perunxit,

251 2210 356 2273 Dulce
375 2208 505 2291 pondus
523 2209 675 2273 sustinet.
1054 2208 1164 2275 Fusus
1181 2210 1270 2292 Agrii
1288 2227 1436 2293 corpore.

275 2406 307 2469 2.
323 2404 434 2468 Flecte
449 2421 571 2483 ramos,
587 2404 775 2484 arboralta,
1074 2407 1107 2469 4.
1124 2405 1238 2471 Gloria
1251 2406 1285 2469 et
1299 2408 1406 2471 bonor
1418 2408 1488 2471 Deo

251 2502 359 2567 Tensa
378 2501 453 2565 laxa
472 2502 620 2584 viscera;
1055 2504 1237 2587 Usquequo
1255 2504 1431 2585 altissimo,

252 2600 296 2663 Et
313 2600 403 2681 rigor
420 2600 578 2664 lentescat
596 2600 652 2664 ille
1053 2602 1128 2665 Una
1145 2603 1237 2666 Patri
1254 2602 1418 2684 Filioque,

254 2698 361 2771 Quem
376 2698 467 2762 dedit
479 2698 647 2777 nativitas,
1054 2700 1183 2783 Inclyto
1201 2700 1385 2781 Paracleto‚

253 2796 299 2858 Ut
312 2796 448 2877 superni
461 2794 610 2859 membra
624 2795 726 2879 Regis
1053 2796 1116 2861 Cui
1134 2798 1207 2863 laus
1225 2800 1275 2863 est
1294 2803 1327 2863 et
1345 2800 1494 2881 potestas

252 2892 327 2957 bliti
345 2893 462 2957 tendes
479 2894 603 2975 stipite.
1054 2896 1255 2963 Peretema
1268 2897 1399 2962 secula.
1415 2897 1535 2964 Amen.

664 3284 976 3373 uxroslrlo
1023 3286 1214 3373 HYMNI

200 3616 438 3680 Gomorrae
451 3612 483 3676 iu
499 3631 537 3677 eo
552 3613 640 3677 miris
655 3612 820 3696 preconiis
842 3633 914 3678 san·
929 3617 954 3679 A
969 3632 1027 3697 pro
1041 3622 1130 3697 perte
1149 3624 1197 3678 est
1215 3614 1298 3679 lrdes
1316 3616 1471 3697 fidelium,
1487 3620 1573 3701 quod
1594 3620 1716 3687 scilicet

160 3714 306 3779 ctissime
331 3732 419 3792 crux,
435 3712 468 3775 in
491 3730 554 3793 qua
578 3712 672 3776 tetius
696 3713 842 3776 humane
866 3732 915 3777 re-
969 3731 1026 3795 per
1040 3712 1144 3777 crucis
1162 3713 1340 3795 patibulum
1359 3714 1415 3778 Dei
1432 3714 1529 3779 Filius
1548 3734 1607 3781 nos
1626 3720 1716 3783 rede-

159 3810 357 3895 demptionis
382 3818 616 3873 sacramentum
640 3820 688 3875 est
714 3828 914 3874 consumma-
968 3811 1035 3873 mit.
1051 3810 1171 3875 Dicitur
1187 3811 1284 3894 igitur
1306 3832 1384 3876 crux
1401 3835 1420 3873 c
1435 3812 1574 3877 tidelis»
1594 3815 1715 3880 ratione

160 3920 246 3975 mm,
968 3928 1099 3973 suorum
1112 3908 1299 3990 ellectuum,
1316 3911 1409 3993 cujus
1423 3910 1487 3976 lide
1502 3921 1598 3995 atque
1612 3915 1716 3999 sigue-

202 4010 324 4071 Auctor
353 4006 541 4071 Fortunatus
570 4006 749 4088 episcopus.
780 4006 913 4070 Carmen
968 4008 1040 4071 culo
1064 4027 1103 4071 ac
1126 4008 1241 4072 virtute
1264 4010 1425 4074 demones
1449 4010 1663 4094 refrenantur,
1679 4021 1712 4077 et

162 4106 375 4186 trocheicum,
395 4104 578 4169 Alcmauieo
597 4112 629 4167 et
646 4104 807 4188 Euripidio
822 4104 914 4169 alter·
967 4106 1211 4171 inoumerabilia
1245 4107 1325 4172 mira
1359 4128 1397 4173 ec
1426 4128 1542 4193 magua
1569 4110 1653 4174 liunt
1684 4120 1718 4176 et

160 4206 266 4269 uatim
287 4221 430 4267 currens.
967 4203 1053 4269 iacta
1075 4215 1160 4269 suut.
1175 4210 1272 4268 Inter
1290 4227 1399 4269 omnes
1417 4210 1517 4270 arbor
1536 4230 1605 4271 una
1630 4212 1718 4272 nodi·

969 4307 1022 4376 tis,
1037 4304 1070 4367 id
1093 4313 1142 4369 est
1164 4324 1230 4388 pre
1249 4306 1371 4369 cunctis
1390 4307 1556 4373 arboribus
1576 4309 1662 4373 clera
1685 4318 1718 4373 et

237 4400 400 4465 Urllruu
425 4418 554 4465 crucem
578 4400 790 4483 alloquemur,
807 4402 915 4465 laude-
969 4403 1095 4482 eilicax,
1106 4422 1170 4467 non
1184 4423 1224 4467 ex
1238 4423 1295 4468 sua
1309 4412 1421 4468 natura
1435 4424 1473 4468 ac
1489 4406 1716 4489 specie,quum

163 4400 235 4604 O
254 4498 518 4581 rous,selutemus
533 4507 565 4563 et
579 4499 778 4581 extollamus,
795 4510 914 4565 tactum
969 4502 1076 4565 multe
1090 4502 1155 4565 sint
1165 4503 1305 4582 arbores,
1323 4504 1497 4585 presertim
1510 4503 1544 4567 in
1558 4506 1715 4588 paradiso,

80 4638 101 4681 p.
110 4627 143 4669 ar.
160 4612 214 4665 est
238 4600 272 4662 in
297 4599 491 4681 expositione
514 4598 624 4681 hymni
647 4622 655 4662 :
680 4599 799 4664 Vexille
821 4601 915 4682 Regis
969 4620 1008 4664 ea
1020 4601 1203 4682 nobiliores,
1216 4602 1272 4666 sed
1287 4602 1408 4667 ratione
1422 4621 1533 4667 eorum
1546 4623 1617 4687 que
1631 4605 1719 4669 tibri-

77 4815 91 4870 l

161 4699 335 4783 prodeunt.
351 4698 459 4779 ltaque
473 4696 588 4761 dieitur
604 4719 612 4760 :
970 4707 1036 4762 stus
1051 4700 1149 4781 gessit
1162 4700 1196 4763 in
1210 4720 1258 4781 es,
1276 4701 1369 4783 cujus
1387 4702 1591 4767 secretissimi
1607 4722 1719 4787 corpo-

204 4799 332 4861 Ocrucc
344 4798 466 4875 fidelis,
476 4796 508 4860 id
524 4804 573 4861 est
586 4795 725 4860 fideliter
740 4815 915 4880 cooperans
931 4802 955 4864 B
970 4797 1013 4861 ris
1042 4806 1128 4862 tectu
1156 4818 1233 4862 crux
1259 4800 1329 4883 ipse
1356 4800 1520 4865 nobilitata
1547 4809 1579 4865 et
1606 4820 1718 4866 conse·

161 4898 315 4961 humane
339 4896 432 4959 saluti
456 4904 487 4959 et
510 4896 631 4960 babens
651 4914 726 4959 vere
745 4896 816 4961 illos
836 4897 916 4962 eile-
970 4904 1056 4961 crata
1069 4905 1118 4961 est
1133 4898 1339 4963 vehementer
1352 4919 1390 4963 sc
1405 4900 1506 4965 sancti
1524 4900 1573 4964 sui
1594 4902 1716 4967 cruoris

162 5004 239 5059 otus
262 4996 316 5076 qui
343 4994 372 5058 ei
396 4994 629 5072 adscribuntur,
654 4994 771 5059 etheo
800 4996 915 5061 virtute
970 4994 1092 5078 perfusi
1125 4997 1271 5076 humore,
1306 5015 1345 5061 eo
1378 4999 1472 5063 modo
1506 5018 1570 5080 quo
1606 5000 1717 5063 talium

161 5094 282 5157 Christi
304 5092 337 5155 iu
355 5112 394 5155 ea
413 5094 570 5175 suspensi,
593 5102 700 5177 utpote
725 5094 916 5159 instrumen-
969 5093 1228 5159 excellentiarum
1241 5115 1292 5158 res
1306 5096 1479 5161 inanimata
1497 5116 1596 5181 capax
1614 5106 1718 5182 potest

162 5202 236 5255 tum
252 5200 366 5255 nostre
380 5191 573 5255 salvationis.
590 5190 627 5254 Et
641 5212 750 5257 rursus
771 5212 848 5257 crux
862 5212 917 5259 vo-
970 5192 1154 5275 consistere,
1171 5194 1204 5256 in
1218 5202 1372 5275 quantum
1391 5195 1498 5259 divine
1517 5197 1713 5262 ordinatione

162 5300 260 5355 catur
278 5312 296 5351 s
316 5289 420 5353 fidelis
445 5312 462 5351 n
487 5290 700 5371 materialiter,
717 5292 792 5374 quia
814 5292 854 5355 de
878 5312 917 5357 ea
970 5312 1008 5357 ec
1021 5292 1163 5374 jussione
1178 5294 1359 5373 assumitur,
1375 5294 1552 5377 applicatur
1565 5315 1603 5359 ac
1618 5298 1718 5381 depu-
