4309 6259
463 458 523 524 tlt
788 484 828 531 ns
849 484 947 531 secan
968 484 1163 534 conunlobn
1183 487 1439 542 rnnovnmnnon.
1456 506 1497 519 -
1512 490 1582 535 aar.
1605 490 1639 547 n,
1662 490 1696 535 nr

463 649 610 731 trahitur,
626 651 855 717 defraudantur
874 674 931 736 per
952 655 1012 718 boc
1033 655 1154 719 devote
1175 674 1212 719 ac
1226 656 1252 717 A
1268 656 1421 721 intensius
1443 658 1595 740 cupiunt;
1618 666 1754 739 suntque
1776 678 1812 721 en
1832 678 1883 721 sua
1900 658 1982 741 dispo

464 747 626 813 ferventes
641 751 770 816 Sorores
785 753 878 816 solito
893 752 1062 836 spirituali,
1079 753 1210 835 salubri,
1267 754 1380 819 sitione
1403 756 1558 837 proclives
1573 758 1613 820 ad
1636 756 1850 833 verbositates,
1865 756 1981 819 levitates

465 849 555 911 suavi
584 850 712 929 edulio;
736 859 769 913 et
795 851 889 915 datur
916 852 963 914 eis
987 871 1102 933 magna
1128 872 1214 915 mur·
1267 872 1303 916 ac
1328 854 1419 917 risus.
1441 854 1520 917 Hinc
1545 873 1671 937 quoque
1694 855 1804 937 quales
1827 864 1902 931 sunt,
1920 855 1981 918 tales

465 948 611 1011 mutandi
626 950 802 1030 occasi0,et
815 951 906 1031 quasi
921 950 1119 1015 intolerabile
1135 953 1212 1034 ipsis
1267 959 1340 1014 sunt
1364 952 1469 1015 nimis.
1490 952 1614 1015 Etenim
1643 972 1713 1035 qua
1738 972 1776 1015 er
1800 952 1919 1015 naturali
1940 972 1981 1015 sue

465 1045 535 1109 erit.
551 1047 657 1128 Porro,
679 1048 705 1110 si
725 1048 882 1111 universae
901 1049 1117 1129 admittantur,
1139 1069 1213 1113 con·
1266 1049 1472 1131 dispositione
1501 1059 1554 1113 aut
1589 1051 1819 1115 assuefactione
1851 1050 1980 1113 iracunde

464 1144 601 1208 fessores
625 1164 734 1209 aarum
759 1147 792 1209 iu
817 1148 1023 1211 conscientiis
1047 1148 1114 1211 suis
1138 1167 1212 1212 con·
1267 1155 1341 1210 sunt
1368 1156 1422 1210 aut
1456 1148 1611 1227 crudeles,
1643 1148 1735 1211 valde
1769 1149 1981 1212 immoderanter

465 1244 542 1306 tenti
556 1261 621 1306 uon
637 1254 721 1325 suot,
738 1253 867 1327 propter
880 1246 987 1327 plures
1001 1264 1080 1327 quas
1099 1247 1213 1309 timent
1267 1254 1341 1308 sunt
1370 1246 1457 1324 tales,
1488 1253 1519 1309 et
1547 1247 1630 1310 male
1659 1245 1765 1310 sciunt
1794 1266 1826 1309 se
1851 1244 1979 1327 frangere.

464 1340 515 1404 vel
530 1342 632 1424 magis
653 1359 717 1406 non
733 1343 879 1406 dubitant
898 1343 1028 1427 indigne
1047 1345 1209 1407 accedere.
1266 1343 1303 1405 Et
1327 1344 1471 1425 quamvis
1496 1343 1580 1407 istud
1605 1344 1782 1407 secundum
1811 1361 1980 1406 communen

464 1440 497 1502 Si
521 1448 626 1502 autem
651 1440 846 1523 imperfectae
870 1450 901 1504 et
925 1442 1173 1524 negligentiores
1194 1463 1213 1505 a
1268 1462 1397 1506 cursum
1420 1444 1460 1505 sit
1481 1444 1535 1524 ita,
1558 1452 1698 1507 attamen
1719 1462 1758 1507 ex
1779 1442 1899 1525 speciali
1917 1443 1980 1505 dono

465 1538 690 1603 communione
709 1540 920 1622 prohibentur
938 1547 971 1603 et
988 1541 1210 1621 excluduntur,
1267 1541 1321 1603 Dei
1336 1542 1480 1622 quadam
1500 1548 1575 1603 sunt
1594 1541 1721 1603 feminae
1747 1560 1785 1603 ex
1801 1540 1922 1603 natmali
1939 1558 1981 1601 sua

465 1636 610 1718 protinus
629 1645 865 1719 conqueruntur
885 1647 916 1700 et
937 1638 1090 1701 confundi
1112 1658 1145 1701 se
1167 1640 1214 1701 di·
1266 1639 1471 1721 dispositione
1505 1640 1543 1702 ad
1573 1640 1783 1717 honestatem,
1814 1639 1979 1721 probitatem,

464 1744 552 1816 cunt,
568 1754 667 1817 quum
681 1736 746 1799 sint
760 1757 798 1800 ex
817 1737 1017 1815 senioribus;
1035 1757 1094 1799 nec
1110 1757 1214 1819 aqua·
1268 1738 1480 1820 prudentiam,
1503 1746 1535 1801 et
1560 1739 1598 1799 ad
1620 1757 1728 1801 veram
1753 1735 1935 1800 devotionem
1953 1754 1979 1797 ac

463 1834 594 1896 nimiter
616 1834 723 1897 ferunt
744 1859 751 1896 ε
773 1835 850 1915 imo,
877 1843 911 1897 ut
935 1834 1135 1915 formidatur,
1161 1837 1214 1898 vix
1232 1832 1255 1894 B
1271 1835 1448 1917 religiosam
1464 1836 1737 1900 conversationem
1761 1836 1839 1899 bene
1854 1834 1980 1897 inclinata

463 1950 605 2013 unquam
620 1932 777 1995 sinceram
794 1942 825 1995 et
840 1933 996 2015 integram
1011 1932 1129 1996 facient
1144 1953 1215 1997 con·
1271 1942 1302 1997 et
1326 1942 1417 2015 aptas,
1434 1934 1608 2015 prasertim
1635 1934 1793 2016 adjutorio
1819 1932 1914 2015 gratia
1931 1932 1979 2007 llei,

463 2029 648 2093 fessionem.
664 2030 744 2105 Quid
766 2049 841 2112 ergo
861 2032 893 2093 iu
914 2031 974 2094 isto
995 2032 1034 2093 sit
1055 2033 1213 2113 agendum
1270 2039 1301 2094 et
1323 2051 1381 2112 per
1400 2032 1533 2095 virtutes
1555 2032 1677 2095 infusas
1703 2051 1722 2093 a
1746 2032 1858 2114 Spiritu
1880 2030 1979 2091 Sancto

462 2128 683 2211 negotio,peto
697 2128 776 2191 mibi
791 2128 1016 2212 compendiose
1030 2129 1213 2193 transcribi.
1270 2130 1368 2211 Leges
1389 2138 1494 2193 autem
1510 2138 1541 2193 et
1560 2131 1631 2212 jura
1650 2130 1826 2212 respiciunt
1843 2148 1876 2191 ea
1888 2146 1944 2209 qua
1956 2135 1980 2187 ut

1271 2228 1303 2289 iu
1324 2227 1469 2311 pluribus
1488 2247 1524 2291 ac
1545 2227 1746 2292 communius
1768 2228 1810 2291 ita
1828 2246 1859 2290 se
1878 2226 1978 2289 habent.

678 2329 923 2395 ARTICULUS
947 2331 990 2394 ll.
1309 2326 1353 2389 Ex
1374 2327 1422 2388 bis
1445 2334 1539 2408 patet,
1562 2327 1645 2408 quod
1667 2326 1812 2409 quamvis
1833 2344 1928 2388 omnes
1946 2341 1981 2383 re
2087 2384 2088 2411 3

464 2470 671 2531 Introductio
701 2472 919 2547 quorumdam
948 2472 1215 2530 decernentorum
1269 2424 1387 2505 '¹3⁰⁵OE
1402 2443 1555 2506 ΡΘΜΟΜΒ)
1573 2422 1980 2507 ⁸P⁰⁰¹³¹¹t⁰¹⁸t⁸¹¹¹0¹¹f⁰ffl¹¹¹ffl

500 2578 563 2635 Per
577 2561 708 2618 modum
726 2560 1015 2633 praeambulomm,
1030 2578 1091 2635 pro
1108 2562 1214 2619 decla·
1268 2522 1384 2586 debent
1397 2542 1442 2633 .⁸.⁰
1466 2522 1541 2585 dare
1566 2523 1613 2633 ad·
1628 2541 1764 2633 omnem·
1782 2520 1979 2631 subjectionem

506 2648 633 2707 ragone
647 2656 677 2706 e,
697 2649 902 2722 ,emmone
922 2649 957 2707 ,·„
977 2648 1040 2707 ,gea
1060 2648 1210 2710 malm-a·
1267 2628 1299 2683 et
1317 2620 1540 2698 bumilitatem,
1556 2628 1588 2683 et
1606 2620 1858 2684 informationem
1876 2618 1981 2681 libenter

1266 2738 1303 2781 ac
1323 2726 1482 2799 gratanter
1501 2718 1652 2800 recipere,
1670 2726 1701 2781 et
1722 2735 1911 2799 nequaquam
1928 2731 1979 2775 esse

526 2815 625 2878 Extis
650 2814 821 2892 femineus,
848 2822 896 2877 est
923 2835 1016 2878 senus
1041 2816 1213 2896 subjectio-
1267 2817 1443 2899 pertinaces
1463 2826 1518 2879 aut
1536 2816 1733 2880 immansivae
1754 2818 1786 2879 in
1802 2813 1915 2899 proprio
1928 2830 1981 2873 sen·

541 2912 592 2975 nis
622 2937 629 2975 ε
660 2913 732 2977 ideo
759 2914 830 2995 jure
864 2913 975 2978 divino
1010 2922 1041 2976 et
1076 2913 1211 2977 naturali
1266 2936 1313 2978 su.
1340 2914 1429 2995 Nam,
1456 2924 1489 2977 ut
1513 2923 1645 2978 testatur
1668 2915 1847 2997 Apostolus,
1871 2912 1913 2974 vir
1931 2928 2065 2975 uenirent

464 3030 503 3074 ac
524 3011 671 3091 positive,
689 3012 841 3093 competit
859 3012 1048 3074 mulieribus
1068 3012 1134 3093 regi
1155 3032 1212 3094 per
1228 3010 1250 3073 C
1266 3021 1314 3075 est
1329 3014 1477 3075 seductus
1493 3012 1524 3075 in
1542 3012 1808 3095 praevaricatione,
1816 3012 1867 3075 sed
1880 3008 1978 3072 mulier.

465 3110 563 3187 viroS,
593 3118 624 3171 et
652 3109 816 3173 informari
845 3129 882 3172 ac
911 3109 1051 3173 obedire.
1082 3110 1211 3191 Propter
1265 3112 1428 3190 Praeterea,
1453 3110 1596 3192 quamvis
1622 3110 1776 3192 religiosae
1805 3105 1980 3173 feminade

318 3231 451 3284 urrann,
465 3209 549 3291 quod
574 3207 655 3270 dixit
678 3207 874 3289 Apostolus:
896 3208 1037 3271 llulier
1029 3228 1062 3269 rn
1085 3207 1211 3270 silentio
1267 3210 1361 3273 beant
1375 3210 1440 3271 suis
1457 3208 1623 3271 llatribus
1624 3216 1771 3290 prompte
1791 3227 1826 3271 ac
1845 3205 1980 3286 diligenter

319 3297 352 3337 ¹··
465 3307 567 3369 discat
588 3326 661 3368 cum
682 3306 768 3369 omni
791 3305 1008 3385 subjectione,
1024 3306 1138 3369 docere
1158 3326 1212 3367 au·
1266 3327 1376 3390 parere
1401 3308 1433 3369 in
1457 3307 1506 3368 bis
1532 3326 1602 3388 quae
1634 3307 1673 3369 ad
1688 3304 1910 3370 observantiam
1928 3319 1980 3383 prr-

465 3413 530 3467 tem
555 3404 680 3467 mulieri
702 3422 765 3467 noo
788 3404 950 3486 permitto,
972 3424 1031 3467 nec
1052 3404 1210 3467 dominari
1266 3407 1368 3469 tinent
1390 3405 1577 3486 regularem,
1602 3404 1701 3468 nihilo
1727 3404 1831 3467 minus
1852 3404 1880 3465 in
1900 3416 1979 3462 sacra-

465 3504 498 3565 in
522 3502 639 3583 virum,
662 3503 750 3567 sed'
742 3523 776 3565 m
800 3503 927 3566 silentio
951 3523 1031 3566 esse.
1055 3504 1133 3565 ilinc
1158 3502 1212 3566 Or·
1267 3504 1467 3582 mentalibus,
1489 3504 1549 3567 boc
1574 3513 1622 3567 est
1645 3504 1677 3565 in
1701 3503 1753 3566 bis
1778 3522 1844 3584 qua
1865 3500 1980 3583 spectaui

465 3602 557 3664 dines
572 3601 664 3679 sacri,
680 3610 716 3664 ut
735 3600 958 3679 sacerdotium,
974 3601 1159 3664 diaconatus
1181 3610 1213 3663 et
1266 3604 1305 3666 ad
1333 3621 1426 3666 usum
1455 3610 1487 3665 et
1515 3602 1729 3683 receptionem
1759 3622 1796 3665 ac
1826 3596 1980 3663 exercitium

465 3700 723 3780 subdiaconatus,
740 3700 818 3781 ipsis
834 3718 898 3762 non
913 3698 1135 3778 conferuntur,
1152 3718 1211 3762 nec
1267 3709 1547 3778 sacramentorum,
1564 3701 1681 3763 debent
1695 3700 1824 3763 omnino
1837 3714 1903 3760 cum
1916 3688 1981 3755 omni

464 3799 542 3863 licet
569 3799 647 3881 ipsis
675 3798 803 3880 publice
831 3798 1004 3879 praedicare
1035 3822 1041 3859 :
1072 3806 1210 3861 attamen
1266 3798 1444 3862 humilitate
1474 3806 1505 3861 et
1535 3798 1589 3862 Dei
1618 3798 1730 3861 timore
1759 3817 1797 3860 ac
1823 3789 1980 3861 reverentia,

466 3898 499 3960 in
515 3897 724 3961 conventibus
739 3905 770 3959 et
781 3895 1082 3977 congregationibus
1096 3896 1212 3977 quibus
1268 3898 1403 3979 praelatis
1418 3916 1455 3959 ac
1476 3895 1712 3960 confessoribus
1732 3896 1797 3961 suis
1810 3893 1917 3975 jugiter
1927 3888 1984 3950 obe·

465 4006 617 4082 prasunt,
638 4003 772 4078 possunt
794 4003 825 4058 et
848 3995 967 4057 debent
989 3995 1163 4057 Abbatissse
1182 4002 1214 4057 et
1267 3996 1334 4058 dire
1366 4019 1372 4056 :
1405 3995 1479 4075 quia
1508 3995 1539 4056 in
1570 3993 1633 4055 illis
1662 4012 1727 4057 non
1760 3994 1873 4056 babent
1896 3987 1984 4049 llatrcs

465 4095 624 4159 Priorissae
638 4114 675 4156 ac
689 4094 800 4155 ldatres
815 4092 982 4156 Sororibus
998 4091 1214 4173 capitulariter
1269 4093 1458 4174 spirituales,
1485 4093 1538 4155 sed
1565 4092 1681 4169 Patres,
1708 4088 1942 4174 jurisdictionem
1961 4086 1984 4141 et

466 4194 599 4258 verbum
628 4192 682 4255 Dei
706 4210 883 4274 proponere
908 4200 940 4254 et
963 4192 1089 4269 docere,
1116 4192 1213 4253 cerri·
1229 4188 1252 4250 D
1269 4191 1538 4273 dispensationem
1562 4209 1599 4253 ac
1622 4189 1766 4272 regimen
1788 4206 1878 4269 super
1896 4202 1947 4247 eas.

466 4313 542 4378 pere
575 4300 671 4374 atque
706 4290 876 4372 corrigere,
906 4299 1125 4353 verumtamen
1155 4290 1214 4352 sub

466 4391 641 4457 directione
660 4390 787 4453 Petrum
808 4397 840 4451 et
861 4388 1061 4470 praelatorum
1081 4408 1118 4451 ac
1140 4407 1216 4451 con·
1476 4408 1722 4473 ARTIGULUS
1747 4408 1809 4470 ffl-

466 4493 624 4556 fessorum
653 4508 792 4566 suorum,
822 4507 841 4549 a
867 4488 993 4569 quibus,
1024 4488 1149 4550 statutis
1177 4507 1213 4549 ac

468 4590 562 4654 certis
587 4587 793 4669 temporibus,
820 4593 894 4648 suut
917 4585 1090 4663 visitandae,
1116 4585 1214 4647 infor-

466 4688 601 4764 mande,
618 4695 711 4768 atque
726 4685 766 4766 (si
785 4703 865 4766 opus
883 4683 990 4763 fuerit)
1010 4683 1215 4794 corripienda

466 4806 504 4851 ac
529 4785 733 4867 corrigendae.
754 4782 899 4845 blulieres
924 4782 1009 4844 enim
1035 4782 1067 4843 in
1090 4789 1215 4844 natura-

1270 4551 1362 4617 Quod
1376 4549 1512 4627 quilibet
1533 4546 1742 4609 Christianus
1762 4553 1884 4605 tenetur
1899 4552 1984 4599 coram

1309 4642 1375 4701 Deo
1390 4639 1436 4697 sic
1450 4646 1549 4707 stare,
1565 4646 1596 4697 et
1615 4636 1663 4695 ita
1678 4638 1801 4695 sentire
1814 4653 1847 4693 ac
1861 4632 1917 4690 tate
1925 4642 1983 4701 pro

1306 4728 1450 4804 positum
1464 4745 1572 4785 coram
1585 4728 1651 4787 Deo
1666 4725 1795 4792 babere,
1811 4722 1888 4802 quod
1897 4715 1984 4793 potius

1310 4816 1388 4875 velit
1376 4816 1500 4874 tmori
1522 4833 1618 4893 quam
1643 4814 1748 4874 Deum
1773 4811 1920 4890 offendere
1936 4818 1983 4878 per

466 4886 550 4948 libus
574 4890 648 4947 sunt
675 4882 878 4959 defectuosa,
904 4899 941 4943 ac
965 4880 1117 4943 debiles'
1110 4900 1142 4943 m
1168 4900 1215 4942 ra-
1310 4908 1448 4965 morgale
1458 4911 1637 4979 peccatum

466 4984 563 5062 tione,
587 4980 716 5061 suisque
744 4978 1050 5060 apprehensionibus
1077 4986 1110 5042 et
1137 4978 1216 5041 alfe-

467 5080 635 5159 ctionibus,
670 5078 734 5139 imo
767 5084 800 5139 et
833 5076 1044 5159 passionibus,
1079 5076 1213 5139 multum
1274 5071 1629 5270 OUEllADMleUM
1622 5091 1655 5133 m
1674 5070 1843 5153 Evangelio
1860 5068 1984 5149 protesta-

468 5180 615 5243 intenta:
609 5175 749 5239 ·idcirco
766 5174 949 5256 frequenter
964 5174 1215 5256 contingitquod
1355 5178 1407 5233 tur
1434 5170 1556 5233 Veritas
1585 5188 1721 5247 summa,
1753 5170 1881 5251 primum
1907 5155 1984 5223 maxi-
2002 5168 2054 5219 vat

467 5297 506 5342 ea
528 5296 598 5358 qua
625 5274 702 5357 ipsis
729 5280 886 5354 negantur
913 5280 967 5335 aut
996 5272 1213 5354 probibentur,
1271 5288 1423 5351 mumque
1448 5270 1632 5333 mandatum
1656 5276 1704 5331 cst
1727 5268 1886 5332 Dominum
1906 5238 2050 5323 ὓθυῐΠΜ
