4309 6259
504 544 543 593 DE
564 543 654 590 00le
675 542 809 589 selenus
831 536 951 599 sancti,
973 536 1148 589 muratus
1170 542 1201 588 ll.
1224 559 1265 570 -··
1286 542 1355 588 ultr.
1379 544 1435 589 Xlll

1683 525 1742 593 let

192 735 269 781 cum
299 724 422 798 septem
453 714 562 793 radiis,
588 722 620 777 et
647 722 797 794 tanquam
828 727 942 773 consu·
957 706 983 771 A
998 711 1136 793 amplius
1159 712 1304 776 deificari
1330 722 1362 775 et
1385 714 1561 796 sublimari,
1582 724 1744 782 transcen-

192 823 336 878 mentem
365 816 472 897 ignem
501 814 533 875 in
562 832 668 895 opere.
693 811 750 873 llic
780 828 869 872 emor
895 806 942 869 di-

191 913 302 990 vinus,
325 921 374 975 est
396 913 532 994 Spiritus
553 912 607 975 Dei
629 930 701 973 cum
724 909 816 971 donis
841 906 907 968 suis
931 928 939 965 ι

191 1012 279 1093 quod
291 1012 385 1074 nobis
399 1012 566 1093 designant
578 1016 699 1091 septem
714 1026 815 1071 aurete
827 1006 943 1087 lampa·

192 1110 326 1173 des.Per
336 1110 532 1192 superiorem
543 1109 721 1191 lampadem
734 1104 941 1187 intelligimus

193 1208 349 1291 Spiritum
378 1210 527 1271 Sanctum
556 1226 593 1271 ac
621 1206 785 1289 sapientie
809 1205 938 1267 donum.

193 1306 275 1369 Nem
298 1306 491 1388 ubicumque
514 1314 562 1369 est
583 1306 718 1387 Spiritus
739 1304 806 1376 Dei,
827 1300 872 1363 ibi
894 1306 942 1362 est

193 1404 372 1485 sapientia3
390 1412 421 1466 et
442 1404 635 1485 ubicumque
656 1410 705 1465 est
719 1418 795 1463 vera
816 1397 942 1481 sapien-

194 1503 252 1580 tie,
270 1502 313 1564 ibi
329 1510 377 1565 est
391 1502 526 1584 Spiritus
542 1501 596 1564 Dei
614 1524 621 1563 ε
638 1500 788 1582 quoniam
812 1498 879 1579 ipse
894 1503 942 1558 est

195 1601 269 1663 lons
297 1600 391 1663 virus
418 1599 522 1662 omnis
551 1599 638 1663 doni.
670 1598 818 1661 Summus
854 1594 941 1657 rivus

172 1717 235 1761 ex
250 1698 323 1761 rivo
344 1698 432 1761 tonte
453 1696 554 1761 divini
577 1697 694 1760 amoris
715 1700 942 1770 emonensem

193 1796 327 1876 spiritus
349 1796 512 1879 sapientie
533 1815 653 1876 :quam
674 1794 872 1877 appellamus
894 1810 942 1855 sa-

998 812 1103 875 dendo
1118 820 1253 890 terrena,
1269 812 1477 894 relinquendo
1499 833 1661 896 corporea,
1677 836 1744 881 om-

999 928 1136 991 nemque
1165 909 1378 975 inordinatum
1402 911 1555 975 allectum
1580 923 1611 976 et
1635 935 1743 979 euram

998 1016 1093 1089 atque
1108 1008 1315 1091 cogitationes
1331 1010 1441 1072 inanes
1456 1010 1649 1094 abjiciendo,
1658 1034 1746 1098 sper-

999 1108 1115 1185 nendo,
1131 1108 1195 1171 imo
1210 1128 1269 1171 nec
1285 1110 1461 1188 sentiendo,
1478 1113 1533 1173 sed
1556 1122 1694 1175 mentem
1711 1114 1744 1176 in

998 1204 1108 1267 divina
1122 1204 1246 1267 sincere
1260 1207 1494 1286 suspendendo,
1508 1207 1637 1289 ligendo
1651 1218 1746 1291 atque

998 1302 1147 1365 fovendo,
1173 1303 1275 1377 Quum
1304 1322 1379 1385 ergo
1405 1312 1493 1366 actus
1515 1306 1679 1388 sapientias
1704 1308 1745 1370 sit

999 1399 1155 1463 altissima
1179 1420 1216 1463 ac
1241 1400 1407 1464 deiformis
1430 1410 1461 1464 et
1485 1404 1596 1484 sapida
1621 1405 1745 1469 divino

999 1518 1070 1560 rum
1086 1499 1273 1581 speculatio,
1290 1499 1361 1563 ideo
1383 1501 1548 1582 sapientiae
1568 1503 1700 1582 donum,
1716 1506 1742 1567 si

1000 1605 1105 1659 actum
1136 1596 1312 1679 perlectum
1340 1617 1377 1660 ac
1406 1599 1553 1661 stabilem
1583 1602 1742 1680 sortietur,

998 1694 1096 1777 exigit
1115 1705 1149 1758 ut
1168 1696 1236 1778 ipse
1256 1696 1434 1759 intellectus
1456 1698 1497 1759 sit
1519 1698 1664 1779 simplex,
1680 1720 1744 1764 non

1000 1795 1158 1857 tendendo
1183 1795 1377 1873 indiverso,
1403 1814 1506 1877 neque
1535 1797 1567 1857 in
1596 1797 1744 1878 plurimis

194 1894 350 1976 pientiam
365 1894 517 1976 sapidam.
535 1895 598 1957 Hoc
615 1893 777 1976 sapientiae
794 1891 861 1955 rivo
876 1898 942 1953 erat
960 1892 984 1955 B
1000 1910 1033 1954 se
1061 1891 1282 1956 diffundendo.
1309 1891 1386 1954 Nam
1417 1893 1561 1974 pluribus
1590 1894 1742 1973 intentus,

194 1992 375 2055 humanitas
390 1992 514 2055 Domini
531 1991 629 2055 nostri
645 1991 776 2055 omniuo
791 1990 940 2072 perlusa3

193 2100 279 2153 etex
300 2090 497 2173 plenitudine
519 2089 590 2171 ejus
611 2109 722 2154 omnes
744 2108 802 2152 nos
825 2088 940 2172 repleri

194 2188 348 2251 valemus.
372 2188 433 2251 lste
457 2208 623 2271 supremus
647 2188 733 2251 rivus
758 2188 855 2269 exigit
878 2187 941 2270 spi-

192 2286 291 2349 ritum
315 2294 456 2349 nostrum
484 2306 553 2349 esse
578 2286 769 2368 simplicem,
790 2286 938 2363 otiosum,

191 2384 402 2467 indepictum,
420 2384 643 2462 inflexibilem,
660 2384 795 2447 liberum
811 2403 848 2446 ac
870 2384 939 2446 sine

190 2482 422 2560 sollicitudine,
438 2501 625 2564 semperque
641 2482 702 2545 sibi
724 2482 784 2564 ipsi
801 2483 879 2545 mori
903 2501 938 2544 ac

190 2581 300 2643 vivere
326 2580 358 2642 in
383 2580 456 2642 Deo.
478 2580 529 2642 Sic
554 2598 680 2661 quoque
706 2588 855 2662 operatur
878 2580 941 2643 vir-

189 2686 290 2741 tutem
313 2696 445 2740 summae
465 2677 595 2759 justitiae
617 2702 623 2739 :
646 2696 741 2759 quam
764 2679 939 2741 exercendo

189 2774 402 2857 adipiscimur
425 2774 571 2857 spiritum
602 2775 776 2857 sapientire,
804 2776 878 2858 quia
908 2776 938 2837 in

190 2872 329 2954 eoquod
345 2892 403 2935 nos
420 2872 505 2956 ipsos
520 2892 556 2935 ac
572 2873 634 2936 alia
650 2882 764 2935 cuncta
780 2884 941 2936 transcen-

190 2970 298 3033 dimus
320 2971 387 3033 sive
410 2971 631 3052 relinquimus,
648 2972 793 3052 spiritum
817 2972 941 3055 sapien-

998 1991 1103 2054 miuor
1124 1999 1170 2053 est
1192 1990 1231 2052 ad
1253 1989 1378 2071 singula
1400 2010 1522 2053 sensus.
1538 1992 1605 2054 Erit
1619 2013 1744 2076 quoque

998 2090 1129 2162 otiosus,
1156 2088 1187 2149 id
1217 2095 1266 2149 est
1292 2088 1332 2150 ab
1359 2089 1568 2152 exterioribus
1592 2110 1708 2153 vacans
1734 2116 1741 2153 :

998 2187 1264 2269 quemadmodum
1295 2185 1364 2248 Tito
1392 2188 1534 2250 scribens
1562 2188 1742 2271 Dionysius,
1772 2214 1840 2269 epm,
1860 2228 1890 2267 η,

999 2284 1091 2345 l'erte
1106 2291 1148 2360 te,
1165 2281 1279 2363 inquit,
1295 2283 1334 2345 ad
1351 2283 1485 2364 redium,
1502 2285 1533 2347 id
1548 2286 1649 2347 estad
1665 2286 1744 2349 inte-
1757 2278 1784 2319 “¹
1799 2276 1879 2321 Tm·

999 2381 1114 2443 riorem
1143 2382 1260 2443 divine
1288 2381 1369 2443 lucis
1397 2382 1584 2446 claritatem.
1615 2384 1681 2447 Erit
1713 2394 1745 2447 et

999 2480 1190 2561 indepictus,
1217 2480 1247 2542 id
1276 2488 1325 2542 est
1352 2500 1370 2542 a
1398 2482 1611 2563 corporalium
1637 2503 1742 2545 rerum

999 2577 1271 2659 phantasmatibus
1299 2587 1393 2659 atque
1418 2580 1582 2642 memoriis
1610 2582 1744 2663 depura-

998 2682 1059 2748 ωε,
1085 2695 1125 2737 ne
1150 2675 1374 2738 obtenebretur
1395 2677 1527 2741 interior
1550 2678 1667 2741 divinae
1691 2699 1744 2741 ve-

997 2774 1099 2836 ritatis
1114 2774 1257 2835 intuitus.
1274 2773 1341 2835 Erit
1362 2775 1457 2837 etiam
1480 2776 1679 2855 inflexibilis,
1697 2777 1744 2838 in-

997 2891 1171 2935 concussus
1195 2892 1232 2934 ae
1255 2871 1337 2934 linus
1367 2874 1399 2934 in
1425 2874 1528 2953 bonis,
1555 2883 1676 2938 utnon
1702 2875 1744 2937 sit

997 2970 1079 3032 sicut
1104 2973 1227 3033 amndo
1251 2978 1346 3034 vento
1370 2972 1497 3053 agitata.
1525 2972 1659 3035 Necesse
1694 2982 1743 3036 est

192 3069 245 3131 tiae
270 3070 463 3131 invenimus
487 3068 524 3131 Et
544 3070 576 3131 in
597 3069 655 3131 hac
680 3070 939 3151 supergressione
959 3070 1083 3137 Geuim
1099 3077 1237 3131 mentem
1259 3070 1538 3152 contemplativam
1559 3071 1742 3153 passionum

192 3166 261 3229 sive
297 3166 515 3243 derelictione,
546 3167 714 3229 offerimus
743 3168 848 3230 oleum
885 3187 941 3231 no

191 3274 293 3328 strum
310 3266 409 3348 ipsius
423 3265 601 3346 justitiario
625 3265 779 3347 superiori
796 3266 940 3349 lampade

191 3372 309 3425 nostras
325 3364 431 3425 liberee
455 3364 635 3426 voluntatis.
653 3364 716 3427 lloc
732 3365 836 3426 oleum
860 3384 941 3427 sern-

192 3480 251 3543 per
271 3480 441 3523 accensum
463 3468 510 3523 est
531 3461 640 3523 divina
662 3461 829 3544 sapientia,
850 3462 941 3523 dum-

190 3560 288 3621 modo
316 3558 486 3621 habeamus
515 3559 546 3619 in
579 3560 647 3641 ipso
678 3568 797 3621 rectum
831 3560 938 3621 lumen

190 3658 349 3740 simplicis
386 3658 572 3721 intentionis
604 3682 611 3719 :
647 3659 796 3741 quoniam
833 3667 940 3721 nostra

189 3756 327 3838 simplex
342 3756 476 3819 intentio
498 3765 546 3818 est
568 3757 671 3819 clarus
693 3758 861 3839 adspectus
884 3776 939 3820 no-

189 3864 262 3917 stree
286 3853 442 3937 simplicis
465 3854 662 3931 intentionis,
681 3855 712 3916 in
732 3874 793 3936 qua
814 3874 940 3937 semper

189 3952 347 4034 sapientia
373 3951 480 4014 divina
504 3951 622 4015 illucet.
645 3954 715 4015 ilaec
741 3971 865 4034 quoque
891 3972 938 4014 sa-

189 4051 313 4134 pientia
333 4050 464 4131 perlluit
483 4050 550 4113 sire
570 4052 733 4133 perfundit
757 4050 851 4113 simul
876 4051 938 4133 spi-

191 4150 289 4211 ritum
313 4156 406 4231 atque
428 4157 571 4211 naturam
597 4148 798 4212 claritateac
827 4150 938 4213 divino

190 4266 317 4329 sapore.
678 4316 681 4323 ,

232 4346 303 4407 llaec
325 4345 421 4407 verba
442 4345 534 4427 plene
559 4364 716 4429 exponere
738 4348 869 4429 longum
891 4368 938 4410 es-

189 4450 239 4505 set
253 4467 261 4520 ;
279 4444 332 4505 sed
348 4462 417 4523 quar
433 4443 466 4504 in
483 4443 560 4526 ipsis
575 4444 760 4508 obscuriora
775 4446 935 4522 videntur,

190 4541 330 4603 breviter
358 4541 544 4623 explanabo.
572 4543 622 4604 Ait
650 4544 798 4625 equidem
827 4547 938 4609 doctor

188 4640 251 4701 iste
266 4640 405 4717 divinus,
422 4640 504 4722 quod
527 4641 688 4723 sapientie
702 4644 821 4706 donum
838 4644 938 4725 requi-

188 4738 230 4799 rit
247 4736 395 4819 spiritum
410 4745 562 4801 nostrum·
573 4740 723 4803 exsistere
743 4740 934 4825 simplicem,

186 4836 338 4911 otiosum,
352 4834 559 4917 indepictum,
570 4845 629 4899 ete.
640 4838 777 4911 Quorum
793 4841 935 4903 omnium

186 4952 252 4995 una
268 4942 317 4995 est
331 4934 420 4996 ratio.
437 4934 744 5017 cognitionemque,
761 4939 935 5001 secundum

185 5030 428 5113 Philosophum,
445 5051 503 5113 per
516 5032 779 5098 assimilationem
794 5036 937 5099 eflicitur

186 5129 412 5211 cognoscentis
437 5132 475 5193 ad
500 5132 646 5213 cognita3
671 5142 702 5196 et
724 5142 843 5215 quanto
868 5136 936 5217 ipsa

186 5228 416 5311 contemplatio
436 5229 573 5293 divinior
594 5240 687 5313 atque
707 5232 874 5296 sublimior
889 5234 937 5297 lu-

185 5327 261 5405 erit,
292 5345 329 5389 eo
358 5345 488 5389 necesse
517 5336 564 5391 cst
597 5339 735 5393 mentem
764 5330 934 5395 humanam

997 3166 1187 3249 impulsibus
1202 3167 1371 3245 dominari,
1387 3187 1428 3230 ne
1450 3170 1498 3231 vel
1515 3170 1675 3251 prosperis
1696 3189 1744 3232 re·

997 3266 1149 3343 solvatur,
1170 3266 1219 3328 vel
1242 3265 1363 3347 asperis
1384 3267 1591 3347 deprimetur.
1608 3268 1675 3329 Erit
1696 3269 1742 3330 in-

996 3382 1092 3443 super
1110 3363 1203 3441 liber,
1219 3384 1259 3425 ne
1282 3364 1399 3427 serviat
1417 3364 1517 3443 vitiis,
1535 3384 1638 3447 neque
1659 3366 1744 3430 inor-

996 3462 1105 3525 dinato
1119 3462 1219 3524 amori
1241 3462 1404 3544 subjectus
1425 3464 1624 3543 possideatur
1638 3466 1742 3546 potius

996 3579 1032 3622 ae
1049 3559 1201 3622 habeatur
1215 3579 1233 3622 o
1255 3560 1349 3622 rebus
1362 3579 1458 3641 quam
1478 3581 1531 3623 eas
1547 3562 1614 3643 ipse
1629 3562 1744 3625 habeat

995 3665 1090 3737 atque
1116 3657 1286 3737 possideat.
1313 3657 1379 3719 Erit
1407 3657 1502 3720 etiam
1532 3658 1601 3722 sine
1625 3660 1744 3722 sollici-

996 3756 1117 3834 tudine,
1134 3763 1288 3837 quatenus
1310 3756 1356 3817 nil
1378 3765 1468 3819 curet
1481 3767 1536 3820 aut
1551 3757 1660 3820 timeat
1680 3759 1742 3821 nisi

995 3854 1079 3934 quod
1096 3854 1199 3934 ipsum
1219 3873 1238 3915 a
1260 3852 1324 3917 Deo
1344 3853 1526 3917 abstrahere
1547 3864 1579 3917 et
1599 3864 1742 3919 avertere

995 3961 1110 4035 potest.

1035 4052 1195 4132 Debetque
1210 4071 1300 4114 mens
1321 4051 1485 4115 rationalis
1507 4053 1568 4116 sibi
1584 4054 1646 4136 ipsi
1662 4074 1743 4117 som-

996 4170 1052 4231 per
1075 4151 1156 4214 mori
1185 4149 1311 4232 [leoque
1338 4151 1458 4228 vivere,
1484 4171 1549 4215 non
1572 4155 1743 4233 querendo

954 4248 980 4310 D
995 4269 1064 4329 quae
1079 4270 1135 4311 sua
1150 4258 1305 4327 sunt,non
1321 4250 1473 4312 bonorem
1489 4259 1542 4312 aut
1556 4252 1676 4334 aliquid
1691 4272 1744 4315 see-

994 4347 1058 4409 culi
1073 4348 1181 4429 hujuS,
1198 4368 1237 4409 ne
1254 4348 1295 4409 sit
1309 4349 1348 4410 ed
1371 4368 1404 4411 se
1423 4349 1525 4430 ipsam
1541 4350 1670 4427 rellexa,
1687 4351 1742 4412 sed

994 4454 1057 4508 tote
1079 4447 1118 4508 ad
1139 4446 1237 4509 Deum
1259 4465 1424 4509 converse.
1442 4446 1513 4508 Vita
1531 4448 1617 4509 enim
1637 4449 1741 4511 omnis

995 4544 1174 4607 intellectus
1189 4553 1236 4607 est
1256 4545 1339 4607 actio
1361 4545 1442 4625 ejus.
1459 4545 1539 4606 Dum
1554 4565 1630 4627 ergo
1652 4565 1741 4607 mens

994 4651 1099 4705 creata
1123 4644 1156 4706 in
1181 4642 1268 4705 nullo
1290 4643 1451 4723 propriam
1474 4644 1668 4706 voluntatem
1688 4654 1742 4706 aut

994 4762 1122 4804 sensum
1149 4748 1297 4819 sectetur,
1324 4742 1379 4803 sed
1409 4742 1562 4823 quidquid
1590 4743 1666 4823 agit,
1693 4764 1741 4807 se-

993 4840 1133 4903 cundum
1163 4840 1280 4902 divinae
1309 4839 1388 4921 legis
1420 4839 1576 4921 justitiam
1606 4842 1739 4923 regulet,

994 4940 1058 5001 imo
1073 4948 1105 5001 et
1126 4959 1159 5001 se
1182 4946 1213 5000 et
1233 4938 1341 5000 omnia
1363 4958 1430 5012 sua,
1447 4948 1479 5001 et
1499 4939 1649 5003 universa
1670 4959 1741 5021 quea

992 5037 1069 5118 agit,
1096 5038 1136 5099 ad
1158 5037 1212 5099 Dei
1238 5035 1391 5099 honorem
1416 5046 1447 5099 et
1470 5037 1603 5119 gloriam
1630 5040 1736 5116 relert‚

992 5156 1050 5197 nec
1071 5135 1191 5216 aliquid
1215 5135 1328 5215 querit
1351 5135 1412 5197 nisi
1436 5136 1540 5217 ipsum
1562 5136 1739 5200 Creatorem

993 5234 1216 5310 benedictum
1233 5241 1307 5295 tunc
1336 5234 1566 5313 proculdubio
1592 5234 1652 5296 sibi
1678 5234 1740 5316 ipsi

993 5331 1144 5395 continuo
1160 5332 1294 5395 moritur
1308 5333 1435 5412 Deoque
1451 5331 1541 5411 vivit,
1558 5333 1602 5395 ita
1617 5341 1651 5394 ut
1666 5352 1739 5396 cum
