4309 6259
450 480 514 545 toa
725 501 766 548 os
786 500 943 549 nummo
963 501 1001 545 ar
1022 499 1186 547 orcmrarn
1206 500 1323 557 narn,
1345 499 1433 546 aissa
1455 501 1498 546 m.
1521 519 1562 531 -
1582 501 1651 546 aar.
1674 500 1730 547 xix

452 688 524 751 que
544 669 731 733 ielicissima
750 670 847 753 Virgo
867 670 942 754 egit,
958 670 1120 733 letissima
1140 670 1202 733 uti-
1214 670 1241 733 Δ
1255 669 1413 749 honestat,
1430 670 1476 733 sic
1491 671 1618 753 penitus
1632 672 1844 735 mansuetudo
1857 690 1925 751 eam
1938 672 1992 735 ele

451 786 516 851 qne
536 776 643 832 mente
663 769 809 854 perfecit.
1254 776 1368 851 gunter
1390 769 1550 833 nobilitat.
1570 772 1610 832 At
1631 788 1709 833 vero
1731 789 1828 851 quam
1851 770 1991 833 feminam

1255 867 1303 930 ira
1331 886 1396 931 non
1422 868 1546 947 deceat,
1572 867 1706 949 Sapiens
1727 868 1860 950 quidem
1887 870 1989 931 erudit.

1255 965 1308 1027 Ait
1321 965 1468 1047 equidem
1487 988 1495 1027 :
1511 965 1620 1028 Omnis
1635 966 1739 1047 plaga,
1754 966 1887 1029 tristitia
1900 968 1991 1030 cordis
2009 986 2054 1029 aaa

645 1034 891 1100 ARTICULUS
915 1036 1007 1099 m
1255 1071 1325 1141 cst3
1348 1071 1379 1125 ct
1401 1063 1505 1127 omnis
1527 1063 1661 1141 malitia,
1685 1063 1829 1145 nequitia
1849 1064 1989 1127 mulieris.
2000 1062 2033 1094 ¹¹'·
2043 1053 2063 1091 ¹³·

486 1184 535 1243 De
549 1184 802 1243 mansetudine
814 1203 872 1243 seu
882 1184 1006 1260 pietate
1018 1184 1168 1243 sublimis
1256 1161 1396 1243 1⁰³qu
1425 1170 1498 1243 1³⁰⁵t
1524 1180 1627 1243 ΡΜ108
1657 1184 1665 1224 ²
1694 1162 1762 1225 N⁰¹¹
1798 1170 1849 1225 θεῖ
1875 1164 2078 1243 (imiimi-2²

761 1274 892 1333 Marica.
1256 1267 1353 1341 capnt
1367 1258 1503 1339 nequius
1517 1278 1615 1341 snper
1628 1268 1725 1341 capnt
1738 1260 1880 1337 colubri3
1896 1268 1926 1324 ct
1939 1278 1990 1323 non

1256 1365 1305 1421 est
1329 1357 1376 1419 ira
1399 1375 1495 1438 super
1518 1357 1597 1419 iram
1622 1357 1779 1421 mulieris.
1805 1358 1989 1421 Potissimum

337 1461 425 1507 'attt-
563 1456 724 1520 GENITUS
738 1457 793 1519 Dei
811 1480 818 1518 :
835 1458 959 1518 Discite
972 1456 1104 1537 (inquit)
1117 1479 1138 1517 α
1152 1478 1202 1516 me
1257 1456 1364 1537 itaque
1392 1456 1602 1519 mansuetudo
1625 1457 1780 1519 condecet
1803 1457 1962 1521 mulierem
1983 1480 1989 1519 ε

307 1538 338 1577 ¹¹⁸
351 1530 386 1571 '⁹‘
537 1558 617 1634 quia
631 1556 723 1614 mitis
736 1576 808 1615 sum
822 1564 853 1615 et
867 1556 1006 1615 humitis
1025 1558 1131 1615 corde.
1148 1553 1203 1616 lli-
1257 1571 1372 1635 nempe
1386 1553 1491 1616 omnis
1506 1554 1716 1617 mansuetudo
1731 1562 1828 1636 atque
1843 1555 1990 1616 humilitas

454 1653 527 1715 titas
551 1652 700 1733 equidem
723 1652 787 1714 lieo
810 1651 1058 1733 hominibusque
1082 1652 1202 1715 amabi-
1257 1650 1403 1731 iragilem
1426 1652 1525 1731 hunc,
1546 1660 1577 1714 ct
1601 1652 1678 1714 item
1702 1672 1760 1734 per
1784 1662 1928 1716 naturam
1948 1654 1991 1715 ds·

453 1750 516 1813 lem
539 1750 616 1813 iacit
631 1774 640 1812 :
656 1749 775 1832 quippe
798 1768 869 1831 quaa
889 1750 945 1812 ire
968 1758 1062 1831 atque
1082 1748 1201 1813 iuroris
1256 1748 1444 1826 iectibilem,
1474 1749 1629 1813 condecet
1656 1770 1779 1813 sexum.
1805 1750 1894 1825 Quod
1920 1752 1943 1812 si
1963 1752 1990 1813 in

452 1847 644 1911 moderatrix
670 1856 720 1910 est
747 1848 887 1930 itemque
914 1847 1114 1910 reirenatrix.
1143 1847 1201 1911 lle-
1219 1846 1417 1929 Bpraeclaris
1439 1847 1517 1910 viris
1540 1848 1608 1910 haec
1633 1848 1680 1911 sic
1704 1848 1872 1931 splenduit
1894 1850 1989 1925 drtus,

452 1946 562 2027 nique,
581 1946 850 2025 quemadmodum
871 1945 917 2007 ira
938 1944 1048 2025 utique
1068 1944 1201 2008 rationis
1255 1954 1374 2027 quanto
1399 1946 1500 2027 magis
1525 1944 1558 2006 in
1583 1945 1734 2009 deificata
1761 1956 1794 2009 et
1821 1967 1929 2009 revera
1952 1949 1991 2007 in-

451 2043 733 2107 vohcmentissime
756 2063 924 2106 censuram
953 2043 1201 2125 indaginemque
1256 2042 1463 2124 comparabili
1486 2062 1616 2125 pmrsus
1635 2064 1673 2106 ac
1692 2044 1924 2127 superexaltata
1942 2045 1990 2107 lla-

451 2142 628 2218 obaubilat,
658 2142 705 2204 sic
733 2160 863 2223 prorsus
892 2142 961 2223 ipsa
987 2160 1114 2223 quoque
1142 2144 1202 2204 mi·
1256 2140 1502 2222 riaih'empede
1516 2142 1620 2223 ldoyse
1634 2142 1778 2205 veritatis
1793 2142 1991 2205 iateturScri

451 2239 525 2301 titas
548 2240 587 2301 ad
607 2238 662 2301 Dei
687 2237 931 2301 illustrationem
953 2239 1133 2321 mentisque
1150 2238 1200 2320 ju·
1256 2246 1348 2320 ptura
1371 2262 1379 2300 :
1403 2239 1440 2301 Et
1464 2248 1531 2302 erat
1555 2242 1676 2322 lloyses
1700 2240 1892 2304 mitissimus
1911 2260 2078 2324 supersues

450 2337 584 2416 dicium,
614 2335 812 2399 intellectum
840 2335 1020 2399 eminenter
1046 2336 1198 2419 disponit.
1255 2356 1367 2399 omnes
1383 2336 1530 2401 homines
1544 2339 1599 2419 qui
1615 2337 1803 2401 habitabant
1817 2340 1853 2401 in
1867 2348 1953 2402 terra.

450 2434 582 2517 Nempe,
612 2435 658 2497 uti
694 2435 871 2497 exuberans
905 2434 1013 2497 fumus
1040 2436 1199 2517 hospitem
1294 2435 1447 2497 Praeterea
1468 2436 1677 2518 contemplari
1700 2456 1758 2518 par
1782 2446 1832 2500 est
1857 2438 1990 2519 qnoniam

330 2542 400 2595 ten.
414 2546 435 2587 t.
450 2534 552 2616 pellit,
568 2533 615 2596 sic
637 2532 844 2608 Paracletum,
865 2533 919 2613 qui
942 2533 1068 2615 pietatis
1091 2534 1199 2615 utique
1254 2552 1319 2615 quo
1342 2534 1500 2596 mansueti
1525 2534 1698 2597 vindictam
1727 2536 1837 2597 minus
1866 2535 1990 2617 exigunt,

450 2631 582 2713 spiritus
605 2640 665 2710 est,
691 2630 739 2693 ira
761 2649 888 2712 qnoque
910 2650 929 2693 a
954 2632 1049 2694 corde
1077 2631 1196 2695 evellit.
1256 2640 1350 2712 atque
1378 2632 1464 2694 circa
1492 2631 1684 2713 injuriantes
1712 2632 1876 2697 dulciores
1902 2634 1992 2697 ceasi-

450 2728 545 2792 Porro
558 2729 606 2791 ira
621 2736 670 2791 est
683 2729 844 2810 appetitus
859 2728 1067 2805 vindictam
1081 2728 1199 2810 injuria
1255 2736 1353 2807 stunt,
1375 2747 1413 2791 eo
1437 2729 1565 2792 illomm
1590 2729 1742 2810 injuriam
1766 2731 1853 2794 Deus
1870 2731 1992 2812 justissi-

450 2834 555 2889 natus.
580 2827 689 2906 ltaque
713 2833 838 2890 constat
861 2827 1013 2907 quoniam
1037 2845 1101 2907 quo
1129 2846 1200 2908 per-
1256 2845 1326 2887 mus
1350 2825 1534 2889 horribilius
1557 2826 1722 2891 ulciscitur
1749 2836 1847 2909 atque
1872 2828 1989 2891 inducit.

449 2924 602 2987 niciosior
620 2924 678 3000 ira,
695 2924 741 2986 sic
761 2924 881 2986 mititas
902 2943 1029 3005 quoque
1049 2933 1201 3006 praestan-
1254 2922 1293 2985 Et
1310 2923 1440 3003 quidem
1464 2924 1497 2986 id
1522 2942 1652 3005 prorsus
1670 2924 1710 2987 de
1728 2925 1845 3007 Moysis
1866 2926 1990 2987 inimicis

450 3022 522 3085 tior.
548 3021 647 3095 Quam
675 3040 752 3085 vero
776 3022 818 3084 sit
845 3021 893 3083 ira
919 3021 1040 3101 iniqua,
1066 3022 1235 3104 SapiensC
1255 3019 1390 3100 (bathan
1412 3021 1526 3101 loquor
1546 3029 1579 3083 et
1598 3022 1731 3099 Abiron)
1753 3022 1842 3085 lucet
1862 3024 2071 3105 :quippenam

348 3142 422 3187 aaa
450 3120 580 3201 quidem
608 3120 703 3182 docet
731 3142 739 3180 ε
768 3120 827 3194 Qui
856 3118 1013 3182 vindicari
1043 3121 1111 3182 rult
1138 3120 1200 3199 (in-
1254 3138 1334 3199 quos
1362 3128 1445 3181 terra
1472 3119 1563 3182 vivos
1590 3120 1764 3183 absorbuit.
1792 3122 1846 3185 Sic
1874 3122 1989 3185 omnino

301 3218 375 3257 ¹¹'¹¹¹·
389 3208 409 3248 ¹·
451 3217 589 3299 quiens),
606 3236 625 3278 a
645 3216 780 3279 Domirm
801 3216 977 3279 vindictam
998 3216 1151 3295 inveniet,
1168 3226 1200 3279 et
1255 3236 1319 3297 quo
1342 3216 1467 3279 Deiiera
1490 3217 1586 3280 bieria
1609 3226 1659 3281 est
1683 3218 1803 3296 mitior,
1830 3239 1869 3283 eo
1896 3221 1989 3299 utiquc

450 3332 582 3377 servans
605 3314 759 3377 Dominus
782 3314 921 3377 servabit
946 3324 1077 3395 peccata
1100 3314 1197 3378 illius.
1257 3314 1289 3375 in
1319 3314 1420 3396 ipsius
1448 3313 1584 3377 oiiensis
1610 3314 1709 3396 judex
1732 3316 1836 3379 Filius
1860 3318 1991 3381 consistit

339 3436 400 3481 rara.
414 3440 435 3480 2.
450 3413 587 3493 ideoque
603 3410 775 3475 consulens
790 3412 846 3475 tibi
863 3412 1013 3477 Salomon
1025 3437 1033 3474 ε
1045 3413 1199 3495 Relinque
1256 3414 1357 3494 magis
1371 3414 1564 3475 tremendus.
1580 3413 1688 3495 ltaque
1707 3417 1875 3479 tremenda
1892 3426 1937 3479 cst
1953 3417 1992 3477 ni-

451 3510 522 3590 (ait)
543 3510 687 3593 proximo
709 3517 763 3574 tuo
784 3511 912 3573 nocenti
934 3519 977 3589 te,
997 3519 1029 3574 et
1049 3520 1126 3574 tune
1147 3512 1201 3573 de
1256 3511 1317 3573 mis
1344 3511 1450 3589 hieria,
1476 3511 1628 3591 quoniam
1657 3512 1689 3574 in
1718 3512 1877 3577 ultionem
1905 3514 1992 3596 ipsius

451 3609 593 3691 precanti
608 3608 666 3669 tihi
688 3617 819 3690 peccata
839 3609 1013 3671 solventur.
1028 3610 1200 3671 Enimvero
1255 3608 1511 3671 districtissimus
1525 3609 1799 3692 gravissimasque
1818 3620 1869 3674 est
1881 3614 1990 3675 luder:

451 3706 761 3771 irrationabilitatem
775 3708 830 3768 irae
846 3707 1059 3787 conspiciens,
1067 3708 1200 3789 Sapiens
1255 3708 1374 3789 quippe
1393 3706 1455 3788 qui.
1472 3726 1513 3769 nc
1534 3708 1700 3770 minimam
1724 3709 1856 3791 quidem
1876 3710 1993 3772 mitissi-

451 3806 593 3888 quidem,
622 3814 773 3887 tanquam
802 3803 981 3882 sciscitans,
1010 3805 1200 3867 irascentem
1256 3824 1316 3867 mae
1331 3804 1450 3867 illatam
1465 3804 1553 3867 histri
1569 3805 1728 3868 eliensem
1749 3806 1939 3888 impunitam
1953 3828 1992 3870 re

313 3921 435 3975 remae
451 3905 596 3985 increpat
626 3927 633 3965 :
663 3904 763 3965 Homo
790 3905 966 3981 (asserens)
994 3902 1117 3965 homini
1153 3922 1201 3965 re-
1258 3901 1386 3984 linquit.

451 4010 556 4065 servat
579 4001 672 4078 iram,
696 4010 727 4062 et
752 4019 771 4062 a
795 4000 858 4063 Deo
882 3999 994 4081 querit
1019 3999 1200 4063 medelamt
1294 3999 1438 4081 Insuper,
1453 4017 1549 4079 quum
1564 3998 1662 4061 inerit
1675 4000 1925 4066 clementissima
1937 4004 1994 4064 tir

449 4102 484 4164 ln
509 4100 673 4163 hominem
697 4098 759 4161 sibi
781 4098 919 4161 similem
941 4117 1006 4160 non
1028 4098 1124 4161 habet
1144 4098 1202 4161 mi·
1255 4116 1295 4179 go
1312 4096 1397 4159 mitis
1413 4098 1444 4158 in
1460 4096 1620 4178 Unigeniti
1635 4098 1684 4160 sui
1699 4099 1861 4182 passione,
1874 4120 1991 4164 cernere

449 4299 640 4380 deprecatur
653 4295 875 4358 ditissimuml
891 4295 978 4358 Unde
1000 4303 1198 4378 postpauca,
1255 4293 1329 4356 lecti
1345 4292 1393 4355 sui
1414 4291 1659 4356 crucifixoribus
1681 4314 1746 4357 non
1760 4296 1827 4377 jam
1849 4298 1989 4373 irascens,

450 4395 597 4460 criminis
625 4395 722 4476 huius
745 4393 966 4456 enormitatem
996 4394 1164 4456 insinuans
1191 4420 1197 4455 :
1255 4392 1311 4454 sed
1335 4390 1532 4471 compatiens
1557 4390 1620 4453 init
1646 4414 1653 4451 :
1679 4392 1799 4475 quippe
1824 4414 1896 4475 que
1922 4396 1991 4457 Filio

345 4510 433 4554 raas.
448 4494 525 4570 Quis
551 4493 624 4573 (ait)
651 4491 795 4555 exorabit
828 4510 886 4572 pro
921 4491 1062 4571 peccatis
1091 4491 1198 4554 illiusi
1255 4488 1400 4571 patienti,
1423 4489 1456 4549 in
1482 4488 1613 4551 caritate
1636 4498 1668 4553 et
1691 4492 1935 4557 mansuetudine
1956 4492 1990 4555 si-

448 4595 557 4674 ltaque
578 4592 677 4655 claret
698 4589 775 4672 quia
795 4589 941 4651 mititatis
962 4590 1062 4652 virtus
1084 4590 1199 4653 eximia
1254 4586 1389 4650 millima
1415 4585 1544 4664 exstitit,
1570 4594 1603 4649 ct
1629 4587 1775 4651 humanas
1802 4609 1929 4672 quoqne
1950 4610 1991 4652 rc·

449 4693 501 4755 sit.
514 4691 602 4765 Quod
617 4690 692 4751 hinc
707 4706 835 4770 quoque
849 4696 957 4768 patere
972 4687 1097 4769 opinor,
1114 4689 1198 4769 quod
1254 4685 1446 4768 demptionis
1461 4684 1647 4765 mysterium
1662 4686 1991 4769 ¹dispensationemque·

448 4810 519 4854 earn
547 4799 612 4852 tam
640 4785 844 4869 singulariter
871 4805 925 4848 rex
948 4786 1077 4847 llessias
1106 4786 1198 4847 nobis
1254 4784 1395 4865 agnovit,
1416 4802 1506 4845 mens
1526 4791 1611 4845 certe
1630 4782 1799 4847 mitissima
1817 4796 1913 4868 atque
1931 4786 1991 4849 dul-

333 4898 419 4945 Μαι
449 4889 636 4951 imitandam
659 4884 826 4947 tradiderit
850 4906 857 4945 ε
883 4882 1001 4946 Discite
1021 4881 1199 4965 (inquiens)
1253 4882 1393 4961 cissima,
1408 4880 1555 4944 amabilis
1575 4881 1841 4965 serenissimaque
1863 4886 1964 4949 hieria.

300 4974 331 5009 ¹¹'
346 4965 379 5006 ’⁹'
449 5007 467 5050 a
489 5004 541 5048 me
561 4983 637 5066 qnia
658 4982 746 5045 mitis
768 5000 851 5043 sum.
1291 4979 1436 5061 Amplius
1457 4986 1575 5056 autem,
1595 4986 1640 5055 tn,
1661 4997 1681 5042 o
1701 4980 1807 5061 llario,
1828 4982 1990 5045 mitissimo

488 5084 560 5147 ilaec
584 5092 626 5162 te,
647 5099 666 5145 o
688 5080 794 5158 Maria,
816 5080 917 5141 virtus
942 5078 1122 5142 eminenter
1143 5080 1197 5143 de
1250 5096 1376 5159 quoque
1399 5077 1502 5158 lloyse
1530 5075 1822 5157 incomparabiliter
1845 5098 1917 5143 eras
1939 5080 1991 5143 mi-

447 5184 549 5247 cehat.
576 5179 711 5259 Etenim,
734 5178 1002 5260 quemadmodum
1026 5176 1195 5239 mulierem
1249 5176 1321 5252 tior,
1332 5174 1449 5257 quippe
1465 5174 1518 5256 qui
1533 5172 1717 5255 frequenter
1730 5176 1851 5257 utiquc,
1865 5186 1897 5241 et
1912 5196 1988 5239 nunc

445 5283 494 5346 ira
507 5278 713 5363 singulariter
726 5276 843 5358 iniicit,
860 5278 965 5341 turbat
986 5277 1126 5359 itemque
1140 5276 1193 5339 de-
1248 5274 1378 5357 quidem
1391 5272 1488 5355 juste,
1504 5292 1590 5336 nunc
1603 5281 1709 5336 autem
1725 5272 1855 5356 injuste,
1868 5276 1900 5339 in
1916 5276 1988 5339 iram
