4309 6259
437 504 476 552 nr
497 504 655 553 rnscomo
675 505 713 552 nr
733 503 897 553 areanum
917 504 1033 566 nantas,
1056 504 1145 553 snm
1166 504 1210 551 m.
1233 522 1273 533 -
1293 505 1362 551 aar.
1385 504 1448 551 xxv
1653 484 1713 549 563

166 682 261 754 retur,
277 681 310 737 et
329 694 394 739 non
413 675 485 755 fuit,
501 685 533 740 et
554 676 610 759 qui
635 677 863 756 consolaretur,
880 684 912 739 et
927 676 952 739 Α
968 676 1173 739 sublevamen
1191 676 1356 759 reciperes,
1374 674 1514 755 lienique
1530 673 1624 757 paulo
1643 681 1715 755 post

165 790 227 835 non
249 771 383 835 invenit.
967 774 1024 836 tibi
1049 774 1159 855 utique
1185 775 1216 836 in
1243 774 1354 856 primis
1379 773 1614 836 amantissimus
1642 780 1714 834 tuus

203 868 354 932 Universa
375 889 448 933 mox
471 871 609 935 Creatori
633 890 691 935 suo
716 870 911 954 compatiens
966 872 1152 954 apparuisse
1174 872 1226 953 pie
1248 873 1426 935 credendus
1447 878 1505 935 est.

164 968 211 1047 (ut
238 966 284 1029 sic
307 967 426 1046 dicam)
449 977 605 1049 creatura,
632 969 851 1045 discoloratur,
879 975 911 1029 et

163 1071 313 1145 tanquam
332 1064 366 1126 in
385 1064 589 1145 primordiale
605 1066 702 1129 chaos
724 1066 910 1149 prolapsum
1590 1133 1597 1147 ι

164 1160 254 1239 foret,
270 1162 508 1226 obtenebratur.
524 1164 675 1227 Mirantur
688 1163 908 1241 Athenienses,
1151 1140 1396 1205 ARTICULUS
1419 1140 1526 1203 XXV·

163 1267 196 1322 et
207 1258 381 1322 altissimus
395 1259 657 1344 pbilosophorum
673 1260 841 1343 Dionysius
854 1260 910 1324 ob-
965 1291 1034 1351 Cu,
1051 1292 1194 1353 Matrem
1213 1309 1306 1349 ,uam
1325 1290 1530 1349 ,am-,samam
1550 1308 1610 1349 m,
1630 1290 1712 1351 Meg.

164 1356 327 1439 stupescit.
343 1357 407 1421 3⁰⁰
422 1356 469 1439 (1ιί
483 1357 590 1439 salim)
605 1359 838 1441 (lualflcumqufl
852 1358 909 1422 ilbi
1004 1380 1071 1438 aias
1091 1380 1241 1453 passioni
1262 1398 1330 1439 suoe
1353 1380 1462 1437 adesse
1483 1379 1644 1453 disposuit
1654 1399 1668 1447 ,·
1682 1387 1713 1438 et

163 1453 415 1532 consolarnen,o
436 1455 582 1519 sublimis
603 1456 709 1535 Maria,
725 1454 854 1519 exstitit.
1004 1470 1045 1527 de
1058 1468 1176 1527 merito
1190 1469 1420 1543 compassionis
1434 1476 1601 1527 maternae.

63 1576 137 1620 ιιιιιι.
200 1553 307 1632 Porro,
327 1553 415 1616 circa
437 1552 549 1617 boram
573 1573 703 1635 nonam,
719 1572 818 1635 quum
842 1552 909 1635 jam

56 1642 149 1743 ffi‘
161 1650 265 1714 omnia
291 1660 511 1715 consummata
533 1651 731 1732 exsisterent,
757 1651 909 1715 inclinato
1029 1653 1184 1730 Uautem,
1203 1652 1335 1716 Domine
1351 1652 1584 1733 universomm,
1598 1661 1713 1716 cuncta

56 1734 74 1813 ι’,
85 1767 113 1805 ιι.
163 1748 263 1830 capite
279 1748 405 1831 simque
419 1748 568 1814 intonans
588 1769 679 1831 voce,
695 1749 801 1813 emisit
818 1749 909 1831 spiri·
1042 1750 1203 1832 sapienter
1227 1749 1382 1832 disponis.
1403 1749 1464 1812 Cur
1487 1768 1573 1832 ergo,
1595 1768 1614 1812 ο
1639 1750 1713 1814 Jesu

162 1853 237 1909 tum.
254 1844 295 1908 Et
313 1854 399 1927 tunc,
416 1847 555 1926 oldaria,
571 1848 635 1910 nisi
654 1847 820 1912 morientis
841 1866 908 1911 om-
929 1843 1096 1929 Bbone,o
1121 1846 1289 1911 mitissime
1303 1849 1403 1929 Agne,
1421 1848 1620 1929 precordiali
1644 1848 1714 1911 dul-

162 1943 336 2026 nipotentia
360 1953 390 2008 te
414 1954 645 2025 conservasset,
670 1954 703 2009 et
724 1954 758 2009 tu
782 1964 908 2028 quoque
966 1947 1164 2027 cissimaeque
1178 1964 1242 2009 non
1259 1946 1428 2028 pepercisti
1444 1944 1607 2026 Genitrici,
1630 1946 1714 2010 ordi-

162 2041 254 2104 simul
279 2043 389 2124 utique
413 2044 616 2125 exspirasses.
643 2045 681 2106 Et
708 2045 813 2123 modo,
838 2062 909 2124 quae
965 2063 1046 2106 nans
1066 2064 1108 2107 ne
1128 2052 1213 2107 tuam
1234 2062 1373 2125 presens
1392 2052 1424 2106 et
1442 2044 1570 2106 adstans
1593 2044 1714 2126 passic-

162 2158 232 2203 mox
249 2140 356 2203 cordis
371 2141 416 2203 tui
432 2143 567 2204 materni
588 2160 746 2225 pressura,
762 2143 835 2224 quis
855 2160 909 2224 ge-
966 2162 1039 2205 nem
1069 2141 1269 2205 intenderetl
1295 2142 1355 2204 Sed
1382 2140 1461 2221 jam,
1488 2142 1638 2222 quoniam
1667 2142 1713 2204 nil

161 2238 268 2319 mitus,
300 2258 371 2320 que
403 2240 568 2319 desolatio,
601 2260 697 2322 qnam
731 2241 908 2305 affectuosa
966 2258 1095 2320 prorsus
1110 2239 1178 2301 sine
1193 2248 1246 2301 tua
1260 2239 1415 2321 contingit
1433 2238 1642 2321 providentia,
1659 2257 1714 2301 ne-

161 2335 409 2419 planctuosaque
435 2338 544 2417 verba,
559 2357 655 2419 quam
674 2338 774 2401 tristis
796 2340 909 2422 adspe-
964 2357 1026 2420 que
1048 2338 1118 2400 sine
1143 2336 1271 2400 efficaci
1296 2338 1418 2401 ratione
1442 2336 1617 2417 quidquam
1642 2356 1715 2402 eve-

161 2441 239 2513 ctus,
255 2453 353 2516 quam
374 2435 574 2499 moestissimi
595 2444 725 2518 gestus!
966 2435 1036 2497 nire
1051 2434 1220 2516 permittis,
1238 2452 1301 2497 non
1317 2434 1428 2515 utique
1442 2434 1562 2515 absque
1583 2434 1713 2497 sublimi

197 2532 448 2613 Demum,quum
464 2534 580 2597 mortui
595 2535 677 2597 latus
691 2534 782 2597 miles
797 2535 907 2598 lancea
965 2542 997 2596 et
1017 2533 1198 2597 admirabili
1220 2552 1314 2595 causa
1339 2550 1517 2596 amorosam
1543 2541 1629 2595 tuam
1653 2534 1714 2595 lla-

160 2629 274 2693 laadcns
292 2630 556 2710 transfixit,illius
566 2630 632 2713 jam
648 2642 827 2697 emortuum
841 2652 906 2697 non
964 2642 1043 2696 nem
1068 2632 1163 2695 morti
1189 2631 1340 2713 crucique
1364 2630 1517 2694 adsistere
1545 2632 1710 2695 ordinasti.

160 2727 274 2808 patitur
289 2747 418 2811 corpus,
434 2730 489 2792 sed
504 2735 590 2793 tuam
605 2749 714 2793 rursus
733 2730 907 2794 fervidissi-
962 2730 1134 2793 Enimvero
1149 2729 1244 2793 totius
1259 2738 1374 2793 nostre
1389 2728 1499 2792 salutis
1514 2746 1584 2791 eam
1600 2748 1714 2812 coope-

160 2844 241 2887 mam
256 2826 552 2907 perforatrnentem
572 2826 694 2891 framea
713 2829 907 2911 compassio-
963 2829 1113 2892 ratricem
1138 2846 1209 2891 esse
1233 2826 1372 2905 volebas,
1400 2846 1533 2908 eamque
1561 2826 1713 2890 Ecclesiae

160 2922 218 3001 nis,
233 2923 424 3005 poenaleque
443 2924 502 2987 tibi
516 2932 566 2987 est
585 2926 670 3005 quod
691 2945 756 2989 non
777 2926 907 2990 suffecit
962 2927 1149 2989 advocatam
1174 2925 1320 3002 statuisti,
1338 2932 1433 3005 atque
1457 2944 1515 3007 per
1535 2943 1606 2987 eam
1632 2924 1714 2987 mul-

160 3022 307 3103 malignis
321 3022 483 3085 viventem
498 3030 658 3104 torquere,
667 3024 729 3085 nisi
745 3025 942 3089 mortuumC
961 3032 1010 3087 tes
1036 3023 1204 3087 decrevisti
1230 3022 1361 3085 salvare.
1383 3022 1519 3104 Ideoque
1538 3022 1586 3102 (ni
1607 3021 1714 3103 fallor)

160 3122 375 3203 pupugissent.
392 3121 504 3184 Adbuc
519 3140 606 3199 vero,
620 3121 671 3184 hic
685 3123 801 3185 iterum
815 3124 907 3188 dolor
961 3133 993 3187 et
1007 3142 1078 3186 eam
1093 3122 1153 3184 tibi
1174 3122 1313 3203 compati
1336 3119 1476 3199 voluisti,
1494 3128 1650 3202 quatenus
1672 3121 1713 3184 ob

159 3226 232 3283 tunc
246 3228 334 3283 certe
348 3228 519 3283 renovatus
532 3229 593 3299 ast,
604 3238 704 3301 quum
718 3221 758 3284 ad
774 3222 906 3284 commi·
959 3222 1004 3302 id,
1020 3229 1171 3283 maternas
1194 3237 1258 3283 sue
1279 3217 1510 3300 compassionis
1531 3219 1655 3297 merito,
1674 3219 1713 3281 ad

159 3319 283 3382 suenda
298 3318 368 3398 ejus
382 3336 455 3382 ossa
476 3316 713 3382 crudelissimos
734 3320 905 3383 ascendere
959 3318 1212 3383 misericordiam
1243 3326 1277 3381 tu
1301 3319 1370 3400 ipse
1394 3336 1482 3381 esses
1505 3318 1710 3401 promptior:

160 3434 316 3479 cerneres.
960 3437 1026 3482 non
1040 3418 1150 3499 utique
1165 3424 1316 3497 tanquam
1338 3415 1630 3499 superdignissimae
1652 3424 1713 3480 tue

196 3514 442 3593 lesemdan
465 3532 539 3577 enm
564 3514 605 3577 de
628 3532 724 3577 cruce
747 3514 832 3578 beati
857 3515 904 3577 illi
960 3516 1073 3580 mortis
1089 3514 1243 3578 sanctitas
1258 3513 1472 3595 meritumque
1492 3532 1556 3577 non
1576 3513 1714 3577 suffece-

159 3609 364 3691 deponerent,
380 3630 477 3693 quam
495 3611 672 3675 affectuose
695 3620 791 3694 atque
815 3613 907 3695 lugu-
961 3613 1035 3691 rint,
1052 3614 1108 3676 sed
1124 3620 1158 3675 ut
1171 3613 1258 3675 bunc
1277 3628 1404 3692 quoque
1425 3610 1455 3673 ei
1477 3610 1631 3675 honorem
1653 3612 1713 3675 im·

159 3705 255 3771 briter
273 3708 345 3771 Filii
363 3708 408 3771 tui
429 3728 544 3793 corpus
569 3709 717 3792 suscipis,
734 3710 906 3792 amplecte·
960 3713 1128 3794 penderes,
1145 3718 1239 3793 atque
1254 3728 1312 3793 per
1333 3709 1434 3791 ipsius
1453 3709 1642 3791 patrocinia,
1658 3710 1712 3774 de-

160 3806 212 3887 ris,
241 3806 440 3871 deosculeris
471 3808 674 3890 lacrimisque
703 3808 808 3890 rigest
839 3808 905 3883 Quo
960 3817 1102 3891 speratos
1117 3807 1279 3889 eteosqui
1293 3813 1355 3870 ture
1368 3826 1402 3869 se
1415 3806 1556 3888 passioni
1570 3807 1711 3889 ingratos

161 3902 290 3988 insuper
318 3906 450 3987 planctu
478 3905 629 3969 Sanctum
658 3906 846 3970 Sanctorum
874 3917 907 3971 et
960 3905 1172 3971 exbibuerunt
1195 3906 1335 3987 itemque
1358 3904 1508 3987 indignos
1533 3924 1708 3987 reparares.

160 4002 273 4085 Regem
308 4004 417 4085 glorie
450 4003 572 4067 defles!
608 4005 748 4069 Urebant
781 4006 906 4069 vultum
959 4006 1112 4068 Preterea
1137 4012 1168 4066 et
1192 4003 1264 4066 ideo
1288 4020 1425 4085 quoque,
1452 4010 1487 4065 ut
1511 4021 1568 4085 per
1590 4003 1651 4066 hoe
1679 4011 1712 4067 et

160 4107 257 4183 tuum,
277 4120 298 4166 ο
322 4102 429 4184 Virgo,
454 4120 592 4180 roseum,
617 4104 817 4167 calidissime
842 4103 905 4167 ille
959 4102 1030 4185 ipsa
1055 4102 1153 4165 etiam
1181 4100 1438 4164 inenarrabiliter
1465 4100 1629 4183 proprium
1657 4120 1711 4165 cu·

160 4197 418 4264 indefectibiliter
441 4219 480 4263 ex
502 4200 693 4264 columbinis
716 4200 944 4266 amabilissi·D
960 4200 1096 4265 mularet
1120 4200 1280 4263 meritum.
1308 4199 1432 4263 Scimus
1456 4198 1604 4281 equidem
1632 4217 1711 4282 quo-

160 4295 281 4379 misque
295 4297 362 4361 tuis
375 4296 477 4361 oculis
491 4296 631 4361 lacrimas
651 4299 799 4380 guttatim
820 4320 906 4364 ema·
959 4300 1047 4363 niam
1071 4298 1099 4361 si
1125 4298 1347 4382 compatimur,
1371 4306 1402 4361 et
1429 4297 1706 4379 conregnabimus.
1731 4324 1797 4370 aas.
1810 4336 1856 4378 vn.

160 4403 284 4475 naues,
300 4415 361 4460 nec
380 4396 714 4477 absqueamarissimo
735 4398 837 4461 sancti
859 4399 905 4461 tui
959 4398 1113 4480 Denique,
1143 4398 1198 4479 qui
1233 4397 1305 4478 plus
1339 4397 1541 4479 compatitur,
1570 4397 1708 4481 amplius
1723 4386 1855 4495 ,¹,⁷³,¹},⁷¹⁸’

160 4494 294 4575 pectoris
327 4494 470 4558 cmciatu
505 4494 763 4559 intumulandum
797 4496 906 4559 dilecti
960 4516 1090 4580 prorsus
1125 4504 1156 4560 et
1189 4494 1487 4578 conglorificabitur
1522 4520 1528 4559 :
1559 4496 1707 4579 ideoque,
1740 4483 1746 4503 '

162 4608 273 4674 corpus
294 4612 314 4656 a
333 4601 366 4657 te
386 4592 544 4657 avellitur.
960 4596 1228 4679 quemadmodum
1243 4594 1358 4657 Sancte
1377 4593 1565 4657 Sanctorum
1587 4595 1709 4659 incom-

198 4691 293 4755 Porro
307 4710 381 4756 curn
395 4691 575 4755 incredibili
592 4692 701 4756 dolore
720 4710 792 4756 sero
806 4712 825 4755 ιι
839 4712 906 4756 mo
959 4693 1146 4777 parabiliter
1172 4710 1339 4775 compassa
1366 4699 1414 4755 est
1438 4692 1553 4755 Sancta
1580 4693 1709 4757 Sancta·

162 4798 312 4855 numento
333 4790 506 4854 reduceris.
523 4791 759 4873 Verumtamen,
774 4790 906 4854 domum
960 4811 1042 4872 rum,
1059 4792 1106 4853 sic
1129 4798 1162 4854 et
1186 4790 1219 4853 in
1242 4789 1343 4872 gloria
1367 4788 1531 4852 simillima
1555 4791 1708 4855 constitu·
1759 4805 1765 4819 ·

162 4884 313 4969 ingressa,
322 4907 396 4953 mox
409 4888 531 4970 ntique,
540 4895 575 4951 ut
589 4888 811 4970 dignissimum
825 4898 904 4969 erat,
960 4898 992 4953 ta
1013 4898 1071 4953 est.

163 4984 201 5047 de
214 4986 393 5050 certissima
405 4987 555 5069 proxime
569 4988 838 5070 contemplatione
857 5008 906 5052 ro-
1000 4988 1091 5052 Nunc
1113 4986 1222 5070 igitur,
1242 5006 1263 5051 o
1286 5005 1410 5051 summe
1433 4984 1602 5068 christae
1625 4984 1709 5052 bone

164 5084 365 5148 surrectionis
375 5085 625 5149 consolationem
636 5086 747 5149 sortita
756 5094 805 5149 est
815 5106 906 5150 meus
959 5088 1044 5165 lesu,
1065 5105 1085 5150 o
1109 5084 1276 5150 bominum
1301 5092 1423 5148 amator
1445 5084 1610 5167 llarieque
1634 5085 1706 5165 liili,

164 5187 215 5243 tua
236 5182 432 5247 dulcissima.
454 5183 651 5247 Rationabile
674 5184 822 5266 equidem
844 5185 907 5248 fuit
960 5185 1111 5269 quoniam
1127 5191 1200 5265 tuae,
1215 5184 1299 5247 heaf
1317 5190 1434 5246 sancte
1453 5182 1602 5264 passioni,
1620 5183 1708 5248 cruci

164 5279 266 5345 utillo
280 5288 414 5345 mortem
428 5280 574 5363 finiente,
590 5288 624 5344 tu
642 5300 769 5364 quoque
786 5283 906 5347 doloris
960 5292 993 5347 et
1016 5280 1163 5365 sanguini
1192 5289 1256 5344 tem
1285 5279 1518 5363 ingratissimus
1543 5281 1707 5363 improbus
