4309 6259
472 488 531 552 Μ)
616 506 657 553 llll
677 506 877 555 secaturus
898 508 1027 553 atratus
1048 508 1085 553 uf
1106 508 1203 553 nissae
1225 506 1452 554 cuuuunartotttt
1474 508 1631 555 DIALOGUS.
1654 527 1695 538 -
1715 509 1785 555 anu.
1808 508 1867 554 XXV

470 686 614 761 ternpore
628 678 765 760 desuper
778 678 1000 761 praeordinato,
1017 677 1101 739 intra
1122 676 1217 739 unius
1233 676 1258 737 A
1273 675 1449 739 conciliasti
1465 695 1523 740 nos
1538 676 1613 757 Deo,
1629 686 1661 741 et
1678 676 1854 761 pacificasti
1874 678 2005 741 eoelestia
2018 697 2097 742 ciere

471 777 682 855 electissima,
700 776 998 840 sacrosanctissima
1017 775 1131 858 puellae
1151 794 1219 837 cor·
1273 794 1309 837 ac
1325 783 1459 852 terrena,
1473 784 1504 837 et
1518 784 1650 857 utraque
1665 796 1765 838 unum
1780 776 1891 854 fecisti,
1903 777 2005 838 delens
2016 796 2099 851 fptznu

471 876 653 957 pusculum,
692 884 882 957 cooperante
922 873 1216 957 superdulcissimo,
1274 872 1357 953 qnod
1387 873 1555 937 adversum
1585 893 1643 938 nos
1675 882 1742 937 erat
1770 874 1884 937 decreti
1912 862 2097 966 chiro,{‘''⁵“··

471 973 631 1037 adorando
646 973 804 1055 paracleto
819 972 939 1056 Spiritu
954 973 1080 1051 Sancto,
1090 980 1119 1033 te
1134 971 1219 1033 clau·
1274 971 1441 1051 graphum.
2035 957 2038 965 ’

471 1070 540 1133 sisti
556 1071 588 1132 in
604 1070 707 1134 forma
720 1078 894 1151 assumpta,
910 1069 998 1131 salva
1011 1077 1072 1131 tuen
1092 1068 1219 1131 deitatis
1315 1066 1467 1149 Denique,
1484 1078 1518 1132 ut
1539 1070 1682 1133 omnium
1708 1071 1820 1133 horum
1844 1079 1874 1133 et
1896 1078 2005 1133 cetero

471 1170 637 1250 majestate
652 1169 820 1247 immensa,
836 1176 931 1250 atque
946 1188 984 1231 err
999 1187 1037 1230 ea
1053 1167 1217 1247 integerri-
1275 1188 1344 1229 rum
1359 1176 1485 1231 tuorum
1498 1168 1619 1250 jugiter
1633 1188 1790 1232 memores
1804 1170 1900 1231 simus
1921 1169 2004 1232 fervi-

329 1282 456 1333 Bmctm
471 1287 523 1330 ma
548 1275 765 1350 permanente,
791 1268 880 1330 nasci
905 1275 937 1329 et
961 1266 1045 1328 inter
1072 1265 1218 1328 homines
1273 1266 1312 1327 de
1336 1285 1372 1328 ac
1397 1267 1509 1329 devote
1533 1268 1766 1348 mysteriorum,
1792 1268 1824 1329 in
1849 1287 1936 1331 coena
1959 1267 2003 1329 illa

324 1350 357 1389 ³⁸'
471 1364 654 1429 conversari
675 1364 824 1445 dignatus
845 1383 890 1426 es.
907 1364 999 1443 Tu,o
1021 1382 1096 1425 vera
1117 1362 1218 1443 gloria
1273 1363 1444 1426 novissima
1459 1383 1553 1445 quam
1570 1364 1725 1428 desiderio
1740 1365 1921 1428 desiderasti
1940 1384 2002 1427 cnm
2018 1388 2048 1429 nr
2067 1402 2096 1427 u.

333 1483 455 1533 reatu.
469 1462 524 1525 Dei
546 1462 655 1541 Patris,
673 1462 755 1525 inter
776 1461 902 1543 iniquos
918 1460 1073 1542 inglorius
1092 1460 1218 1521 babitus
1273 1461 1335 1523 tuis
1359 1461 1476 1524 babere
1501 1462 1677 1544 discipulis,
1701 1472 1931 1526 sacramentum
1952 1463 2002 1525 boc
2015 1455 2036 1491 ¹⁵·

469 1569 560 1639 es,et
581 1559 625 1622 ita
643 1567 795 1622 tractatus
818 1578 837 1621 a
862 1558 1034 1637 sceleratis,
1050 1558 1134 1639 quod
1160 1557 1216 1619 tibi
1272 1578 1423 1641 magnum
1451 1559 1629 1638 instituisti,
1660 1562 1745 1642 quod
1780 1561 2056 1623 manifestatumm·
2093 1610 2095 1622 .

320 1684 360 1730 1²0.
369 1694 424 1733 ιω,
434 1684 455 1724 a.
469 1657 648 1740 Unigenito,
675 1676 738 1739 praa
762 1656 840 1719 filiis
865 1657 1030 1720 bominum
1060 1656 1216 1737 specioso,
1272 1664 1321 1719 cst
1343 1656 1376 1718 in
1401 1676 1509 1736 carne,
1525 1656 1738 1739 justificatum
1759 1667 1808 1721 est
1830 1659 1862 1720 in
1881 1658 2000 1740 Spiritu,
2014 1646 2035 1683 ¹⁶¹

469 1756 533 1819 imo
557 1775 622 1839 prae
646 1755 772 1817 cunctis
799 1754 952 1836 angelicis
980 1754 1141 1817 mentibus
1170 1754 1220 1815 in-
1272 1755 1419 1837 apparuit
1432 1754 1565 1837 angelis,
1576 1756 1781 1837 praedicatum
1797 1764 1843 1819 est
1856 1756 2000 1837 gentibus,

320 1879 453 1930 lanta-r.
468 1855 726 1939 comparabiliter
750 1854 894 1937 pulchro,
911 1873 976 1917 non
1000 1862 1069 1917 crat
1092 1854 1215 1936 species
1230 1856 1254 1918 Β
1273 1852 1427 1916 creditum
1443 1853 1538 1915 estin
1554 1854 1685 1933 mundo,
1702 1863 1898 1936 assumptum
1919 1862 1962 1916 cst
1975 1854 2002 1915 in

467 1974 571 2036 neque
586 1956 693 2034 decor,
710 1962 742 2016 et
755 1952 929 2035 apparuisti
950 1954 1037 2015 velut
1058 1953 1214 2033 leprosus,
1271 1950 1373 2033 gloria
1398 1974 1404 2013 :
1428 1958 1463 2012 ut
1487 1951 1579 2014 toties
1605 1959 1667 2014 tuae
1686 1952 1874 2031 dilectionis,
1898 1952 2004 2034 passio

319 2078 360 2121 1²0.
374 2090 418 2129 m.
431 2079 451 2120 τ.
466 2061 617 2134 tanquam
632 2051 838 2135 opprobrium
850 2051 1016 2114 bominum
1031 2058 1063 2112 et
1077 2050 1215 2132 abjectio
1271 2049 1321 2111 nis
1341 2048 1546 2129 omniumque
1571 2048 1803 2113 beneficiorum
1828 2058 1949 2113 tuorum
1967 2058 2004 2111 at-

466 2150 579 2233 plebis.
605 2150 677 2212 llaec
703 2158 768 2227 tua,
794 2167 813 2211 o
837 2148 911 2210 lesu
937 2147 1135 2229 dignissime,
1163 2148 1216 2211 de·
1271 2166 1333 2228 que
1361 2145 1582 2228 mysteriorum
1612 2147 1863 2227 reminiscamur,
1889 2147 2004 2209 remini-

466 2248 615 2311 formatio
644 2246 836 2324 miseranda,
863 2246 905 2307 sit
928 2245 1007 2307 mihi
1040 2245 1156 2308 mentis
1185 2254 1216 2309 et
1272 2246 1389 2307 scendo
1403 2245 1627 2323 accendamur,
1644 2254 1675 2307 et
1696 2245 1823 2308 accensi
1844 2246 2001 2323 imitemur,

466 2344 611 2408 omnium
633 2344 817 2425 passionum
837 2342 1020 2406 reformatio
1040 2343 1145 2425 plena,
1162 2344 1216 2405 ad·
1271 2342 1395 2422 quoties
1418 2342 1582 2405 llissarum
1603 2342 1748 2405 solennia
1768 2343 1960 2405 celebramus
1978 2352 2003 2402 et

466 2443 588 2506 ornatio
604 2441 756 2520 virtuosa,
772 2440 965 2523 glorificatio
980 2441 1185 2523 sempiterna.
1271 2460 1360 2503 sacra
1388 2441 1660 2505 communicamus
1689 2442 1850 2524 mysteria.
1878 2442 2002 2505 Obsecro

309 2564 451 2671 pexam„
506 2542 553 2603 ‘lu
567 2542 607 2603 de
621 2540 746 2623 perfide
762 2540 927 2622 Synagoga
941 2540 981 2602 ad
996 2548 1107 2621 gentes
1127 2541 1215 2603 veni·
1271 2549 1312 2619 te,
1339 2540 1470 2602 Domine
1499 2548 1530 2602 et
1553 2539 1706 2619 Salvator,
1732 2548 1861 2623 propter
1887 2559 2000 2603 omnem

466 2639 518 2718 sti,
534 2647 566 2701 et
579 2646 684 2701 tecum
701 2637 890 2702 Sanctorum
904 2637 1017 2700 millia.
1033 2638 1068 2699 ln
1088 2638 1215 2700 dextera

464 2746 519 2799 tua
533 2736 627 2819 ignea
642 2736 702 2814 lex,
719 2754 815 2816 quam
837 2754 895 2817 per
912 2735 1068 2816 gloriosos
1083 2735 1215 2817 aposto

464 2835 512 2897 los
536 2834 713 2917 praedicasti
738 2833 923 2915 gentilibus.
947 2832 1089 2895 Dilexisti
1114 2851 1214 2915 popu-

464 2931 524 3010 los,
548 2950 605 3013 pro
629 2949 764 3011 quorum
790 2930 891 2993 salute
919 2929 1061 2993 obtulisti
1091 2938 1121 2993 te
1149 2931 1212 2993 Deo

1271 2638 1456 2715 bonitatem,
1473 2638 1638 2700 caritatem
1654 2646 1685 2701 et
1699 2638 1834 2720 gratiam
1850 2657 1941 2719 super
1954 2656 2001 2699 nos

1271 2735 1606 2817 supergloriosissimaa
1621 2736 1795 2815 Trinitatis,
1813 2756 1869 2819 per
1888 2753 2001 2798 omnem

1271 2834 1420 2896 virtutem
1437 2840 1533 2914 tuam,
1549 2842 1581 2896 et
1600 2852 1693 2898 omne
1716 2834 1864 2897 meritum
1885 2832 2002 2895 sanctis-

1271 2932 1359 2995 simae
1377 2931 1535 3013 passionis
1554 2940 1626 3012 tuae,
1642 2951 1679 2995 ac
1699 2934 1845 2995 omnium
1865 2950 1932 3013 quae
1953 2948 2001 3012 pro

464 3028 546 3091 Petri
571 3029 604 3089 in
629 3028 732 3091 crucis
759 3027 913 3110 patibulo,
940 3028 1076 3090 hostiam
1105 3047 1214 3110 super·
1234 3035 1378 3098 Gnostra
1392 3028 1497 3092 fecisti
1519 3049 1556 3092 ac
1578 3029 1735 3112 pertulisti
1758 3032 1870 3109 salute,
1886 3029 1924 3092 ad
1944 3048 2002 3110 per

465 3126 720 3208 acceptissimam
740 3126 773 3187 in
795 3127 925 3188 odorem
949 3126 1125 3189 suavitatis.
1142 3126 1214 3189 Om-
1270 3128 1428 3211 agendum
1449 3127 1558 3191 divina
1583 3128 1643 3191 ista
1667 3129 1818 3210 mysteria
1841 3127 2002 3192 misericor-

316 3252 451 3304 ΜΝ
465 3244 522 3287 nes
548 3224 656 3287 Sancti
685 3224 719 3285 in
746 3243 844 3288 manu
871 3232 925 3286 tua
954 3232 1038 3301 sunt,
1065 3224 1120 3305 qui
1151 3226 1213 3288 scis
1270 3227 1400 3289 dissime
1425 3245 1483 3289 nos
1508 3227 1652 3309 dispone,
1670 3226 1835 3308 dignifica,
1852 3244 2000 3303 conserva,

318 3318 431 3422 ”m
466 3342 546 3403 quos
560 3321 706 3403 elegeris,
724 3329 756 3384 et
769 3321 930 3384 misereris
946 3321 998 3383 cui
1016 3321 1166 3403 volueris,
1183 3331 1214 3385 et
1270 3325 1383 3403 deduc,
1400 3324 1548 3406 gratifica
1563 3334 1595 3388 ct
1609 3325 1830 3389 indesinenter
1842 3326 1983 3409 guberna.

317 3455 392 3493 mn,
417 3408 451 3484 d.
467 3421 607 3483 clemens
622 3438 657 3482 es
672 3419 705 3481 in
720 3438 814 3500 quem
836 3418 894 3481 tibi
916 3419 1083 3501 placuerit.
1099 3420 1139 3481 Et
1158 3419 1213 3500 qui

467 3518 723 3602 appropinquant
735 3518 870 3600 pedibus
891 3518 965 3595 tuis,
983 3518 1037 3598 qui
1060 3526 1115 3581 tua
1135 3519 1216 3581 fide·

466 3618 540 3681 liter
564 3624 725 3679 sectantur
750 3615 896 3697 vestigia,
919 3615 1081 3697 accipient
1101 3617 1140 3679 de
1161 3625 1215 3679 tua

318 3738 401 3782 rma.
415 3750 453 3788 vu.
466 3716 621 3780 doctrina.
651 3714 710 3790 Qui
742 3713 828 3776 enim
856 3713 993 3776 voluerit
1019 3715 1214 3777 voluntatem

320 3803 354 3846 ¹⁷·
466 3814 572 3877 facere
587 3814 642 3877 Dei
656 3812 767 3893 Patris,
785 3811 864 3874 sciet
884 3830 941 3893 per
962 3820 1090 3893 gustum
1111 3820 1143 3875 et
1163 3833 1215 3875 err-

467 3912 655 3994 perientiarn
671 3929 880 3994 supernorum
896 3918 1023 3973 tuorum
1043 3910 1215 3974 charisma-

1447 3578 1691 3645 ARTICULUS
1726 3578 1837 3642 XXV.

1487 3728 1599 3790 Oratio
1620 3728 1660 3787 de
1680 3729 1799 3787 eodem.

1309 3910 1332 3973 0
1353 3911 1435 3973 Dens
1459 3918 1586 3990 aeterne,
1612 3910 1702 3973 Pater
1727 3910 2000 3976 misericordiarum
2012 3900 2104 3974 uteo*

467 4018 535 4072 turn
570 4010 850 4091 visitationumque
885 4008 1094 4087 internarum,
1129 4010 1213 4090 quod
1269 4018 1300 4071 et
1315 4009 1396 4071 Deus
1410 4008 1508 4072 totius
1523 4008 1760 4089 consolationis,
1776 4010 1832 4091 qui
1850 4030 1944 4092 quum
1962 4009 2085 4085 disum

312 4130 453 4180 cenerum,
466 4108 609 4171 doctrina
624 4116 678 4169 tua
693 4126 731 4168 ex
745 4107 807 4169 Deo
823 4107 873 4168 sit.
887 4105 955 4169 Non
970 4106 1057 4169 enirn
1072 4116 1120 4170 est
1134 4107 1215 4170 alius
1269 4125 1323 4168 ves
1349 4106 1392 4168 sis
1418 4106 1451 4167 in
1475 4105 1703 4186 misericordia,
1727 4115 1856 4189 propter
1884 4106 1999 4169 nimiam
2010 4094 2047 4139 ⁴¹²

310 4194 386 4243 ²⁶³⁷·
468 4213 503 4267 ut
516 4214 551 4267 tu
565 4205 647 4267 Deus
670 4204 877 4281 rectissimus,
894 4222 1044 4267 ascensor
1059 4205 1143 4283 coeli,
1160 4225 1215 4267 au·
1230 4202 1254 4264 D
1268 4204 1432 4266 caritatem
1456 4211 1543 4266 tuam
1567 4222 1629 4284 qua
1653 4202 1792 4265 dilexisti
1822 4222 1891 4285 nos,
1916 4222 1999 4285 quum

467 4302 595 4367 xiliator
627 4311 746 4381 noster,
776 4301 831 4383 qni
860 4302 941 4365 coelo
969 4321 1144 4367 conscenso
1177 4323 1213 4366 ec
1268 4321 1410 4365 essemus
1444 4302 1559 4366 mortui
1595 4302 1747 4383 peccatis,
1778 4300 1999 4365 convivificasti

466 4401 565 4464 misso
584 4400 756 4478 Paracleto,
771 4399 990 4461 babitaculum
1010 4410 1122 4463 tenens
1147 4420 1215 4464 sur·
1267 4419 1325 4464 nos
1340 4400 1463 4463 Christo
1478 4400 1610 4479 (etenim
1625 4400 1754 4481 proprio
1775 4400 1856 4463 Filio
1875 4420 1937 4464 non
1955 4418 2075 4481 peres

467 4520 550 4580 sum,
562 4507 593 4562 et
608 4499 717 4561 subter
732 4498 860 4561 brachia
875 4499 1079 4581 sempiterna,
1093 4501 1215 4581 magni-
1268 4497 1409 4581 percisti,
1426 4498 1481 4559 sed
1497 4515 1554 4579 pro
1569 4497 1718 4560 omnibus
1740 4497 1833 4560 nobis
1855 4495 1998 4560 tradidisti
2010 4484 2034 4522 ³²·

466 4596 598 4659 licentia
612 4604 666 4658 tua
680 4594 784 4658 fecisti
801 4595 979 4659 discurrere
995 4597 1107 4677 nubes,
1118 4597 1215 4659 subli-
1268 4596 1383 4675 illurn),
1400 4595 1441 4659 ob
1455 4614 1582 4658 omnem
1598 4595 1763 4657 caritatem
1780 4604 1866 4657 tuam
1888 4604 1919 4659 et
1938 4594 2000 4656 infi-

324 4712 400 4759 nm.
422 4730 452 4768 ιιι,
466 4713 535 4757 mes
558 4693 736 4777 Apostolos,
758 4693 887 4755 tonitrui
913 4692 1011 4772 filios,
1027 4694 1083 4774 qui
1105 4694 1212 4757 lumen
1268 4694 1367 4756 uitam
1395 4692 1544 4775 abyssum
1574 4692 1800 4756 misericordie
1831 4702 1892 4756 tuat
1918 4710 2000 4775 super

321 4780 355 4820 ¹⁷·
466 4792 618 4855 doctrina
640 4801 701 4855 tuae
720 4799 903 4874 sparserunt
921 4809 985 4853 non
1005 4791 1039 4852 in
1060 4812 1123 4855 una
1146 4802 1214 4855 tan-
1267 4791 1453 4853 universum
1477 4809 1577 4872 genus
1602 4790 1790 4871 humanum,
1806 4792 1935 4855 ostonde
1956 4808 2001 4852 nc

318 4840 452 4944 llll-mm
467 4889 630 4953 tummodo
644 4889 772 4970 regione
787 4888 911 4965 iudaeae,
922 4890 977 4950 sed
992 4890 1025 4951 in
1040 4891 1126 4952 omni
1143 4891 1212 4955 loco
1268 4890 1316 4952 bis
1331 4889 1472 4971 indignis
1487 4888 1705 4951 sacerdotibus
1721 4889 1783 4951 tuis
1799 4888 1905 4952 lucem
1919 4888 2000 4951 mise

1267 4988 1424 5051 rationum
1444 4995 1582 5065 tuarum,
1598 4986 1652 5067 qui
1674 4987 1705 5047 in
1730 4986 1790 5050 boc
1816 4994 1999 5049 sacramento

466 4987 693 5051 misericordiae
708 4994 780 5065 tuae,
796 5004 997 5068 quocumque
1011 4986 1135 5068 jussisti
1158 5008 1212 5053 eos

465 5086 585 5149 venire.
602 5086 659 5164 Tu,
676 5084 819 5162 Domine,
837 5103 893 5164 per
907 5084 1093 5165 sanguinem
1108 5087 1212 5149 crucis
1267 5084 1424 5148 mirabilia
1448 5092 1502 5147 tua
1527 5084 1573 5147 sic
1599 5085 1755 5161 innovas3
1771 5103 1880 5147 amore
1903 5084 1999 5164 unige

1266 5184 1325 5246 niti
1346 5181 1418 5245 Filii
1443 5182 1489 5244 tui
1513 5182 1651 5263 gratiose
1675 5201 1734 5245 nos
1758 5183 1909 5264 praeveni,
1925 5180 1998 5262 reple

463 5192 526 5247 tuae
549 5183 658 5245 fusum
678 5183 717 5245 de
741 5200 873 5263 corpore
896 5190 962 5262 tuo,
984 5183 1067 5263 quod
1094 5183 1126 5244 in
1151 5186 1211 5249 hoe

464 5290 661 5344 sacramento
686 5279 851 5343 verissime
876 5297 1015 5360 praesens
1040 5283 1146 5360 credo,
1164 5303 1211 5346 re-
1267 5302 1303 5346 ac
1319 5279 1460 5363 perfice,
1478 5280 1608 5362 ignosce
1626 5288 1658 5343 et
1679 5280 1813 5344 condole
1829 5280 1999 5364 improbita
