4309 6259
459 482 499 528 ult
519 481 667 529 PASSIONB
687 480 795 529 contu
817 481 1003 528 SALVATORIS
1024 480 1184 529 olatoous.
1207 499 1248 510 -
1268 481 1337 527 ultr.
1361 480 1448 527 xxvtl
1666 460 1726 524 309

179 654 255 717 satis
268 655 369 717 multa
390 652 606 730 inveniuntur,
622 669 680 734 pro
700 670 816 734 magna
834 659 923 734 parte
939 649 965 713 Α
979 649 1351 733 cuit‚parsuasit.Sicque
1366 650 1541 714 naturalem
1555 650 1726 733 imaginem

177 754 283 835 potius
306 751 433 816 curiosa
455 770 550 833 quam
575 750 755 815 necessaria
777 751 816 812 ad
841 750 925 813 salu·
979 758 1012 813 et
1025 748 1266 813 similitudinem
1282 749 1553 830 superbenedictae
1563 748 1726 811 Trinitatis

177 858 253 929 tom,
281 869 340 933 per
367 868 502 932 quorum
530 848 798 911 introductionem
833 847 924 910 multi
979 846 1037 909 tibi
1067 847 1265 929 impressam,
1291 866 1348 929 per
1371 847 1454 909 dona
1477 846 1586 929 gratiae
1609 854 1641 909 et
1663 846 1727 908 vir-

177 969 194 1011 a
218 956 440 1031 protactorum
465 946 676 1029 intelligentia
699 946 800 1028 magis
825 946 926 1028 impe
980 946 1235 1028 tutes,perdona
1249 944 1525 1008 beatitudiuisviae
1540 964 1577 1007 ac
1592 943 1726 1025 fructus,

175 1046 321 1109 direntur
334 1064 430 1127 qnam
448 1044 646 1126 juvarentur.
664 1044 709 1105 'lu
728 1062 804 1107 vero
823 1044 925 1106 luces
979 1062 1037 1125 per
1060 1044 1210 1106 exercitia
1234 1043 1386 1123 virtuosa,
1413 1062 1471 1125 per
1494 1042 1726 1105 indesinentem

176 1144 321 1207 rabiliter
339 1145 430 1207 stude
450 1152 483 1207 et
501 1150 619 1225 satage,
636 1142 745 1205 labora
758 1150 791 1205 et
810 1160 925 1205 conare
979 1141 1202 1224 fervidumque
1214 1140 1469 1224 proiectum,per
1480 1140 1638 1222 passionis
1649 1160 1727 1204 mere

176 1248 206 1304 te
233 1248 338 1303 toturn
367 1240 431 1303 Deo
459 1239 629 1322 subjicere,
655 1247 687 1302 et
714 1238 923 1319 intellectum,
979 1239 1219 1303 meditationem
1234 1238 1393 1301 assiduam
1411 1238 1500 1319 juxta
1518 1256 1646 1301 omnem
1661 1257 1729 1302 mo

173 1338 364 1402 memoriam
378 1346 411 1400 et
424 1336 579 1401 allectum
592 1336 711 1401 divinae
732 1345 764 1399 et
778 1337 925 1401 increato
979 1339 1055 1401 dnm
1071 1337 1292 1419 praehabitum,
1304 1336 1487 1417 reformare,
1497 1355 1621 1415 ornare,
1631 1336 1728 1418 perli-

173 1437 273 1499 menti
296 1437 439 1519 plenarie
460 1436 672 1514 conformare,
688 1436 858 1517 credendo,
873 1454 926 1499 co
980 1455 1051 1499 cere
1066 1437 1169 1515 stude,
1186 1444 1341 1517 quatenus
1356 1443 1428 1518 post
1441 1434 1538 1516 hujus
1552 1434 1726 1497 incolatum

172 1536 371 1616 gnoscendo,
388 1535 630 1615 considerando,
653 1534 802 1613 volendo,
819 1554 926 1597 aman-
979 1534 1081 1597 exsilii
1108 1535 1146 1597 ad
1175 1534 1438 1598 assimilationem
1462 1532 1646 1596 beatificam
1670 1552 1728 1615 per

171 1633 224 1712 do,
240 1633 465 1711 desiderando,
482 1632 711 1712 conversando,
727 1632 861 1715 agendo,
880 1632 926 1695 vi·
979 1634 1064 1696 dona
1083 1632 1191 1715 gloria
1213 1631 1319 1696 valeas
1337 1630 1516 1715 pervenire.
1533 1630 1580 1694 Ad
1600 1630 1726 1695 laudem

172 1732 270 1795 tando
283 1732 377 1812 juxta
397 1731 575 1795 doctrinam
596 1731 777 1814 Scriptura,
793 1738 825 1793 et
844 1730 927 1793 sicut
980 1739 1013 1793 et
1040 1729 1175 1812 gloriam
1204 1729 1447 1811 omnipotentis,
1473 1727 1528 1809 qui
1557 1736 1605 1791 est
1631 1748 1727 1811 super

171 1829 255 1892 Deus
285 1829 449 1912 pracepit,
476 1830 650 1912 prohibuit,
676 1828 847 1909 consuluit,
871 1825 963 1893 do-B
981 1827 1090 1892 omnia
1104 1828 1186 1891 Deus
1201 1827 1346 1891 sublimis
1362 1836 1394 1890 et
1408 1826 1723 1890 benedictusdmen.

477 3054 571 3105 riuis
596 3054 745 3105 olutool
768 3054 816 3105 DE
841 3053 1011 3104 pessmus
1036 3053 1164 3104 DOMINI
1191 3052 1425 3103 SALVATORIS.
