4309 6259
267 3644 397 3696 raama-
453 3626 597 3705 Domine,
613 3623 727 3687 exaudi
747 3622 923 3686 orationem
945 3640 1060 3701 meam,
1077 3620 1160 3683 anri-

266 3709 299 3751 ¹2.

410 495 471 561 320
960 508 1052 554 nona
1073 506 1114 553 un
1134 505 1283 552 rasarone
1305 506 1412 552 nouuu

1172 677 1197 738 Α
1253 676 1322 740 Non
1346 685 1468 739 avertas
1492 675 1607 739 laciem
1630 685 1715 741 tuam
1740 698 1758 741 a
1783 698 1846 758 me,
1868 688 1904 743 et
1925 680 1972 742 si-

1213 774 1299 837 milis
1314 794 1368 838 ero
1382 775 1648 839 descendentibus
1664 776 1698 838 in
1713 778 1829 839 lacurn.

1252 873 1398 935 Auditam
1422 872 1473 936 lec
1495 873 1573 935 mibi
1596 893 1688 937 mane
1709 876 1969 940 misericordiam

451 695 484 747 v.
500 684 594 761 Dens,
611 682 643 744 in
659 680 865 764 adjuterium,
883 688 940 740 etc.

450 802 483 858 n.
501 782 644 861 Domine,
660 781 699 842 ad
715 778 942 860 adjuvandum,
960 785 1018 836 etc.

451 892 483 944 v.
500 879 606 943 Gloria
619 878 712 941 Patri.

702 979 864 1053 Hymnus.

551 1076 585 1137 ln
601 1073 749 1156 passione
764 1070 902 1149 Domini,

529 1172 596 1247 Qua
610 1172 695 1233 salus
708 1170 801 1232 datur
815 1167 949 1245 homini,

531 1269 578 1332 Sit
592 1276 736 1332 nostrum
751 1266 965 1347 refrigerium,

531 1369 570 1431 Et
584 1368 689 1431 cordis
703 1364 908 1429 desiderium.

551 1465 713 1528 Portemus
728 1464 762 1525 in
777 1462 930 1526 memoria

531 1564 700 1627 Tormenta
714 1570 746 1624 et
760 1560 931 1643 opprobria

530 1661 655 1739 Christi,
673 1678 824 1724 coronam
840 1660 996 1741 spineam,

530 1760 673 1836 Crucem,
690 1758 798 1821 clavos
813 1766 845 1820 et
859 1757 1014 1837 lanceam,

549 1856 588 1918 Et
601 1856 710 1938 plagas
725 1854 966 1931 sacratissimas,

530 1953 621 2016 Omni
636 1953 728 2015 laude
742 1952 958 2033 dignissimas,

531 2053 676 2129 Acetum,
693 2050 748 2128 lel,
765 2050 965 2127 arundinem,

531 2151 639 2215 Cordis
654 2149 910 2212 amaritudinem.

552 2250 624 2312 lstis
639 2247 763 2311 cunctis
779 2247 941 2325 satiemur,

531 2346 671 2409 Dulciter
686 2345 882 2408 inebriemur
894 2368 902 2422 3

530 2444 622 2508 Dmni
639 2443 782 2525 repleant
796 2442 912 2505 virtute

532 2543 604 2606 Haec
619 2560 677 2605 nos
692 2542 850 2622 plenaque
865 2540 976 2603 salute.

552 2639 747 2704 Crucifixum
763 2657 953 2701 veneramur

532 2741 587 2818 Te,
603 2758 622 2803 o
637 2738 770 2817 Christe,
787 2746 818 2801 et
832 2756 1001 2819 precamur

532 2838 570 2901 Ut
584 2836 687 2900 Beatis
701 2855 760 2899 nos
775 2836 952 2917 conjungas

532 2937 566 2998 ln
581 2944 747 3015 aeternum,
764 2942 795 2996 et
809 2953 895 2996 nunc
911 2951 1022 3014 ungas.

552 3035 658 3097 Honor
672 3032 795 3096 Christo
810 3031 1003 3107 venundato,

531 3133 570 3194 Et
584 3137 714 3213 propter
727 3148 786 3194 nos
800 3130 1023 3211 pessumdato,-

533 3230 616 3293 Patri
632 3229 809 3309 Sanctoque
823 3227 971 3306 Flamini,

1212 978 1311 1049 tuam,
1327 971 1403 1053 quia
1417 972 1451 1034 in
1465 981 1496 1035 te
1511 971 1645 1053 speravi.

1252 1068 1363 1132 Nolam
1378 1070 1429 1133 lac
1451 1070 1530 1133 mihi
1551 1070 1636 1133 viam
1659 1070 1769 1151 inqua
1788 1072 1967 1149 ambulem,

1213 1167 1288 1247 quia
1301 1168 1341 1230 ad
1356 1175 1386 1231 te
1401 1168 1505 1231 levavi
1520 1168 1659 1231 animam
1675 1188 1789 1232 meam.

1252 1264 1346 1346 Eripe
1362 1284 1412 1327 me
1428 1265 1467 1329 de
1489 1265 1629 1328 inimicis
1651 1267 1742 1345 meis,
1760 1268 1909 1347 Domine,
1925 1270 1969 1331 ud

1214 1369 1244 1425 te
1273 1362 1425 1444 conlugi3
1451 1363 1530 1425 doce
1559 1382 1609 1426 me
1634 1362 1739 1426 lacere
1765 1365 1968 1429 voluntatem

1216 1467 1313 1537 tuam,
1330 1460 1405 1540 quia
1420 1461 1502 1523 Deus
1518 1479 1607 1523 meus
1622 1480 1656 1523 es
1671 1469 1716 1525 tu.

1255 1558 1390 1640 Spiritus
1409 1566 1482 1621 tuns
1502 1558 1604 1621 bonus
1623 1559 1759 1623 deducet
1777 1580 1830 1625 me
1850 1561 1884 1623 in
1906 1570 1972 1625 ter

1214 1675 1281 1718 ram
1310 1665 1449 1733 rectam,
1476 1665 1605 1739 propter
1633 1676 1748 1721 nomen
1778 1666 1882 1739 tuum,
1909 1661 1974 1724 Do-

1214 1755 1311 1832 mine,
1328 1754 1510 1817 vivificabis
1526 1756 1625 1818 mein
1641 1757 1788 1837 aequitate
1803 1768 1869 1821 tua.

1176 1855 1199 1917 B
1253 1854 1375 1916 Educes
1398 1854 1437 1915 de
1459 1853 1663 1917 tribulatione
1685 1855 1824 1918 animam
1845 1876 1971 1936 meam,

1213 1961 1245 2014 ct
1264 1953 1297 2013 in
1312 1951 1531 2014 misericordie
1553 1962 1606 2015 tua
1626 1952 1791 2035 disperdes
1813 1954 1973 2019 inimicos

1214 2068 1312 2113 meos.

1253 2149 1292 2211 Et
1306 2148 1418 2230 perdes
1439 2166 1551 2211 omnes
1573 2148 1626 2231 qui
1649 2149 1803 2213 tribulant
1821 2151 1972 2215 animam

1214 2266 1329 2326 meam,
1345 2247 1497 2328 quoniam
1512 2266 1570 2329 ego
1585 2267 1696 2311 servus
1711 2256 1784 2311 tuus
1800 2269 1884 2312 sum.

1255 2344 1361 2408 Gloria
1375 2345 1468 2407 Patri.

1253 2448 1331 2507 Ant.
1355 2443 1478 2507 Christo
1501 2442 1645 2507 conlisus
1665 2464 1736 2507 sum
1757 2446 1867 2523 cruci3
1890 2448 1973 2511 vivo
2005 2481 2104 2525 GM„

1214 2550 1331 2620 autem,
1340 2541 1406 2623 jam
1422 2560 1486 2605 non
1501 2560 1570 2623 ego,
1580 2542 1660 2606 vivit
1674 2562 1748 2607 vero
1764 2544 1797 2606 in
1813 2564 1865 2608 me
1876 2545 1973 2609 Chri·
1991 2548 2022 2593 ¹’·
2034 2546 2064 2585 ’ἰ

1215 2649 1305 2702 stus:
1323 2641 1407 2720 qnod
1428 2648 1533 2703 antem
1557 2660 1642 2703 nunc
1664 2642 1739 2705 vivo
1754 2642 1789 2704 in
1803 2662 1914 2722 carna,
1933 2644 1971 2706 in

1213 2736 1280 2799 lide
1299 2737 1373 2800 vivo
1392 2736 1462 2801 Filii
1478 2736 1546 2815 Dei,
1567 2738 1620 2819 qui
1641 2738 1752 2801 dilexit
1774 2758 1826 2802 me
1848 2749 1883 2803 et
1904 2750 1973 2804 tra-

1214 2835 1295 2898 didit
1309 2836 1514 2917 semetipsum
1529 2855 1587 2918 pro
1602 2855 1663 2899 me.

1487 2936 1688 3011 Capitulum.

1179 3037 1200 3101 c
1253 3032 1434 3115 Assumpsit
1447 3032 1538 3094 lesus
1560 3032 1739 3114 duodecim,
1756 3041 1788 3097 et
1808 3034 1853 3097 ait
1872 3034 1941 3098 illis
1961 3062 1969 3099 :
1997 3072 2105 3118 m,

1214 3130 1295 3193 Ecce
1323 3131 1525 3193 ascendimus
1554 3131 1792 3213 lerosolymam,
1822 3140 1854 3195 et
1889 3151 1972 3197 con-
1988 3139 2057 3177 ³¹⁴²

1216 3229 1459 3292 summabuntur
1478 3228 1587 3291 omnia
1605 3248 1675 3311 quae
1693 3230 1811 3311 scripta
1830 3240 1905 3293 sunt
1925 3234 1972 3296 de

535 3329 665 3392 Summo
679 3334 787 3390 nostro
800 3324 970 3407 juvamini.
987 3327 1097 3388 Amen.

452 3433 533 3492 Ant.
549 3427 671 3491 Christo
686 3424 832 3488 confixus
847 3444 918 3486 sum
933 3424 1031 3486 cruci.

661 3528 816 3588 Psalmus
832 3527 914 3585 142.

1215 3327 1296 3391 Filio
1312 3326 1451 3389 hominis
1469 3351 1475 3389 :
1493 3328 1635 3390 tradetur
1649 3329 1734 3392 euim
1756 3330 1917 3412 gentibus,
1936 3342 1972 3395 et

1215 3425 1376 3503 illudetur,
1400 3432 1431 3489 et
1456 3434 1660 3508 conspuetur,
1683 3436 1715 3490 et
1734 3427 1970 3509 flagellabitur,

1215 3532 1247 3586 et
1260 3524 1406 3587 occident
1420 3542 1504 3587 eum.

1255 3641 1287 3696 ra.
1304 3621 1367 3684 Deo
1381 3621 1509 3703 gratias.

414 3725 472 3788 bus
487 3724 616 3806 percipe
630 3720 883 3785 obsecrationem
898 3738 1014 3797 meam,
1031 3719 1064 3781 in
1079 3718 1161 3781 veri·
1255 3739 1288 3795 n.
1304 3720 1503 3801 Aperuerunt
1522 3738 1618 3801 super
1636 3739 1688 3783 me
1701 3738 1756 3785 ora
1777 3740 1834 3784 sua
1852 3741 1971 3804 expro-
1984 3750 2027 3793 ιω
2036 3764 2074 3792 m
2084 3753 2102 3789 ιι

412 3831 476 3887 tate
492 3831 545 3885 tua
558 3821 672 3885 exaudi
688 3838 739 3882 me
754 3820 787 3881 in
801 3827 856 3880 tna
868 3818 1002 3899 justitia.
1215 3818 1354 3899 brantes,
1384 3828 1609 3899 percusserunt
1636 3819 1796 3882 maxillam
1826 3840 1934 3884 meam
1959 3846 1969 3901 3

452 3920 490 3983 Et
513 3938 578 3983 non
607 3918 707 3980 intres
732 3917 765 3978 in
788 3916 946 3997 judicium
970 3935 1043 3978 curn
1068 3934 1160 3979 servo
1215 3917 1357 3997 †Satiati
1374 3923 1448 3979 sunt
1461 3917 1565 3998 poenis
1580 3917 1670 3979 meis.

412 4026 467 4082 tuo
484 4017 660 4098 :quianon
682 4013 912 4095 justificabitur
933 4013 966 4075 in
987 4022 1160 4095 conspectu
1258 4025 1290 4077 v.
1319 4014 1481 4078 Conclusit
1512 4032 1564 4076 me
1595 4014 1677 4077 Deus
1707 4016 1791 4098 apud
1822 4016 1968 4099 iniquos,
1985 4044 2085 4088 naara.

413 4124 468 4179 tuo
482 4114 586 4178 omnis
602 4113 726 4176 vivens.
1216 4121 1247 4175 et
1274 4111 1421 4175 manibus
1453 4110 1623 4192 impiorum
1656 4132 1707 4175 me
1738 4114 1878 4177 tradidit.
1909 4116 1971 4179 Sa-

454 4211 533 4287 Quia
558 4217 744 4293 persecutus
768 4218 817 4272 est
841 4209 992 4272 inimicus
1021 4208 1160 4271 animam
1176 4210 1200 4272 D
1216 4210 1296 4273 tiati.

413 4328 530 4389 meam,
547 4307 729 4372 humiliavit
743 4307 777 4369 in
792 4316 875 4370 terra
891 4307 987 4370 vitam
1004 4325 1117 4369 meam.
1257 4320 1289 4371 v.
1313 4306 1418 4371 Gloria
1432 4308 1525 4370 Patri.
1543 4308 1657 4371 Poenis.

454 4407 627 4472 Collocavit
641 4426 693 4469 me
707 4406 740 4467 in
755 4404 900 4468 obscuris
921 4405 1006 4468 sicut
1019 4414 1160 4468 mortuos
1256 4418 1288 4470 v.
1316 4406 1362 4468 Tu
1386 4413 1504 4485 autem,
1530 4407 1673 4488 Domine,
1699 4426 1739 4471 nc
1764 4408 1972 4491 elongaveris
1986 4429 2107 4473 rama

412 4507 532 4587 saculi,
553 4514 585 4569 et
606 4505 749 4568 anxiatus
771 4511 937 4586 estsuper
957 4523 1008 4565 me
1030 4504 1160 4585 spiritus
1217 4504 1370 4568 auxilinm
1384 4512 1475 4568 tuum
1490 4525 1508 4567 a
1523 4524 1585 4568 me.

411 4626 514 4685 meus,
531 4606 565 4668 in
581 4623 632 4667 me
647 4604 807 4667 turbatum
823 4611 872 4665 est
886 4621 942 4666 cor
953 4621 1073 4666 meum.
1256 4623 1290 4678 p.
1306 4604 1352 4666 ild
1367 4602 1587 4668 delensionem
1601 4623 1706 4668 meam
1720 4605 1883 4687 conspice.

450 4704 568 4767 blemor
585 4702 632 4765 lui
651 4702 776 4765 dierum
794 4701 1007 4782 antiquorum,
1029 4702 1162 4764 medita-
1257 4714 1289 4765 v.
1306 4702 1451 4780 Domine,
1468 4702 1592 4780 exaudi,
1609 4712 1668 4765 etc.

409 4811 462 4865 tus
477 4821 548 4864 sum
563 4801 596 4863 in
611 4800 759 4864 omnibus
774 4799 924 4881 operibus
939 4800 1013 4877 tuis,
1021 4800 1055 4861 in
1067 4798 1160 4861 lactis
1256 4821 1289 4874 a.
1305 4801 1343 4863 Et
1357 4801 1477 4863 clamor
1491 4820 1592 4879 meuS,
1609 4812 1668 4863 ete.

410 4920 565 4964 mannum
580 4907 706 4961 tuamm
721 4897 908 4961 meditabar.
1519 4899 1662 4963 Dremns.

451 4998 594 5081 Expandi
609 5016 722 5059 manus
737 5015 824 5058 meas
843 4996 883 5059 ad
903 5004 953 5076 te,
970 4995 1075 5059 anima
1090 5014 1161 5059 mea
1257 4995 1330 5059 lesu
1365 4995 1561 5074 dulcissime,
1591 5016 1650 5080 per
1684 5005 1771 5061 tuam
1799 5006 1832 5063 te
1861 5019 1976 5083 quaeso

412 5098 495 5161 sicut
508 5105 593 5160 terra
607 5097 676 5159 sine
691 5114 774 5176 aqna
788 5094 857 5156 tibi.
1218 5092 1554 5177 ignominiosissimam
1591 5097 1873 5177 praescntationem
1909 5120 1977 5182 qua

452 5195 611 5259 Velociter
638 5194 751 5256 eraudi
780 5213 843 5272 me,
868 5192 1013 5270 Domina,
1041 5192 1161 5257 delecit
1218 5211 1275 5275 pro
1290 5210 1341 5255 me
1355 5191 1453 5255 Pilato
1468 5193 1584 5273 ligatus
1599 5200 1694 5275 atque
1709 5206 1890 5277 consputus
1906 5208 1978 5263 lan·

412 5296 544 5381 spiritus
559 5313 660 5359 meus.
1218 5310 1313 5375 quam
1328 5289 1446 5373 impius
1460 5289 1584 5353 oblatus
1605 5310 1651 5374 es,
1667 5300 1703 5355 ut
1717 5310 1776 5356 nos
1791 5294 1841 5359 sic
1864 5298 1979 5365 vivere
