4309 6259
448 510 489 559 ιιι
508 512 657 560 rassroun
678 512 785 560 noxam
807 512 992 560 satenronrs
1015 514 1174 561 nrxnoons.
1197 534 1238 545 —
1257 514 1328 561 aar.
1351 512 1436 561 xxvn
1655 496 1714 559 aot

178 680 325 764 perfectio
360 680 498 745 infinita.
534 682 624 745 Pater
658 702 783 765 quoque
817 691 915 746 totam
931 683 956 744 Α
971 683 1069 763 oculi,
1086 703 1104 746 a
1119 703 1152 747 se
1168 682 1245 766 ipsis
1259 682 1438 747 defluentes
1452 682 1617 763 deficiant,
1633 683 1716 745 vires

178 798 258 841 suam
272 778 458 859 bonitatem,
475 781 703 863 perfectionem
718 789 751 845 ct
768 781 914 863 gloriam,
970 782 1111 864 corporis
1139 802 1176 845 ac
1201 802 1351 845 sensuum
1382 802 1474 846 usum
1504 783 1661 859 amittant,
1687 790 1718 844 et

177 876 366 959 plenissime,
390 877 528 941 indivise
549 880 757 960 eamdemque
783 897 916 941 numero
970 880 1060 960 quasi
1075 880 1178 962 sopita
1192 880 1314 943 arbitrii
1329 880 1484 959 libertate,
1502 881 1534 943 in
1555 881 1718 961 regionem

178 974 384 1038 communicat
404 975 496 1056 Filio,
511 976 651 1057 itemque
665 977 756 1039 Pater
772 985 804 1039 et
818 977 917 1039 fillius
971 976 1100 1039 luminis
1129 976 1370 1058 transferantur,
1401 978 1547 1041 resistere
1572 996 1636 1041 non
1665 995 1719 1041 va-

176 1071 298 1154 Spiritni
325 1072 440 1136 Sancto
462 1096 469 1135 ι
490 1082 523 1137 ct
546 1074 589 1136 ita
606 1082 655 1137 est
674 1074 718 1136 ibi
740 1074 917 1137 communi·
971 1075 1083 1137 lentes.

177 1170 252 1233 catio
273 1178 394 1250 mutua,
411 1191 535 1234 summa
553 1180 647 1253 atque
668 1172 819 1255 perfecta.
836 1171 915 1235 Hine
1010 1172 1178 1236 Sacvarns.
1194 1210 1235 1221 —
1248 1174 1325 1235 lfira
1339 1182 1371 1235 et
1392 1193 1506 1255 magua
1526 1182 1557 1236 et
1571 1176 1620 1254 (ut
1634 1175 1718 1253 reor)

175 1287 278 1331 rursus
292 1276 341 1330 est
355 1268 401 1331 ibi
416 1269 637 1352 propinquitas
652 1269 800 1347 maxima,
816 1288 916 1351 quum
970 1288 1041 1332 rara
1054 1278 1103 1333 est
1116 1272 1215 1353 gratia
1236 1272 1306 1351 ista,
1323 1280 1354 1334 et
1375 1272 1452 1336 solis
1473 1271 1624 1355 perfectis
1644 1289 1718 1335 con-

174 1364 298 1427 l'iliusa
316 1365 405 1428 Patre
425 1366 608 1429 immediate
626 1366 786 1448 gignatur,
802 1376 834 1430 et
847 1366 917 1449 Spi-
970 1387 1070 1432 cessa.

175 1463 249 1525 ritus
262 1463 396 1526 Sanctus
417 1464 458 1526 ab
478 1473 611 1547 ntmque
632 1473 782 1546 tanquam
797 1465 837 1527 ab
852 1484 916 1528 uno
1010 1465 1181 1532 Sxxvxron.
1198 1504 1237 1515 —
1258 1469 1339 1532 Solis
1361 1468 1511 1551 perfectis
1535 1468 1719 1551 regulariter

174 1562 328 1645 principio
355 1564 559 1645 pmducatur,
584 1572 616 1626 et
642 1564 726 1645 quud
741 1564 823 1626 inter
846 1582 917 1645 pcr-
970 1566 1132 1628 convenit.
1161 1566 1321 1630 Interdum
1351 1575 1457 1629 tanmn
1492 1568 1581 1650 quasi
1617 1586 1718 1648 genus

174 1680 261 1723 sonas
276 1670 341 1723 tam
360 1661 537 1742 coequales
559 1659 735 1725 similitude
756 1661 798 1723 sit
819 1662 917 1724 maxi·
971 1681 1135 1725 servorum
1164 1665 1201 1727 ad
1232 1684 1375 1727 mensam
1404 1665 1534 1746 ponitur
1562 1665 1717 1744 filiorum,

173 1759 390 1833 maouadibet
399 1759 525 1822 demum
537 1760 809 1841 superclarissime
821 1760 915 1823 aliam
970 1760 1098 1823 dumet
1122 1762 1350 1843 incipientibus
1370 1772 1401 1825 et
1423 1762 1620 1846 imperfectis
1644 1782 1719 1826 con-

172 1856 282 1936 noscit‚
304 1864 336 1919 et
360 1857 400 1919 ab
428 1855 491 1920 alia
518 1856 579 1919 scit
602 1877 637 1919 se
659 1857 750 1939 diligi
776 1857 912 1922 infinite.
930 1858 953 1921 B
971 1856 1073 1920 fertur
1090 1859 1211 1942 aliquid
1231 1860 1305 1923 inde
1324 1860 1460 1942 experiri
1480 1880 1516 1923 ac
1538 1862 1716 1942 degustare,

171 1955 206 2017 Et
219 1954 262 2017 ita
275 1963 325 2017 est
339 1955 372 2016 in
392 1956 751 2037 superpraestantissima
764 1956 916 2019 Trinitate
970 1965 1126 2037 quatenus
1148 1958 1186 2020 ad
1208 1958 1342 2021 meliora
1363 1958 1554 2021 alliciantur.

171 2053 271 2116 omnis
296 2061 328 2115 et
355 2052 498 2135 perfecta
521 2052 602 2116 ratio
628 2053 782 2135 diligendi
806 2073 843 2117 ac
869 2054 917 2115 in·
1010 2056 1179 2119 Sacranos.
1196 2056 1357 2119 —llulcis
1372 2065 1403 2119 et
1417 2057 1469 2139 pia
1486 2056 1642 2137 attractio,
1659 2056 1719 2118 sic-

171 2152 271 2213 ricem
294 2151 526 2233 complacendi.
970 2160 1006 2215 ut
1033 2161 1065 2216 ct
1088 2172 1146 2236 per
1169 2153 1338 2217 Jeremiam
1363 2154 1469 2218 dixisti
1496 2178 1503 2217 ς
1529 2155 1564 2217 ln
1589 2154 1718 2219 caritate
1731 2183 1864 2235 mum,

206 2248 378 2311 Saxvarns.
393 2284 434 2295 —
447 2248 472 2309 0
485 2267 581 2329 quam
600 2240 914 2331 'snperbeatissimus
971 2259 1125 2333 perpetua
1153 2252 1249 2314 dilexi
1278 2260 1320 2332 te,
1351 2252 1422 2315 ideo
1451 2252 1561 2315 attraxi
1598 2260 1628 2315 te
1659 2251 1720 2313 mi-

169 2362 260 2424 quam
282 2343 578 2424 superadmirabilis
600 2352 631 2406 et
652 2344 916 2426 superlaudabilis
972 2368 1091 2412 serans.

169 2451 213 2504 cst
226 2441 381 2506 Dominus
392 2442 474 2505 Deus
493 2450 622 2507 nostert
638 2442 677 2505 Et
690 2450 809 2525 quanta
822 2451 881 2521 est,
897 2460 916 2506 0
1011 2448 1233 2513 sacrarem-
1247 2447 1357 2513 Nonne
1372 2456 1403 2512 et
1417 2467 1476 2531 ego
1493 2448 1616 2511 locutus
1632 2467 1717 2511 sum:

168 2541 247 2603 lleus
267 2550 399 2620 aeterne,
414 2540 530 2604 caritas
552 2561 588 2604 ac
609 2540 752 2623 dignatio
773 2548 838 2618 tua,
861 2540 916 2621 qui
972 2545 1070 2610 Nemo
1094 2546 1181 2610 venit
1205 2547 1244 2609 ad
1269 2567 1331 2628 me,
1354 2547 1417 2609 nisi
1438 2546 1528 2609 Peter
1549 2565 1638 2609 naeus
1660 2554 1721 2609 tra-
1746 2569 1867 2621 roman,

168 2638 314 2720 inhujus
333 2638 406 2702 vitm
424 2637 537 2701 exsilio
557 2647 621 2702 mm
643 2639 917 2720 supernaturalem
972 2645 1052 2709 xerit
1084 2648 1179 2708 euml
1210 2646 1426 2709 Diversimode
1462 2653 1566 2708 tamen
1602 2644 1720 2707 diversi
1734 2637 1768 2678 ⁴⁴·

169 2744 199 2797 et
210 2737 383 2817 gratiosam
398 2736 444 2799 tui
465 2736 683 2819 cognitionem
697 2736 790 2801 nobis
808 2736 916 2818 largiri
972 2742 1149 2805 trabuntur.

73 2880 78 2889 .
123 2863 157 2901 m,
167 2833 316 2915 dignatus
329 2842 385 2897 est
401 2834 491 2897 Certe
505 2853 569 2897 non
583 2832 690 2897 fecisti
705 2834 811 2897 taliter
828 2834 916 2898 omni
1012 2838 1272 2903 saevires—ln
1288 2836 1455 2901 cacumine
1471 2837 1568 2918 hujus
1583 2838 1720 2901 materiae

69 2941 74 2952 '
169 2932 300 2995 nationi.
321 2932 361 2994 Et
383 2932 530 3015 quamvis
556 2932 590 2993 in
614 2932 685 3013 lege
706 2940 827 2995 naturae
847 2933 917 3013 qui·
972 2938 1092 3002 diubns
1116 2947 1198 3001 stare
1222 2955 1287 3001 non
1313 2938 1426 3017 audeo,
1449 2956 1489 2999 ne
1513 2936 1646 2999 forsitan
1670 2955 1721 2999 ca-

167 3028 313 3108 busdam,
342 3030 377 3092 in
404 3030 474 3112 lege
501 3048 578 3093 vero
606 3029 725 3112 scripta
757 3030 914 3112 pluribus,
931 3034 953 3097 C
972 3038 1057 3099 dam.
1079 3036 1141 3099 Sed
1170 3055 1283 3118 precor
1308 3044 1349 3116 te,
1372 3035 1516 3115 Domine,
1539 3043 1574 3097 ut
1594 3034 1720 3117 plenius

167 3128 200 3189 iu
217 3129 404 3211 evangelica
423 3137 528 3192 tamen
549 3128 619 3210 lege
641 3127 802 3209 copiosius
822 3128 916 3191 solito
973 3154 1024 3196 me
1038 3134 1192 3197 informes
1214 3134 1351 3217 qualiter
1366 3133 1480 3197 debeat
1500 3135 1595 3197 homo
1610 3133 1721 3196 volun·

167 3226 312 3304 adfuisti,
341 3234 373 3290 ct
399 3225 592 3309 generaliter
620 3234 752 3289 cunctos
779 3225 916 3289 docuisti
973 3240 1069 3295 tatem
1091 3252 1180 3295 suam
1197 3232 1352 3297 voluntati
1375 3232 1574 3296 conformare
1593 3230 1718 3294 divinae.

166 3322 292 3405 fideles,
319 3344 356 3388 ac
380 3342 513 3387 summae
535 3323 699 3386 Trinitatis
722 3322 822 3387 fidem
846 3324 917 3387 uni-

166 3423 266 3485 versis
281 3423 399 3486 dedisti
413 3422 607 3505 explicitam,
623 3429 655 3485 et
674 3423 792 3485 multos
806 3441 916 3487 eorum

165 3522 204 3583 ad
231 3522 406 3603 quamdam
434 3521 656 3605 prefulgidam
686 3522 917 3604 superserenis-
1136 3507 1383 3573 ARTIGULUS
1410 3506 1552 3569 XXVII·

165 3619 253 3683 ⁵i¹¹¹ae
268 3619 436 3682 minimis
451 3619 756 3703 mnwmplatifflwm
770 3640 857 3684 ”¹¹⁰⁰
873 3630 917 3683 ω’
970 3659 1018 3719 De
1029 3656 1176 3732 perfecta
1191 3656 1449 3733 conformatione
1461 3652 1640 3713 voluntatis
1653 3670 1720 3711 crc-

166 3725 249 3781 ⁰i⁸¹¹¹
270 3718 420 3801 Piifflifflss
441 3717 581 3781 emisti·
1010 3753 1073 3803 atta
1097 3745 1251 3804 numana
1277 3762 1351 3803 cum
1374 3742 1504 3810 divina,
1529 3741 1595 3799 imo
1620 3740 1720 3799 totius

202 3817 382 3881 Sanvxron.
397 3852 439 3863 -
451 3817 524 3881 flac
538 3816 656 3881 divinae
670 3816 916 3882 illuminationis
1010 3832 1153 3893 nominis
1167 3832 1339 3892 interioris
1352 3850 1425 3892 cum
1439 3832 1515 3892 Deo.

43 3919 149 3977 amam.
163 3914 341 3978 eminentia
354 3922 385 3977 et
403 3914 512 3997 gratiae
526 3914 705 3997 plenitudo,
721 3914 914 3997 plenitudini

161 4013 319 4095 temporis
332 4020 365 4075 et
378 4030 450 4076 meo
465 4012 526 4075 fuit
539 4012 691 4075 adventui
710 4014 911 4076 reservanda.
1009 4016 1179 4080 Sauvxrus.
1209 4052 1250 4063 —
1283 4016 1330 4077 Ab
1364 4014 1492 4077 exordio
1527 4019 1717 4095 protestatur

161 4110 248 4173 Unde
273 4119 308 4173 et
331 4118 457 4192 tempus
477 4110 670 4192 evangelicae
687 4110 767 4192 legis
788 4119 914 4192 tempus
969 4113 1132 4195 Scriptura
1156 4112 1318 4178 bominem
1342 4130 1411 4175 esse
1436 4110 1556 4175 factum
1580 4112 1617 4175 ad
1639 4112 1717 4175 ima·
1732 4143 1855 4195 awa

159 4210 270 4289 gratita
292 4209 484 4291 appellatur.
929 4210 1076 4295 Dginem
1098 4221 1130 4275 et
1152 4209 1394 4275 similitudinem
1408 4209 1464 4272 oei
1481 4234 1488 4273 ε
1504 4219 1629 4293 oportet
1642 4229 1717 4294 ergo

198 4308 375 4373 anvxros.
390 4344 432 4357 -
449 4309 496 4372 Ad
516 4316 699 4390 praetactam
720 4311 914 4392 contempla·
970 4317 1005 4371 ut
1032 4306 1199 4390 perfectio,
1230 4306 1294 4369 imo
1322 4312 1354 4368 et
1381 4304 1544 4370 beatitudo
1576 4306 1717 4371 bominis

159 4405 284 4469 bonam
320 4407 484 4489 paulatim,
521 4406 712 4470 ascensoriis
750 4407 912 4490 gradibus,
969 4408 1003 4469 in
1017 4405 1154 4488 quadam
1169 4402 1217 4465 sui
1232 4403 1270 4465 ad
1286 4421 1379 4465 suum
1401 4402 1579 4467 Creatorem
1594 4404 1718 4467 assimi-

160 4521 234 4567 cum
249 4513 372 4568 conatu
391 4513 424 4569 ct
437 4504 658 4587 dispositione,
674 4505 708 4568 ni
722 4504 828 4585 fallor,
844 4524 915 4588 per-
970 4506 1088 4569 latione
1116 4500 1277 4566 consistat.
1309 4501 1426 4564 Verum
1460 4509 1492 4564 et
1518 4502 1549 4564 S.
1580 4502 1716 4565 ioannes

158 4602 309 4685 tingitur.
970 4603 1130 4685 apostolus
1156 4624 1163 4663 ε
1187 4598 1289 4673 Quum
1310 4600 1491 4681 apparuerit
1511 4599 1654 4681 (inquit),
1675 4599 1718 4663 si·
1731 4626 1861 4678 mmm,

60 4717 145 4768 rann,
198 4702 379 4767 Sacranos.
398 4738 440 4749 -
459 4702 613 4786 Superius
634 4702 722 4785 tetigi
743 4705 828 4785 quod
848 4722 914 4769 non
970 4703 1062 4767 miles
1075 4700 1105 4763 ei
1119 4697 1330 4779 erimus,quia
1341 4697 1519 4761 videbimus
1534 4717 1607 4760 enm
1622 4697 1716 4761 sicuti
1729 4691 1750 4733 ²·

159 4801 202 4863 ita
220 4802 401 4881 dumtaxat,
417 4802 472 4864 sed
494 4801 557 4864 alie
578 4820 703 4883 quoquc
724 4802 914 4867 mirabiliori
970 4810 1028 4865 est.
1051 4800 1090 4862 Et
1112 4799 1179 4861 baec
1204 4805 1253 4860 est
1281 4795 1455 4859 similitudo
1477 4796 1596 4878 gloriae.
1623 4795 1716 4860 Porro

157 4899 409 4981 gratiosiorique
422 4900 528 4980 modo,
544 4900 621 4962 dum
642 4900 772 4982 quidam
794 4900 828 4963 in
843 4920 915 4983 pro-
970 4902 1009 4964 de
1024 4897 1232 4963 similitudine
1247 4896 1353 4979 gratiae
1369 4894 1453 4957 idem
1468 4893 1588 4958 latetur
1605 4918 1611 4957 :
1629 4895 1717 4958 Sicut
1730 4921 1820 4973 nsaw,
1831 4922 1862 4965 n.

157 4996 357 5060 fundissima
371 4996 427 5060 oei
449 4997 668 5061 misericordia
681 4998 855 5081 improvise
877 5021 914 5064 aa
971 4998 1026 5061 ille
1053 5006 1112 5078 est,
1142 5004 1174 5058 et
1204 5013 1262 5059 nos
1292 5013 1402 5057 sumus
1434 4993 1467 5055 in
1495 4993 1556 5057 boc
1584 4993 1713 5056 mundo.

156 5095 279 5174 subito,
298 5095 370 5158 sine
391 5114 449 5159 sua
470 5096 509 5159 ad
528 5097 589 5161 boc
608 5098 851 5180 preparatione,
867 5120 916 5163 ra·
971 5099 1135 5178 Quumque
1159 5092 1312 5175 perfectio
1341 5092 1478 5157 bominis
1508 5091 1541 5153 in
1566 5091 1626 5153 bac
1653 5090 1717 5153 vita

156 5192 311 5273 piantur,
333 5194 573 5275 preveniuntur
595 5204 627 5258 et
650 5196 916 5279 prestringuntur
971 5195 1124 5259 consistat
1150 5191 1315 5276 potissime
1342 5191 1376 5253 in
1408 5189 1530 5253 actibus
1566 5188 1715 5266 cantatis,

155 5299 222 5353 tam
252 5291 375 5374 valide,
401 5292 446 5355 ita
473 5294 565 5356 utin
590 5303 763 5376 momento,
789 5295 823 5357 in
848 5297 913 5359 ictu
972 5294 1098 5357 videtur
1116 5292 1199 5373 quod
1218 5310 1275 5373 per
1293 5298 1382 5352 actus
1401 5286 1502 5350 divini
1525 5286 1639 5349 amoris
1660 5287 1718 5349 hu-
