4309 6259
479 486 540 549 ara
618 503 659 551 nn
679 502 880 552 semanimo
902 502 1030 550 liranis
1050 502 1088 548 ar
1108 502 1206 549 mssa
1227 499 1451 548 canaanamona
1474 500 1631 549 nranoous.
1654 519 1696 530 —
1715 500 1784 546 aar.
1808 498 1881 545 xmn
1981 464 1985 477 '

479 671 617 753 desuper
650 670 814 749 illustrari,
843 671 927 733 sicut
953 678 986 733 et
1011 677 1113 733 totum
1141 670 1225 751 quod
1241 668 1265 732 Α
1280 669 1381 751 gloria
1396 669 1588 748 contributa,
1603 689 1669 733 non
1684 668 1789 733 solum
1810 689 1880 734 cnm
1900 670 2007 734 Christo

480 770 651 848 credimus,
668 789 763 851 super
783 768 946 833 hominem
967 787 1096 850 prorsus
1120 776 1178 845 est,
1195 776 1227 830 et

480 868 774 949 supernaturalibus
809 866 1026 929 fundamentis
1065 866 1224 945 inuititur,

481 965 773 1049 supernaturalibus
787 965 963 1028 rationibus
977 963 1200 1045 comprobatur
1217 986 1224 1025 :

479 1082 542 1145 quo
557 1064 652 1141 lacto,
669 1082 707 1126 ex
722 1063 878 1126 sententia
892 1062 997 1125 dicere
1012 1061 1060 1124 las
1075 1062 1145 1141 erit,
1162 1061 1226 1124 imo

479 1181 517 1224 ex
536 1162 734 1243 plenitudine
755 1160 834 1223 fidei
858 1179 923 1243 prae
946 1160 1155 1223 admiratione
1179 1159 1227 1221 ni-

479 1261 551 1323 mias
570 1260 790 1323 credibilitatis
816 1259 1045 1321 credendorum
1071 1258 1223 1321 dicetur:

332 1377 464 1429 ramas.
479 1358 672 1422 Testimonia
696 1367 760 1435 tua,
786 1358 930 1435 Domine,
954 1355 1119 1420 credibilia
1142 1355 1227 1418 lacta

479 1466 554 1518 sunt
576 1456 684 1519 nimis.
704 1457 729 1519 Ο
747 1454 972 1537 dignissimum
991 1462 1224 1517 sacramentum

479 1554 518 1617 ab
533 1555 662 1618 exordio
681 1553 790 1616 mundi
810 1553 915 1635 typice
930 1552 1154 1635 presignatum
1169 1572 1226 1633 per

479 1652 639 1715 sacrificia
653 1652 733 1735 legis
747 1660 877 1729 natura,
892 1650 926 1712 in
941 1649 1157 1713 oblationibus
1171 1650 1226 1713 Pa-

478 1750 687 1813 triarcharum
721 1749 973 1832 praefiguratum,
1007 1768 1026 1810 a
1060 1748 1224 1829 Prophetis

1281 768 1415 830 miscere
1441 767 1611 848 colloquia,
1638 786 1703 830 non
1728 767 1831 830 solum
1859 768 1956 831 verbis
1981 769 2006 829 iu

1281 867 1400 929 orando
1419 874 1451 928 et
1469 866 1628 928 laudando
1648 873 1738 928 tuum
1766 866 1882 947 alloqui
1903 866 2008 930 Cranto

1281 984 1359 1043 rem,
1376 983 1440 1028 non
1455 964 1558 1027 solum
1574 982 1630 1045 spe
1649 972 1759 1026 sancta
1780 964 1884 1026 lulciri
1905 965 2007 1045 pertin-

1281 1061 1376 1143 gendi
1392 1063 1431 1124 ad
1447 1062 1538 1123 illum
1554 1062 1587 1123 iu
1602 1062 1715 1143 patria,
1734 1063 1789 1123 sed
1804 1062 1896 1124 etiam
1911 1062 1942 1123 in
1958 1062 2004 1125 hac

1281 1160 1343 1237 ria,
1361 1160 1394 1222 in
1410 1160 1470 1221 isto
1485 1159 1598 1222 exsilio
1612 1167 1677 1221 tam
1692 1179 1767 1222 vero
1789 1168 1820 1222 et
1840 1160 2006 1222 mirabiliter

1281 1277 1354 1319 eum
1382 1257 1498 1320 habere
1526 1265 1736 1339 prasentem3
1762 1276 1877 1340 corpus
1898 1257 1963 1338 ejus
1982 1268 2005 1319 et

1281 1356 1469 1436 sangninem
1484 1354 1702 1438 potentissime
1717 1374 1950 1435 consecrarem
1960 1376 2005 1437 per

1281 1453 1352 1532 hoc,
1379 1461 1481 1516 totum
1506 1453 1597 1534 quasi
1623 1454 1662 1515 ad
1688 1454 1816 1515 libitum
1840 1463 2003 1536 presentem

1279 1550 1412 1627 hahere,
1430 1552 1576 1615 manibus
1592 1550 1731 1614 Verbum
1746 1560 1896 1615 aetemum
1913 1553 2005 1613 huma-

1281 1656 1390 1711 natum
1414 1656 1559 1726 tractare,
1580 1666 1634 1711 ore
1658 1649 1820 1731 suscipere
1845 1669 1879 1712 ac
1903 1658 2003 1728 tenero,

1280 1755 1312 1809 et
1327 1746 1408 1808 intra
1422 1754 1453 1808 te
1468 1746 1586 1827 jugiter
1600 1746 1811 1828 spiritualiter
1825 1765 2002 1810 conservare.

478 1848 735 1930 praenuntiatum,
756 1848 796 1910 ab
821 1847 957 1929 ipsomet
975 1846 1039 1908 lleo
1060 1846 1261 1908 incarnatoB
1319 1843 1342 1905 0
1368 1862 1456 1906 mens
1480 1842 1598 1924 lidelis,
1620 1862 1639 1906 o
1663 1844 1769 1907 auirna
1793 1844 1963 1924 christiana,
1982 1845 2002 1907 si

476 1946 657 2009 institutum
682 1965 718 2008 ac
742 1952 951 2028 sumptum,a
973 1943 1121 2025 gloriosis
1143 1946 1227 2026 Apo-

476 2043 566 2106 stolis
605 2052 823 2125 prosecutum,
859 2043 900 2105 ab
937 2042 1223 2105 innumerabilibus

476 2142 600 2204 Sanctis
615 2142 808 2224 evangelicae
822 2140 903 2222 legis
918 2140 1149 2217 continuatum,
1167 2160 1225 2222 per

474 2239 721 2303 innumerabilia
748 2238 902 2301 miracula
929 2238 1146 2301 declaratuml
1177 2239 1222 2300 Tu

474 2337 578 2402 hostia
611 2358 686 2401 vere
721 2336 869 2419 pacilica,
899 2336 975 2417 juge
1011 2335 1220 2414 sacrificium,

473 2436 594 2498 munda
607 2444 639 2499 et
653 2455 777 2498 summe
791 2441 924 2515 accepta
941 2433 1071 2512 oblatio,
1088 2442 1223 2495 aestuan-

473 2534 632 2596 tissimum
645 2534 886 2611 holocaustum3
904 2531 1095 2594 universalis
1111 2530 1222 2594 effica-

474 2631 602 2694 cissima
615 2631 786 2710 medicina,
803 2630 996 2693 indeficiens
1018 2628 1122 2710 panis,
1139 2630 1223 2692 salu-

473 2730 612 2793 berrima
634 2730 814 2793 animarum
838 2726 985 2807 relectio,
1003 2727 1221 2792 reconciliatio

472 2837 591 2908 nostra,
608 2828 760 2892 viaticum
774 2828 814 2891 ad
828 2827 963 2909 gloriam
979 2827 1219 2907 perductivum3

471 2925 609 3006 dejectio
623 2925 816 3003 daemonum,
832 2922 1079 2986 honorificentia
1094 2924 1221 3005 angelo

1279 1960 1353 2004 rere
1378 1942 1491 2025 Sponsi
1517 1942 1656 2005 coelestis
1680 1962 1713 2005 es
1739 1962 1866 2025 sponsa,
1882 1944 1907 2005 si
1929 1952 2003 2005 tuum

1278 2039 1387 2121 diligis
1410 2039 1600 2119 Creatorem,
1626 2040 1652 2102 si
1678 2049 1732 2103 tuo
1755 2049 1844 2122 grata
1862 2061 1894 2104 es
1915 2040 2004 2103 Salva·

1278 2136 1351 2217 tori,
1374 2138 1400 2199 si
1426 2156 1501 2201 vere
1525 2138 1681 2201 honorare
1706 2139 1831 2221 appetis
1853 2140 2002 2203 Dominum

1277 2234 1441 2315 dignitatis
1461 2254 1497 2298 ac
1516 2234 1625 2317 gloriae
1645 2235 1773 2317 penitus
1794 2236 1935 2313 infinita,
1950 2235 2002 2298 noli

1277 2334 1448 2414 negligere,
1465 2333 1583 2396 adorna
1598 2335 1667 2395 sine
1682 2333 1834 2397 dilatione
1849 2334 2002 2397 thalamum

1277 2431 1382 2493 cordis
1397 2432 1443 2493 tui
1458 2432 1546 2494 omui
1562 2431 1753 2509 humilitate,
1765 2432 2001 2515 compunctione,

1277 2529 1531 2607 mansuetudine,
1548 2529 1697 2611 puritate,
1720 2530 1808 2593 omui
1828 2530 1961 2594 custodia
1978 2538 2002 2591 ct

1275 2627 1412 2705 fervore,
1439 2628 1527 2691 omui
1553 2628 1681 2707 virtute,
1706 2630 1803 2707 dono,
1825 2629 1960 2711 proiectu
1978 2637 2002 2691 et

1276 2726 1426 2789 aviditate
1456 2746 1594 2809 superna
1619 2749 1627 2788 :
1655 2728 1763 2808 sicque
1792 2728 1864 2808 Deo,
1891 2745 2001 2811 sponso,

1276 2824 1422 2905 creatori,
1444 2824 1593 2888 salvatori
1616 2844 1653 2888 ac
1676 2825 1779 2907 judici
1806 2836 1858 2890 tuo
1877 2844 2000 2901 occurre,

1275 2931 1475 3005 prosternere
1490 2931 1522 2985 et
1535 2922 1657 2999 arride;
1670 2923 1776 3005 ipsum
1791 2924 1927 2988 brachiis
1940 2924 2002 2986 cari·

472 3042 564 3099 rum3
590 3022 850 3085 liberalissimum
878 3040 1006 3099 munus,
1028 3020 1219 3084 altissimum
1238 3027 1260 3090 C
1276 3020 1348 3082 tatis
1376 3022 1578 3103 amplectere,
1608 3039 1663 3085 ore
1692 3022 1798 3086 cordis
1825 3023 2000 3097 deosculare,

472 3120 751 3202 contemplationis
770 3119 943 3200 objectum,
959 3119 1219 3201 opulentissimus

472 3218 638 3281 thesaurus
653 3217 814 3297 Ecclesia,
827 3216 1150 3300 incomprehensibile
1165 3217 1220 3282 bo-

471 3334 565 3396 num;
581 3314 658 3378 linis
678 3323 709 3378 et
727 3316 959 3379 consummatio
978 3315 1058 3396 legis
1081 3317 1217 3398 scriptae,

471 3414 635 3476 exordium
651 3413 755 3476 cultus
770 3422 979 3477 sacrosancte
993 3413 1155 3477 Ecclesia.
1173 3416 1220 3477 Tu

471 3519 706 3574 sacramentum
722 3520 1003 3589 sacramentorum,
1021 3512 1219 3575 sacrificium

471 3609 1220 3689 sacrificiorum,remediumremediorum3smn·

471 3727 522 3769 me
543 3709 800 3788 desiderandum,
816 3708 1059 3771 aestuantissime
1085 3709 1220 3792 diligen-

471 3808 559 3887 dum,
581 3807 846 3871 reverendissime
870 3806 1108 3887 celebrandum,
1124 3809 1220 3873 devo-

471 3904 595 3968 tissime
618 3924 746 3987 semper
774 3904 954 3985 colendum,
982 3905 1218 3970 timoratissimc

470 4003 679 4083 adorandum,
697 4002 820 4065 cunctis
836 4002 1003 4085 preconiis
1025 4022 1219 4085 prosequen-

471 4100 560 4179 dum,
589 4101 676 4164 omui
708 4101 881 4182 gratiarum
915 4101 1040 4164 actione
1072 4102 1219 4183 dignissi-

1276 3138 1348 3181 cum
1373 3139 1497 3181 summa
1522 3120 1700 3182 reverentia
1724 3120 1862 3203 suscipe,
1884 3121 1959 3182 iutra
1978 3128 2001 3179 te

1275 3216 1471 3280 incessanter
1495 3224 1603 3280 tenere
1627 3217 1770 3297 onitere;
1787 3218 1892 3301 ipsum
1913 3236 1999 3295 exora,

1275 3316 1380 3395 lauda,
1396 3324 1428 3379 et
1451 3335 1508 3397 pro
1533 3324 1598 3379 tota
1623 3315 1777 3395 Ecclesia,
1794 3336 1850 3399 pro
1877 3316 1951 3380 viris
1971 3334 2000 3377 ac

1274 3414 1420 3492 mortuis,
1436 3414 1705 3497 properantibus,
1722 3416 1919 3498 propinquis,
1931 3433 2001 3477 com·

1275 3512 1426 3575 missiset
1441 3512 1698 3575 benefactoribus
1719 3512 1946 3576 ferventissimo
1964 3511 2001 3573 iu·

1275 3610 1411 3689 teroede,
1442 3618 1473 3672 et
1500 3618 1589 3691 grata
1617 3630 1781 3673 remanere
1810 3630 1873 3675 uon
1900 3630 1998 3674 cesses.

1274 3706 1344 3772 Noli
1364 3708 1445 3770 viles
1464 3708 1503 3770 de
1523 3716 1627 3772 cetero
1653 3709 1884 3773 consolationes
1907 3708 2001 3771 admit·

1273 3814 1352 3886 tcre,
1368 3805 1580 3869 fabulationes
1605 3807 1727 3887 audire,
1744 3807 1776 3869 in
1802 3809 1875 3872 cibo
1892 3817 1922 3871 ct
1938 3814 2000 3888 potu

1273 3904 1359 3966 aliud
1375 3922 1470 3985 quam
1486 3904 1707 3967 necessitatem
1722 3906 1902 3986 exquirero;
1918 3904 2000 3986 negli-

1273 4002 1412 4083 gentiam
1437 4011 1531 4083 atquc
1554 4010 1714 4083 torporem
1739 4004 1827 4065 velut
1851 4002 1999 4067 infernalia

1273 4119 1396 4163 venena
1429 4099 1585 4177 ahhorre;
1615 4118 1633 4162 a
1666 4100 1838 4183 colloquio,
1867 4103 1999 4184 adspectu

471 4217 571 4261 mum.
588 4199 633 4259 Tu
655 4198 840 4261 memoriale
864 4199 1103 4277 dulcissimum3
1126 4203 1219 4263 arrha
1234 4202 1258 4264 D
1273 4198 1499 4279 vacationeque
1513 4198 1568 4261 Dei
1584 4216 1648 4262 non
1668 4199 1815 4279 desinas3
1832 4198 1999 4283 psalmodiis

471 4295 583 4358 salutis
603 4295 762 4373 humana,
779 4296 895 4378 pignus
920 4296 1105 4359 hereditatis
1130 4305 1220 4359 aeter-

471 4413 532 4472 nae,
562 4394 676 4456 lutura)
709 4393 873 4457 lelicitatis
906 4395 1078 4457 amandum
1106 4395 1219 4478 praelu-

471 4491 575 4569 dium;
592 4492 649 4554 dos
665 4510 800 4573 sponsae,
817 4492 1017 4555 subarrhatio
1036 4493 1151 4555 mentis
1166 4494 1219 4556 dc-

471 4597 570 4667 votae3
586 4589 812 4672 triumphantis
827 4610 864 4653 ac
884 4590 1054 4653 militantis
1068 4592 1218 4655 Ecclesia

471 4687 696 4749 suavissimum
730 4695 762 4749 et
796 4687 1018 4751 indissolubile
1045 4689 1216 4770 glutinum,

471 4803 641 4847 commune
671 4785 1016 4867 deliciosissimumque
1042 4786 1216 4867 objectum,

470 4883 525 4945 hic
545 4889 664 4945 tectum
688 4902 725 4946 ac
750 4884 917 4964 creditum,
934 4884 978 4947 ibi
1003 4886 1163 4947 detectum
1187 4893 1218 4948 et

471 4981 588 5044 risum.

511 5079 657 5157 Attouda,
674 5098 692 5143 o
707 5079 814 5142 anima
828 5098 911 5159 mea,
928 5081 1100 5163 perpende,
1118 5099 1136 5144 o
1151 5098 1218 5144 om-

471 5176 521 5239 nis
537 5176 695 5257 sacerdos,
712 5177 888 5258 considera,
904 5197 924 5241 o
938 5178 1073 5259 quilibet
1087 5179 1218 5242 Christi-

470 5282 666 5358 ane,quanta
679 5275 738 5337 tihi
754 5293 905 5339 concessa
919 5284 968 5339 est
980 5277 1092 5359 gratia,
1100 5286 1217 5359 quanta

1274 4295 1595 4378 meditationibusque
1624 4296 1763 4377 insistas,
1790 4298 1845 4361 Dei
1870 4299 1912 4361 tui
1934 4315 1998 4379 pra

1273 4394 1409 4457 sentiam
1423 4394 1639 4456 indesinenter
1653 4396 1809 4458 advertas
1826 4397 1851 4459 0
1871 4395 1997 4459 sacerdos

1273 4492 1440 4571 ditissimi,
1457 4491 1644 4573 dignitatem
1666 4500 1752 4554 tuam
1775 4494 1903 4557 adverte
1918 4517 1924 4553 :
1939 4491 1998 4553 ride

1273 4608 1368 4671 quam
1383 4590 1580 4672 praeclarum,
1598 4590 1734 4669 salubre,
1750 4592 1942 4655 meritorium
1959 4608 1999 4651 ci·

1274 4696 1334 4751 stet
1348 4688 1431 4751 inter
1445 4688 1544 4750 Deum
1560 4696 1592 4750 ct
1609 4688 1756 4751 homines
1777 4710 1848 4753 csse
1869 4689 2000 4753 mediate

1273 4805 1351 4863 rem,
1369 4785 1452 4848 iuter
1467 4785 1623 4867 Sponsum
1647 4787 1809 4850 coelestem
1824 4798 1856 4852 et
1870 4804 1999 4871 sponsam

1273 4884 1343 4965 ejus
1357 4884 1533 4947 Ecclesiam
1551 4884 1725 4947 consistere
1745 4886 1998 4969 paranymphum

1273 4990 1520 5064 procuratorem,
1546 4982 1734 5045 advocatum
1759 4983 1999 5065 spiritualemque

1273 5081 1433 5143 medicum
1457 5098 1526 5143 osse
1551 5079 1719 5157 fidelium3
1742 5082 1869 5164 plebem
1892 5083 1999 5145 adstan-

1272 5188 1335 5241 tem
1352 5180 1389 5241 ad
1406 5180 1618 5258 devotionem,
1635 5180 1800 5261 gemitum,
1815 5180 1935 5257 lletum,
1949 5179 1999 5240 ler-

1272 5296 1380 5342 vorem
1406 5276 1568 5356 inducere,
1590 5278 1675 5341 dona
1697 5276 1728 5340 ei
1752 5278 1893 5343 coelestia
1914 5278 1998 5359 impc-
