4309 6259
720 502 812 550 llolla!
831 500 872 549 ll!
891 500 1040 551 cassiotae
1061 502 1169 551 DollNl

248 671 397 736 Obtinere
412 678 447 734 tu
460 670 589 736 valebas
927 672 954 735 Α
1049 672 1105 737 llei
1120 680 1230 737 natum
1244 680 1275 737 te
1289 672 1433 737 dixisses.
1551 741 1553 748 ,

248 772 415 836 duodenas
428 770 582 853 legiones,
1049 774 1093 836 l'e
1107 770 1207 836 Patris
1222 772 1423 855 sapientiam,

249 870 317 934 lmo
330 870 438 953 plures
453 870 625 934 conciones
1049 872 1216 953 AEquitatis
1231 870 1474 953 splendentiam,

249 968 452 1050 Angelorum,
469 976 663 1050 amputatam
1051 970 1201 1033 Scelerati
1216 968 1262 1031 sic
1278 968 1474 1047 tractabant3

248 1068 365 1129 Aurem
378 1066 462 1131 hosti
476 1067 556 1129 dans
570 1074 723 1131 sancum.
1050 1069 1093 1131 ‘fe
1108 1068 1309 1151 spernebant,
1327 1066 1574 1147 subsannabant,

101 1184 131 1214 ι’
247 1165 357 1229 Manus
371 1165 429 1228 tibi
444 1165 635 1246 injecerunt,
1051 1166 1128 1230 Cum
1143 1166 1264 1230 Herode
1278 1167 1501 1247 obsequentes,

250 1264 355 1345 ‘leque
369 1263 438 1326 dire
453 1262 643 1345 ligaverunt.
1052 1265 1157 1346 ‘leque
1172 1264 1244 1327 alba
1259 1263 1438 1328 induentes.

252 1361 340 1424 Tunc
353 1361 505 1443 fugerunt
518 1368 697 1425 metuentes
1052 1362 1244 1425 Vestibuste
1259 1369 1423 1440 exuerunt,

251 1459 320 1539 Tui,
336 1459 439 1523 solum
455 1467 486 1522 te
500 1458 692 1541 linquentes.
1051 1459 1090 1522 llt
1104 1458 1243 1541 flagellis
1258 1467 1496 1541 percusserunt,

120 1580 133 1607 v
250 1557 352 1632 Quum
367 1575 555 1639 responsum
571 1555 718 1640 pontifici
1051 1558 1156 1638 llsque
1171 1564 1274 1621 costas
1290 1557 1476 1637 lacerantes,

251 1656 359 1737 Dares,
374 1656 433 1718 tibi
446 1654 559 1738 opifici
1052 1657 1094 1719 Te
1109 1673 1240 1739 poenose
1255 1655 1468 1718 verberantes.

250 1754 356 1817 Mundi
371 1753 459 1817 dedit
472 1754 544 1837 quis
558 1755 694 1838 alapam.
1052 1752 1193 1837 Purpura
1208 1762 1238 1815 te
1253 1754 1443 1833 vestiebant,

252 1853 745 1933 TuncductusesadCaipbam.
931 1844 955 1906 Β
1053 1852 1264 1915 lnclementer
1278 1851 1496 1934 impellebant,

252 1954 300 2015 An
315 1952 360 2013 sis
373 1951 515 2014 Christus
529 1951 705 2033 adjuratus,
1053 1951 1153 2033 Caput
1167 1949 1268 2032 spinis
1284 1949 1508 2031 transfigentes

253 2049 422 2112 Veritatem
436 2068 470 2111 es
485 2057 617 2113 testatus
1051 2049 1090 2112 llt
1103 2049 1259 2111 arundine
1274 2049 1441 2112 cadentes.

250 2149 339 2224 Quod
355 2156 385 2209 te
398 2155 506 2210 essent
519 2148 722 2229 conspecturi
1053 2148 1148 2210 Vultu
1163 2146 1317 2228 sanguine
1333 2147 1509 2229 perfusum,

250 2245 354 2309 fullei
368 2245 469 2308 Patris
483 2246 621 2324 dextera,
1053 2245 1280 2326 Consputatum
1295 2252 1327 2307 et
1341 2243 1483 2325 illusum,

251 2343 502 2425 venientemque
516 2343 617 2406 visuri
1054 2343 1276 2426 Purpuratum,
1294 2350 1480 2406 coronatum

249 2444 395 2506 iudicare
409 2442 443 2504 in
458 2460 541 2505 aera.
1055 2442 1098 2504 Te
1114 2440 1221 2504 eduxit
1234 2440 1274 2503 ad
1289 2440 1404 2504 iratum

251 2542 315 2605 lloc
329 2540 450 2619 audito,
466 2548 567 2605 morte
581 2540 714 2622 dignum
1053 2540 1171 2603 Praeses
1186 2556 1313 2621 agmen,
1329 2546 1364 2601 ut
1378 2539 1519 2621 placaret

252 2642 296 2701 Ac
310 2638 534 2721 blasphemum
549 2646 579 2700 te
594 2637 774 2702 clamabant
788 2662 796 2717 ;
1053 2636 1146 2715 lllnd,
1164 2644 1258 2717 teque
1273 2634 1432 2700 liberaret.

248 2737 287 2800 llt
301 2744 446 2800 tenentes
460 2744 490 2799 ta
505 2736 678 2818 benignum
1054 2734 1135 2814 Tibi,
1151 2734 1285 2813 Christe,
1301 2734 1550 2815 conformemur,

252 2835 428 2900 Irridebant
441 2842 473 2897 et
487 2835 647 2916 velabant,
1053 2832 1236 2897 Passionem
1252 2832 1414 2895 imitemur

251 2934 382 2998 Vultum
397 2942 486 2996 tuum
500 2942 725 3015 conspuentes,
1055 2933 1154 2995 Tuam
1168 2948 1359 3012 omnemque
1373 2930 1524 2995 virtutem

251 3033 354 3097 Cenas
367 3039 525 3113 caputque
539 3032 709 3111 cadentes,
937 3021 959 3086 C
1055 3031 1154 3105 Quam
1170 3028 1364 3092 monstrasti.
1383 3028 1427 3092 fla
1441 3028 1587 3092 salutem.

252 3130 377 3209 fantes,
393 3129 586 3211 Pmpbetiza,
603 3128 737 3210 Christe,
1016 3130 1062 3192 Tu
1077 3135 1193 3190 autem.

251 3230 328 3305 Quis
342 3228 471 3291 exsistat
485 3245 584 3290 caesor
598 3227 668 3304 iste,
1017 3246 1049 3301 p.
1078 3225 1160 3288 llcce
1188 3224 1328 3287 vidimus
1356 3244 1429 3287 eum
1457 3244 1521 3288 non
1554 3224 1724 3290 habentem
1740 3252 1870 3303 taunuc-

252 3326 357 3390 llultis
371 3325 478 3388 verbis
493 3324 760 3407 blasphemantes.
978 3325 1117 3408 speciem
1139 3342 1242 3405 neque
1263 3324 1420 3387 decorem.
1442 3324 1616 3406 Disciplina
1636 3326 1725 3407 pacis

254 3426 316 3488 Fac
330 3442 401 3503 nos,
416 3422 549 3501 Christe,
566 3430 597 3485 te
611 3432 778 3487 sectantes.
978 3431 1093 3486 nostrae
1118 3441 1213 3504 super
1236 3440 1320 3484 eum.
1341 3422 1361 3503 †
1378 3421 1475 3503 Cujus
1501 3422 1601 3485 livore
1623 3425 1724 3487 sanati

34 3546 91 3592 rara
93 3563 155 3600 .....
255 3522 511 3586 Tunctel’etrus
525 3528 574 3583 ter
586 3520 726 3602 negavit,
979 3540 1100 3584 sumus.

34 3614 155 3717 ζιζξκῑξῑ·
255 3622 358 3684 'larun
372 3639 407 3684 os
422 3628 458 3683 ut
470 3619 686 3701 praenarravit.
1018 3631 1050 3683 r.
1074 3619 1154 3681 Vere
1176 3618 1343 3699 languores
1364 3624 1488 3681 nostros
1503 3618 1572 3700 ipse
1594 3618 1678 3699 tulit,
1694 3628 1726 3683 et
1738 3644 1827 3689 raar,

64 3704 68 3722 ¹
120 3702 140 3719 ”
255 3721 354 3796 Quem
368 3718 544 3782 clementer
558 3718 740 3799 adspexisti,
979 3718 1104 3783 dolores
1119 3725 1243 3781 nostros
1258 3717 1325 3798 ipse
1339 3716 1486 3798 portavit.
1501 3716 1597 3798 Cujus
1612 3717 1724 3782 livore.

253 3819 406 3899 Quodque
420 3816 514 3879 flevit
527 3816 711 3897 praestitisti.
1237 3816 1346 3877 Lectio
1362 3816 1471 3875 tertia.

210 3918 263 3980 'fu
278 3924 394 3993 autem,
410 3913 556 3992 Domine,
571 3913 722 3977 miserere
737 3913 846 3978 nostri.
1080 3913 1211 3978 Crucem
1227 3912 1344 3991 ferens,
1360 3930 1394 3974 es
1409 3930 1567 3994 egressus,
1695 3917 1703 3925 '
1740 3930 1874 3981 romam,

209 4036 246 4091 p.
272 4015 335 4077 [leo
348 4013 476 4095 gratias.
1059 4012 1133 4075 lesu
1148 4012 1211 4093 pie,
1228 4010 1325 4073 nimis
1339 4010 1455 4073 fessus.
1743 3996 1776 4043 Π·
1788 3995 1820 4036 ¹⁸·

34 4139 150 4192 ΜΝΞ,
209 4133 247 4187 xa.
273 4111 414 4174 Tradidit
437 4111 470 4173 in
496 4118 630 4174 mortem
655 4109 794 4172 animam
819 4129 921 4190 suam,
1060 4109 1391 4192 Suspenderunttein
1407 4109 1494 4191 ligno

166 4221 199 4275 at
215 4230 294 4275 cum
317 4207 479 4273 sceleratis
501 4217 665 4291 reputatus
686 4217 745 4271 est.
761 4208 832 4291 †llt
853 4208 922 4291 ipse
942 4207 966 4269 fl
1059 4209 1144 4272 luter
1159 4226 1229 4271 reos
1244 4226 1302 4290 pro
1317 4207 1462 4289 indigno,

167 4316 306 4392 peccata
329 4308 502 4371 multorum
524 4306 607 4387 tulit,
623 4315 655 4369 et
674 4325 731 4389 pro
750 4314 924 4389 transgres-
1059 4309 1180 4386 Manus,
1197 4308 1293 4389 pedes
1308 4307 1449 4369 feraliter

170 4408 305 4473 sonibus
320 4406 452 4489 rogavit.
739 4427 742 4433 ·
1060 4406 1259 4470 Perforantes
1274 4405 1422 4469 totaliter.

57 4546 111 4592 „p
127 4550 147 4592 ,1
208 4518 244 4571 t.
270 4506 345 4588 lpse
373 4513 479 4568 autem
508 4504 693 4566 vulneratus
721 4511 770 4567 est
798 4512 926 4586 propter
1061 4504 1173 4587 Ruptis
1189 4502 1279 4565 venis
1294 4511 1325 4565 et
1338 4502 1497 4584 juncturis

165 4604 361 4687 iniquitates
392 4612 528 4680 nostras,
559 4601 685 4664 attritus
716 4611 764 4665 est
794 4609 924 4685 propter
1062 4602 1229 4666 Dissolutis
1244 4618 1301 4682 pro
1316 4600 1461 4681 impuris,

166 4705 298 4769 scelera
312 4710 430 4767 nostra.
446 4702 485 4764 ttt
498 4700 579 4783 ipse.
1061 4700 1139 4763 Ossa
1153 4700 1285 4781 quibant
1300 4698 1471 4760 numerari.

414 4803 524 4863 Lectio
538 4802 689 4861 secunda.
1062 4800 1182 4880 Corpus
1197 4797 1293 4879 coepit
1306 4795 1473 4874 desiccari,

48 4930 135 4977 mg,
277 4900 366 4962 lfane
381 4899 477 4978 facto,
495 4907 524 4961 te
540 4897 684 4980 ligatum,
1062 4897 1113 4960 Sic
1128 4896 1213 4977 quod
1228 4896 1295 4958 dire
1311 4894 1453 4972 sitiebas,

34 5006 78 5043 ”¹¹2
92 4999 112 5044 ¹·
126 5000 150 5047 ²³
257 4998 466 5079 Consputum,
482 4996 709 5059 discoloratum
1061 4995 1103 5058 'le
1119 5004 1153 5057 ut
1167 5012 1281 5075 aquam
1296 4992 1497 5056 effundebas.

35 5063 151 5167 affl.
256 5095 440 5160 Praesidenti
454 5095 645 5172 offerebant,
1061 5093 1152 5169 Sitio,
1169 5110 1267 5173 quum
1283 5091 1479 5174 protulisses,

35 5194 57 5231 ¹·
64 5186 84 5224 ⁷'
258 5196 448 5276 falsumque
462 5193 658 5276 objiciebant
1062 5190 1100 5253 Et
1114 5189 1246 5254 omnino
1261 5190 1410 5267 acuisses,

256 5294 292 5357 ld
305 5292 391 5377 quod
405 5292 533 5375 plebem
548 5292 739 5371 seduxisses,
1062 5290 1104 5352 l'e
1120 5294 1209 5353 aceto
1223 5294 1422 5371 potaverunt,
