4309 6259
473 450 512 511 tt
899 464 1055 510 nxrosrrro
1076 463 1175 509 urum
1200 468 1208 508 :
1231 463 1364 508 orrares
1386 464 1473 509 roris
1494 463 1613 509 orrurnn

471 632 575 714 gloria
599 632 704 695 carnis
728 652 793 695 suae
819 632 879 695 fnit
903 632 1096 714 triumphus,
1121 632 1151 694 id
1176 633 1263 695 estA
1280 632 1374 695 simul
1398 652 1470 695 cum
1489 632 1612 696 Christo
1636 631 1670 694 in
1695 633 1881 714 corporibus
1904 632 2029 715 glorifi-

473 732 616 810 rictoria,
628 734 741 808 pretii
757 734 880 808 iuueni,
892 732 921 792 id
937 741 984 793 cst
998 732 1129 793 urarirni
1146 731 1222 793 belli
1280 730 1358 791 catis
1377 732 1550 793 ascerulent
1564 732 1595 792 in
1612 730 1727 793 coelnm
1747 751 1945 813 empyreum.
1962 732 2028 793 Sie-

473 830 557 910 qnod
574 829 606 890 iu
622 830 741 891 mundo
758 829 817 891 isto
832 829 984 909 exercuit,
998 828 1174 910 presertim
1190 829 1223 889 in
1279 848 1341 909 quc
1374 830 1487 891 Christi
1522 830 1666 892 ascensio
1694 840 1743 891 est
1770 839 1884 892 nostrae
1912 830 2026 892 futura.

474 927 631 1008 passione,
659 936 768 991 eontra
791 927 989 990 adversarios
1015 946 1089 990 suos
1114 927 1223 989 invisi·
1279 928 1474 990 ascensionis
1499 926 1659 1010 exemplar
1683 947 1720 989 ac
1740 927 1831 1007 ratio,
1853 928 1938 990 sicut
1955 928 2026 1007 ejus

474 1023 555 1086 biles
576 1031 669 1104 atque
693 1024 845 1102 visibiles,
868 1033 900 1087 et
921 1033 1030 1088 contra
1052 1024 1154 1085 aciem
1176 1024 1224 1085 vi-
1279 1026 1479 1105 resurreetio,
1496 1034 1609 1088 nostrae
1630 1025 1880 1110 resurrectionis.
1897 1026 2027 1107 Propter

474 1123 591 1185 tiorum
613 1142 649 1185 ac
672 1131 938 1185 tentamentorum
959 1122 1220 1184 extrinsecorum.
1278 1124 1362 1203 quod
1383 1124 1496 1186 asserit
1513 1124 1575 1186 Leo
1596 1123 1678 1205 Papa
1695 1147 1702 1184 :
1719 1123 1836 1205 Capitis
1857 1124 2025 1205 praecessio

326 1237 460 1287 eumue.
475 1220 561 1283 Unde
584 1220 645 1283 fuit
666 1222 851 1303 pradictum
874 1245 880 1282 :
904 1221 1056 1284 Dominus
1078 1220 1170 1283 fortis
1191 1230 1224 1283 et
1278 1240 1349 1300 spes
1378 1220 1592 1283 membrorum
1620 1229 1677 1283 est.
1704 1224 1866 1297 Aperiens
1888 1224 2027 1297 paradi-

474 1325 597 1399 potens‚
615 1319 765 1381 Dominus
782 1327 894 1400 potens
918 1318 949 1379 iu
966 1318 1087 1399 praelio.
1103 1318 1138 1378 ln
1153 1318 1223 1398 qui·
1277 1338 1361 1389 auin,
1371 1318 1402 1380 id
1417 1320 1600 1397 est,virtnte
1614 1327 1646 1381 et
1659 1319 1772 1381 merito
1787 1338 1852 1381 suat
1866 1319 2025 1400 passionis

473 1418 532 1478 bns
556 1417 704 1480 omnibus
727 1416 912 1497 Unigenitns
940 1416 994 1477 Dei
1020 1435 1076 1497 per
1097 1415 1221 1496 sapien·
1276 1415 1475 1478 obstaculum
1491 1416 1689 1497 ingrediendi
1705 1416 1916 1498 «paradisum
1930 1440 1945 1474 u
1961 1436 2025 1479 cce

472 1514 560 1593 tiam,
586 1535 642 1598 per
663 1516 837 1594 caritatem,
863 1534 920 1597 per
946 1513 1166 1576 fortitudinem
1190 1522 1221 1575 et
1277 1513 1387 1575 lestem
1400 1514 1645 1593 removens,hoc
1660 1523 1708 1576 est
1723 1524 1844 1576 reatum
1859 1514 2023 1596 originalis

471 1614 679 1675 constantiam
702 1614 817 1692 cordis,
835 1614 993 1676 interdum
1015 1632 1072 1693 per
1092 1613 1221 1675 tacitur—
1274 1612 1453 1693 peccati,nt
1468 1631 1562 1694 snpra
1576 1612 1754 1693 expositum
1769 1620 1827 1674 est.
1838 1613 1918 1673 llino
1934 1632 2023 1694 aper·
2035 1640 2114 1694 ,aru

469 1711 599 1773 nitatem
623 1720 707 1773 etse
726 1711 950 1774 abscondendo
970 1730 1006 1773 ac
1026 1710 1217 1791 elongando,
1274 1711 1318 1772 tio
1332 1710 1438 1790 jannai
1457 1718 1588 1773 vocatur
1606 1729 1688 1772 unns
1708 1709 1884 1772 effectuum
1904 1711 2024 1793 passio

468 1810 544 1872 item
560 1830 617 1893 per
636 1810 848 1872 humilitatem
871 1810 1121 1893 patientiamque
1140 1810 1256 1890 praaB
1275 1809 1325 1870 nis
1349 1808 1528 1871 dominicae.
1555 1808 1632 1870 ltem
1657 1827 1714 1889 per
1738 1828 1772 1869 se
1797 1809 1902 1889 ipsum
1926 1809 2026 1873 intro-

468 1908 579 1971 valnit.
596 1909 639 1970 lle
661 1909 721 1971 hoo
737 1908 850 1971 Christi
873 1909 981 1990 praelio
1003 1916 1035 1969 et
1056 1908 1218 1989 triumpho
1274 1907 1389 1986 eundo,
1413 1915 1445 1969 et
1468 1926 1575 1969 secum
1600 1908 1699 1968 multa
1724 1907 1897 1968 electorum
1924 1908 2026 1969 millia

322 2022 453 2072 [aarum.
468 2006 587 2069 diffuse
608 2008 829 2089 prophetatum
852 2015 970 2088 estper
989 2005 1101 2068 lsaiam
1120 2006 1219 2080 :Quis
1274 2004 1350 2067 illuc
1376 2005 1617 2084 introducendo,
1634 2004 1758 2085 aperuit
1781 2005 1963 2086 paradisum
1989 2006 2026 2067 il-

468 2113 517 2167 est
531 2106 590 2167 iste
611 2104 667 2187 qui
690 2104 778 2166 venit
798 2105 838 2166 de
853 2105 974 2166 Edomf
989 2104 1047 2167 Ubi
1070 2104 1155 2167 inter
1169 2124 1219 2167 ce·
1273 2104 1340 2164 lum
1368 2103 1541 2182 eoelestem‚
1567 2122 1631 2165 non
1661 2102 1816 2184 corporali
1848 2104 2023 2184 apertione,

468 2211 535 2266 tera
563 2203 648 2265 fatur
675 2226 682 2263 ε
709 2202 834 2265 Calcavi
859 2221 913 2265 eos
942 2202 975 2263 in
1001 2201 1109 2265 furore
1133 2220 1216 2281 meo,
1274 2220 1372 2282 quum
1397 2209 1429 2263 et
1453 2220 1585 2282 corpora
1605 2201 1659 2263 illa
1684 2201 1827 2263 coelestia
1849 2220 1914 2265 non
1938 2202 2026 2265 fran-

468 2310 499 2363 et
514 2301 700 2364 conculcavi
717 2319 771 2363 eos
787 2301 819 2361 in
836 2301 881 2363 ira
897 2320 983 2378 mea3
1001 2302 1141 2363 torcular
1156 2301 1218 2363 cal·
1273 2309 1399 2380 gantur,
1428 2309 1461 2362 et
1488 2319 1620 2382 corpora
1646 2300 1827 2381 glorificata
1854 2310 2023 2382 penetrent

334 2424 443 2477 runnu,
468 2401 537 2462 cavi
567 2400 664 2463 solus.
691 2402 792 2479 Atque
817 2399 850 2460 in
875 2399 1008 2461 Threnis
1035 2423 1041 2460 :
1068 2400 1219 2461 Torcular
1274 2417 1406 2480 corpora
1435 2399 1618 2479 interposita
1642 2399 1762 2479 absque
1788 2398 1917 2461 illorum
1942 2401 2026 2462 diri-

321 2491 353 2532 ¹⁵·
467 2498 602 2560 calcavit
616 2498 769 2561 Dominus
792 2496 907 2579 virgini
924 2496 1001 2559 filiae
1016 2497 1106 2559 luda.
1123 2497 1215 2576 llinc,
1273 2496 1372 2559 sione.
1391 2502 1489 2565 Qucm
1510 2497 1690 2578 paradisum
1707 2498 2023 2574 Protoplastus,boc

333 2620 417 2663 canu.
429 2633 451 2672 n,
466 2597 642 2659 seeundum
668 2596 864 2676 Apostolum,
887 2595 1076 2676 exspoliavit
1098 2594 1218 2677 princi·
1272 2603 1320 2657 est
1335 2595 1455 2676 primns
1471 2595 1577 2675 homo,
1593 2600 1769 2665 clauserat,
1780 2595 1840 2658 boe
1856 2603 1915 2676 est,
1929 2597 2023 2677 cnjus

319 2686 352 2725 ¹⁵·
464 2704 558 2776 patus
573 2703 602 2757 et
618 2702 798 2777 potestates
816 2694 902 2756 Unde
925 2694 1059 2776 ipsemet
1073 2694 1215 2755 Christus
1272 2694 1408 2774 paradisi
1436 2694 1613 2774 ingressum
1633 2693 1768 2775 posteris
1788 2694 1865 2772 suis,
1882 2695 1967 2757 sicut
1991 2704 2023 2757 et

324 2794 496 2867 rauranum
518 2793 692 2874 Evangelio
714 2801 905 2873 protest-atur
927 2815 933 2853 :
955 2790 1043 2854 Nunc
1065 2792 1215 2873 princeps
1271 2792 1332 2853 sibi
1367 2792 1439 2873 ipsi,
1477 2790 1635 2853 demeruit
1669 2791 1929 2872 transgrediendo
1965 2794 2019 2855 Dei

316 2882 351 2923 ³¹·
462 2892 558 2972 hujus
582 2890 692 2953 mnndi
720 2890 868 2971 ejicietur
889 2890 994 2967 foras3
1018 2898 1046 2951 ot
1070 2875 1211 2951 rursus:
1271 2898 1473 2971 praeceptum.
1504 2890 1633 2971 Propter
1660 2890 1742 2970 qnod
1775 2890 1935 2951 hereditas
1964 2892 2021 2953 illa

329 3015 439 3067 rtrum,
462 2990 527 3070 ligo
542 2990 603 3051 rici
617 2988 905 3069 mundum.Sicqne
918 2988 1036 3050 factum
1052 2996 1101 3050 est
1116 2988 1211 3067 istud,
1231 2994 1253 3055 C
1270 2987 1407 3049 coelestis
1433 2987 1492 3049 sibi
1521 3006 1559 3049 ac
1588 2987 1686 3050 soboli
1717 3006 1782 3049 suae
1810 2987 1871 3049 fuit
1899 2988 2016 3067 ablata,

316 3080 349 3122 ³³·
462 3088 934 3163 rraccudc'pcremptoprincipe,
952 3086 1045 3147 idest
1065 3094 1212 3169 superato
1269 3086 1536 3166 quemadmodum
1564 3083 1717 3148 habitatio
1746 3086 1883 3166 paradisi
1921 3094 2018 3148 terre-

462 3184 600 3264 diabolo,
625 3186 665 3246 de
690 3202 753 3265 quo
777 3183 923 3265 passione
948 3184 1085 3246 instante
1108 3192 1212 3266 prote
1268 3184 1365 3246 stris:
1383 3184 1480 3245 veluti
1495 3183 1590 3245 etiarn
1605 3201 1662 3265 pro
1677 3183 1810 3246 crimine
1825 3183 1907 3247 laesae
1921 3186 2019 3266 maie

327 3302 385 3345 ura.
398 3316 442 3355 xiv,
462 3291 562 3345 status
576 3290 624 3344 est
638 3282 779 3344 Christus
798 3306 803 3342 :
822 3282 917 3344 Venit
935 3283 974 3343 ad
994 3302 1044 3344 me
1060 3283 1211 3364 princeps
1269 3282 1357 3343 statis
1388 3282 1506 3362 posteri
1542 3281 1807 3361 exhereditantur,
1837 3284 2017 3346 secundum

314 3368 348 3409 ²⁰¹
461 3380 557 3462 hujus
580 3380 701 3461 mundi,
725 3380 756 3441 id
778 3380 1013 3442 osthominnm
1035 3380 1211 3443 mundano-
1266 3380 1339 3460 jura
1353 3380 1470 3441 civilia.

461 3499 531 3541 rum
567 3488 599 3542 et
626 3479 819 3560 iniquorum,
849 3479 966 3559 quibus
1002 3479 1152 3560 praevalet
1179 3488 1211 3542 et
1308 3480 1483 3555 oprande
1506 3480 1632 3537 cunctis
1653 3481 1842 3555 guardiam!
1866 3479 1927 3542 hoe
1954 3488 2015 3560 est,
2077 3497 2088 3513 ⁸

460 3578 642 3641 dominatur
657 3577 832 3660 tyrannice.
1267 3596 1382 3657 magna
1398 3574 1570 3657 spiritualis
1585 3574 1768 3655 jucunditas
1787 3577 1883 3640 debet
1901 3578 2018 3641 merito

375 3682 393 3737 l
499 3674 927 3743 Estctevatusuubibus,id
943 3683 1001 3755 est,
1017 3676 1208 3738 ascenditin
1267 3674 1425 3737 universis
1455 3673 1558 3735 inesse
1587 3672 1750 3752 fidelibus,
1780 3679 1878 3754 quod,
1907 3673 1939 3737 id
1967 3686 2019 3738 est

461 3796 477 3833 u
503 3772 642 3836 nubibus
668 3796 684 3832 a
711 3792 767 3835 sen
792 3772 887 3835 nube.
915 3773 1004 3854 Saepe
1029 3774 1146 3835 etenim
1176 3774 1209 3835 in
1266 3773 1340 3853 qnia
1356 3791 1411 3834 seu
1427 3772 1466 3833 de
1481 3771 1542 3834 boc
1557 3772 1653 3852 quud,
1666 3782 1922 3848 partuanostroe
1949 3777 2019 3835 ffir-

461 3871 630 3953 Scripturis
646 3870 773 3951 ponitur
788 3890 939 3933 nnmems
959 3871 1130 3951 singularis
1152 3890 1210 3953 pro
1262 3874 1365 3948 pinis,
1381 3870 1441 3933 hoc
1461 3878 1509 3932 est
1527 3870 1611 3950 quod
1632 3870 1730 3933 filins
1745 3870 1885 3952 Virginis
1898 3872 2019 3953 glorio-

459 3970 587 4052 plnrali,
601 3976 632 4031 et
646 3968 929 4031 econtrarioUnde
945 3969 977 4029 in
992 3969 1125 4032 Actibus
1139 3990 1209 4031 nar·
1265 3988 1317 4049 sae,
1333 3988 1403 4049 quae
1419 3976 1467 4031 est
1479 3969 1575 4030 llater
1594 3976 1626 4030 et
1643 3968 1777 4031 Domina
1794 3969 1938 4032 omnium
1959 3990 2018 4034 no-

327 4091 378 4134 Aa.
388 4105 402 4143 1,
411 4094 432 4135 a,
460 4076 547 4129 ratur
568 4091 575 4129 :
596 4065 701 4128 Nubes
723 4067 864 4147 suscepit
882 4086 955 4129 eum
976 4066 1017 4129 ab
1035 4068 1138 4131 oculis
1157 4087 1209 4131 eo
1265 4075 1451 4147 strum,p0st
1463 4066 1609 4144 sperato
1629 4075 1677 4129 est
1690 4075 1762 4149 post
1773 4068 2013 4150 consputiones‚

459 4184 540 4227 rum.
557 4164 620 4227 Nec
641 4171 745 4226 tamen
766 4165 941 4245 putandum
961 4166 1045 4246 quod
1065 4166 1208 4228 ministe
1222 4170 1248 4232 l)
1262 4169 1383 4243 stupra,
1404 4165 1435 4227 id
1456 4173 1503 4227 est
1522 4163 1766 4245 flagellationes,
1779 4177 1852 4242 port
1871 4188 2015 4239 crucem,

459 4262 505 4327 rio
520 4262 694 4345 indiguerit
707 4262 853 4343 nubium,
870 4282 973 4344 neque
993 4266 1077 4345 quod
1097 4284 1204 4328 earum
1262 4265 1323 4327 boc
1343 4273 1391 4325 est
1415 4263 1668 4342 crucifixionem,
1693 4282 1772 4344 quas
1797 4264 1947 4327 sustinuit
1971 4266 2013 4329 ab

458 4360 574 4423 virtute
599 4361 761 4439 ascendit;
789 4360 853 4423 imo
878 4380 942 4424 non
969 4362 1072 4424 solnm
1097 4362 1206 4424 divina
1262 4362 1390 4444 iniquis,
1404 4372 1554 4438 paterna
1578 4365 1648 4422 sedi
1658 4364 1833 4439 juugitur,
1850 4363 1882 4424 id
1901 4371 1960 4443 est,
1976 4365 2012 4427 in

458 4458 585 4539 virtute,
602 4459 656 4520 sed
672 4459 766 4521 etiam
782 4478 839 4541 per
854 4459 960 4521 dotem
979 4459 1129 4540 agilitatis
1145 4461 1204 4523 hoc
1261 4463 1375 4525 throno
1400 4460 1497 4523 Patris
1522 4460 1706 4541 collocatur,
1728 4469 1759 4522 ot
1783 4461 1812 4523 ei
1837 4462 1956 4525 assidet
1977 4473 2011 4527 et

455 4556 560 4639 potnit
577 4566 608 4619 et
627 4556 736 4619 effecit
753 4582 759 4620 :
776 4557 841 4639 jam
861 4577 999 4639 namque
1020 4577 1136 4639 corpus
1152 4560 1206 4621 ha·
1261 4569 1445 4640 conregnat,
1468 4560 1736 4640 quemadmodum
1761 4559 1794 4621 in
1819 4561 2009 4644 Apocalypsi

455 4655 525 4718 buit
548 4656 772 4737 glorificatum.
794 4657 947 4738 Apparuit
972 4666 1077 4719 antem
1102 4657 1204 4720 nubes
1261 4658 1401 4741 loquitur
1417 4682 1424 4720 ι
1440 4658 1498 4732 Qui
1518 4657 1641 4737 vicerit,
1664 4657 1746 4721 dabo
1765 4658 1794 4720 ei
1815 4659 1923 4722 sedere
1941 4680 2010 4724 me-
2037 4692 2114 4747 ,rw

341 4784 407 4829 Dm,
456 4755 489 4817 in
504 4755 631 4836 signum
646 4755 840 4817 excellentia
855 4755 937 4835 ejus,
950 4755 1043 4836 cujus
1058 4756 1204 4837 magnifi·
1260 4777 1334 4820 cnm
1355 4757 1388 4818 in
1408 4757 1521 4819 throno
1541 4774 1623 4835 meo,
1641 4756 1724 4818 sicut
1747 4764 1779 4819 et
1803 4775 1862 4839 ego
1887 4758 1950 4821 rici
1974 4769 2009 4823 et

306 4860 379 4899 ¹¹¹¹¹¹·
394 4852 428 4893 ²⁰·
455 4854 559 4917 centia
581 4852 682 4915 nubes
704 4853 895 4915 discurrunt.
1259 4856 1325 4919 sedi
1341 4876 1413 4918 cnm
1428 4856 1517 4918 Patre
1532 4855 1565 4916 in
1581 4855 1693 4918 throno
1709 4855 1791 4935 ejus.
1805 4856 1884 4931 Quid
1898 4866 2005 4921 autem

493 4956 537 5014 Ει
557 4970 644 5028 spem
666 4954 745 5029 fecit
767 4953 985 5020 credentibus,
1005 4951 1036 5014 id
1060 4962 1119 5033 est,
1146 4974 1203 5017 sna
1258 4954 1299 5017 sit
1317 4955 1449 5017 thronus
1465 4973 1520 5015 seu
1536 4954 1627 5015 sedes
1642 4952 1756 5016 Christi
1771 4962 1803 5016 et
1818 4955 1872 5017 Dei
1892 4956 2002 5035 Patris,

453 5050 639 5113 ascensione
654 5048 788 5131 praebuit
803 5048 927 5110 cunctis
942 5047 1092 5112 fidelibus
1108 5060 1202 5115 mate·
1256 5053 1321 5133 jam
1336 5054 1456 5115 dictum
1471 5060 1530 5114 est.
2020 5084 2113 5139 „arcu

452 5149 543 5233 riam,
571 5147 812 5209 incitamentum
842 5154 874 5207 et
898 5165 1025 5209 causam
1051 5151 1198 5229 sperandi
1295 5151 1381 5213 Hanc
1401 5150 1640 5213 honorationem
1661 5150 1802 5213 Christus
1827 5153 2003 5216 secundnm
2019 5154 2072 5192 ‘¹¹-

451 5248 535 5330 qnod
569 5254 600 5308 et
634 5246 704 5330 ipsi,
736 5254 805 5330 post
831 5244 943 5325 judicii
974 5247 1196 5331 expletionem,
1256 5270 1345 5313 suam
1360 5249 1589 5312 humanitatem
1604 5250 1719 5312 meruit
1733 5269 1790 5332 per
1805 5270 1868 5314 suaa
1883 5252 2003 5334 passio-
