4309 6259
456 471 494 539 tt
861 488 1020 536 axrosirm
1041 488 1141 534 axum
1165 495 1171 532 :
1195 487 1278 545 vaur,
1301 487 1440 537 canaroa
1460 489 1595 537 seranus

454 661 590 744 spiratio
606 668 711 724 autem
730 659 833 723 activa
852 660 1031 723 communis
1049 668 1098 723 θεῖ
1117 658 1200 721 Patri
1215 661 1240 720 A
1256 659 1445 724 tentationes
1482 660 1663 724 inciderint.
1700 660 1815 741 Sicque
1850 660 2003 743 impletur

456 780 492 823 ac
507 760 597 823 Filio.
613 761 720 840 ltaque
742 759 887 823 hocloco
906 779 963 841 per
982 759 1134 841 Spiritum
1153 758 1200 819 in·
1254 760 1339 838 quod
1355 761 1437 841 apud
1452 759 1582 824 Tobiam
1597 760 1714 822 dicitur
1726 760 1791 823 Deo
1808 784 1815 822 :
1832 760 1905 824 Post
1923 769 2004 822 tem·
2019 781 2112 823 aaut:

456 858 609 939 telligitur
623 858 758 940 Spiritus
773 858 905 920 Sanctus
923 882 930 921 :
948 877 1042 940 quem
1062 856 1200 938 petimus
1255 865 1408 938 pestatem
1424 858 1630 939 tranquillum
1645 857 1736 937 facis,
1752 866 1869 941 etpost
1888 858 2002 921 fletum

456 959 495 1020 ad
510 976 568 1020 nos
584 957 703 1035 venire,
720 974 784 1019 non
799 956 904 1020 locum
921 957 1085 1037 mutando,
1101 974 1199 1036 quum
1256 955 1496 1019 exsultationem
1532 955 1686 1019 infundis.
1723 957 1889 1038 Deinceps,
1923 965 2003 1019 testa

456 1055 497 1118 sit
510 1074 604 1117 verus
625 1063 657 1117 et
676 1054 1019 1137 incircumscriptibilis
1034 1054 1128 1131 Deus,
1144 1053 1199 1115 sed
1255 1054 1405 1135 Apostolo
1424 1055 1463 1116 ad
1487 1054 1655 1134 Rornanos,
1672 1055 1740 1137 ipse
1761 1054 1896 1137 Spiritus
1916 1056 2004 1117 testi·
2030 1076 2113 1117 aaut

455 1154 580 1236 pietatis
606 1174 670 1217 suaa
695 1154 885 1216 charismata
909 1152 1117 1228 infundendo,
1144 1172 1200 1213 seu
1255 1153 1398 1214 monium
1413 1152 1559 1235 perhibet
1573 1153 1698 1235 spiritui
1714 1162 1821 1217 nostro
1836 1154 1921 1234 quod
1941 1152 2002 1215 filii
2020 1142 2050 1179 ¹⁶·

453 1254 598 1335 augendo
617 1260 649 1315 θῖ
667 1253 895 1315 conservando.
913 1251 1055 1314 Sumitur
1073 1269 1200 1332 quoque
1254 1249 1310 1311 uei
1330 1270 1464 1313 sumus:
1482 1252 1565 1332 quod
1581 1260 1629 1313 est
1643 1252 1888 1315 consolatorium
1908 1252 2004 1314 vehe-

452 1352 505 1414 hic
521 1350 652 1414 verbum
671 1351 732 1413 hoc
748 1373 764 1409 a
781 1350 854 1412 veni
870 1373 899 1429 n,
916 1367 980 1412 non
1000 1349 1198 1430 imperative,
1256 1356 1388 1409 menter.
1405 1348 1444 1410 Et
1462 1348 1608 1429 quamvis
1628 1349 1711 1411 istud
1737 1349 1778 1410 sit
1801 1368 1882 1431 opus
1906 1348 2004 1411 totius

453 1452 508 1513 sed
523 1448 733 1532 deprecative.
750 1449 827 1511 Cum
844 1468 968 1511 summa
988 1448 1093 1527 itaque
1113 1466 1201 1509 reve·
1256 1446 1624 1526 superexcellentissima
1639 1446 1812 1527 Trinitatis,
1829 1447 1931 1509 nihilo
1945 1447 2005 1509 mi-

453 1547 555 1611 rentia
587 1556 620 1610 θῖ
651 1546 876 1631 genuflexione
904 1545 1104 1628 proferamus
1132 1546 1199 1607 haec
1256 1564 1316 1605 nus
1331 1544 1552 1627 appropriatur
1566 1545 1698 1627 Spiritui
1712 1546 1839 1625 Sancto,
1851 1545 2004 1627 quoniam

452 1646 559 1727 verba,
576 1648 639 1710 imo
654 1654 686 1709 et
700 1654 816 1708 cuncta
831 1644 1006 1727 sequentia.
1257 1642 1339 1703 sicut
1352 1643 1432 1704 Patri
1449 1643 1670 1725 appropriatur
1688 1644 1839 1725 potentia,
1855 1644 1936 1707 Filio
1956 1664 2005 1706 sa-

490 1749 614 1807 areales
634 1754 766 1806 tuorum
782 1746 892 1814 vl'sita,
907 1744 967 1807 hoo
987 1750 1046 1822 est,
1062 1741 1199 1824 gratiose
1256 1739 1387 1821 pientia,
1405 1740 1448 1802 ita
1462 1740 1591 1822 Spiritui
1607 1742 1722 1804 Sancto
1736 1742 1915 1823 benignitas
1936 1742 2005 1805 sive

450 1844 565 1906 accede
581 1852 612 1905 θῖ
627 1844 709 1905 intra
729 1842 923 1923 superiorem
944 1850 1064 1922 partem
1085 1841 1199 1903 animae
1219 1837 1242 1899 B
1257 1839 1437 1918 clementia,
1454 1840 1546 1920 cujus
1562 1841 1781 1922 appropriatus
1799 1840 1937 1904 effectus
1955 1852 2005 1903 cst

450 1950 575 2020 nostra,
596 1943 656 2003 hoc
682 1949 730 2003 θεῖ
754 1942 837 2003 vires
862 1940 932 2021 ejus
957 1940 1148 2021 superioreS,
1165 1938 1198 1999 in
1257 1937 1425 2017 consolari,
1442 1946 1474 2000 ct
1491 1939 1575 2001 dona
1593 1940 1701 2019 gratiae
1726 1939 1892 2021 impertiri,
1909 1947 2004 2020 atque

450 2039 566 2122 quibus
594 2059 725 2101 summm
750 2038 910 2100 Trinitatis
936 2040 1056 2100 relucet
1081 2037 1198 2117 imago,
1255 2035 1294 2096 ad
1314 2036 1468 2097 orandum
1491 2036 1651 2099 inducere.
1668 2036 1755 2099 Unde
1779 2037 1817 2099 ad
1843 2038 2002 2101 Romanos

451 2138 660 2215 intellectum,
688 2136 895 2215 voluntatem,
916 2137 1101 2199 memoriam
1124 2160 1131 2197 :
1153 2136 1201 2196 in·
1256 2131 1299 2194 ait
1319 2133 1489 2215 Apostolus
1507 2134 1648 2196 :Caritas
1673 2134 1728 2197 Dei
1752 2134 1873 2197 diffusa
1894 2144 1944 2198 est
1968 2136 2002 2197 in
2027 2157 2108 2199 ruci,

450 2236 613 2298 tellectum
633 2236 665 2297 in
686 2234 835 2298 omnibus
855 2234 1053 2313 illustrando,
1070 2253 1199 2315 praeser-
1255 2230 1404 2293 cordibus
1429 2233 1544 2294 nostris
1573 2252 1629 2313 per
1656 2232 1808 2313 Spiritum
1837 2233 2001 2313 Sanctum,

451 2333 508 2395 tim
524 2333 556 2395 in
572 2332 754 2413 cognitione
765 2340 796 2393 et
807 2332 1074 2413 contomplatione
1089 2332 1198 2412 primae
1255 2329 1309 2409 qui
1326 2330 1416 2391 datus
1432 2338 1480 2392 est
1501 2330 1604 2393 uobis.
1621 2331 1700 2393 Hinc
1720 2350 1846 2413 quoque
1865 2332 2002 2414 Spiritus

450 2440 482 2494 et
509 2440 632 2493 aterna
661 2430 813 2508 veritatis,
841 2437 872 2492 et
897 2449 936 2491 ne
961 2429 1138 2512 decipiatur
1165 2429 1198 2490 in
1255 2427 1389 2489 Sanctus
1408 2428 1525 2490 dicitur
1546 2430 1728 2507 advocatus,
1746 2429 1776 2491 id
1795 2438 1844 2492 θεῖ
1867 2430 2003 2511 loquens

449 2528 578 2610 aliqu03
596 2528 789 2591 voluntatem
816 2526 1045 2591 inflammando
1066 2528 1099 2589 in
1119 2528 1199 2590 cari·
1255 2534 1285 2587 et
1301 2526 1499 2588 intercedens
1516 2546 1571 2607 pro
1586 2527 1690 2606 nobis,
1708 2528 1738 2589 id
1758 2536 1806 2590 est
1824 2537 1951 2591 orantes
1971 2538 2004 2591 ct

449 2635 524 2705 tate,
551 2626 728 2690 roborando
760 2625 792 2687 in
822 2645 888 2707 spe,
916 2634 947 2689 ct
969 2626 1136 2707 dirigendo
1164 2626 1197 2687 in
1256 2631 1340 2685 recte
1356 2623 1520 2704 loquentes
1535 2643 1593 2686 nos
1608 2624 1740 2687 faciens.
1756 2625 1878 2689 idcirco
1893 2646 2002 2688 rursus

449 2725 535 2787 omui
552 2724 723 2787 allectione
739 2732 771 2785 et
784 2742 880 2805 opere
894 2723 994 2799 bono;
1012 2722 1196 2786 memoriam
1254 2720 1423 2801 Apostolus
1440 2730 1630 2802 protestatur
1646 2745 1652 2785 :
1669 2722 1749 2795 Quid
1763 2742 1902 2801 oremus,
1919 2724 2004 2787 sicut
2030 2742 2079 2783 rna
2090 2754 2112 2780 a

449 2842 574 2904 quoque
590 2821 779 2884 stabiliendo
795 2821 826 2881 in
842 2819 990 2884 omnibus
1006 2820 1085 2882 istis,
1095 2825 1198 2896 lmple
1254 2826 1387 2899 oportet,
1401 2819 1578 2897 nescimus3
1592 2821 1645 2881 sed
1662 2820 1730 2901 ipse
1746 2821 1881 2903 Spiritus
1895 2831 2004 2903 postu·
2018 2810 2049 2847 ²⁶·

448 2940 590 2996 superna
616 2922 741 2996 pratia,
771 2919 830 2980 hoc
864 2926 911 2979 est
944 2919 1044 2999 gratia
1071 2926 1196 2999 gratum
1254 2916 1298 2978 lat
1312 2935 1369 2997 pro
1384 2916 1476 2979 nobis
1491 2917 1664 2999 gemitibus
1680 2919 1956 2983 inenarrabilibus.

449 3017 597 3097 faciente,
614 3034 683 3097 quaa
698 3023 746 3077 est
760 3016 879 3078 donrrm
895 3016 1135 3096 supernaturale
1151 3012 1238 3076 in-(l
1293 3020 1422 3077 Danum
1448 3019 1511 3077 Dei
1534 3020 1701 3087 altissimi,
1726 3018 1786 3080 hoc
1809 3027 1858 3081 est
1885 3039 2001 3081 munus

449 3114 569 3193 fusum,
596 3132 717 3195 ponens
746 3112 930 3176 rationalem
961 3122 1136 3175 creaturam
1164 3113 1196 3175 in
1253 3113 1550 3194 prestantissimum
1573 3114 1671 3176 Patris
1696 3123 1728 3177 ct
1751 3115 1834 3195 Filii,
1851 3117 1903 3198 qui
1927 3127 2001 3179 suut

450 3232 518 3275 esse
547 3210 790 3293 supernaturali,
816 3210 976 3289 deilormi,
1006 3212 1044 3273 ad
1073 3230 1198 3293 prome·
1254 3230 1335 3271 rinus
1351 3211 1433 3273 Deus
1448 3221 1479 3274 et
1499 3233 1581 3274 unus
1603 3213 1748 3294 spirator.
1765 3213 1885 3296 Nempe
1903 3213 2001 3296 Spiri-

450 3310 584 3372 rendum
612 3309 748 3385 idone03
776 3316 880 3388 atque,
909 3316 943 3369 ut
968 3308 1058 3371 multi
1089 3318 1197 3372 tenent
1253 3316 1303 3369 tus
1332 3308 1465 3371 Sanctus
1493 3309 1560 3372 dari
1589 3309 1639 3372 his
1668 3310 1852 3392 perhibetur
1884 3312 2001 3393 quibus

449 3409 605 3487 doctores,
623 3406 804 3467 immediate
819 3405 945 3487 perlicit
960 3407 1129 3469 essentiam
1150 3428 1197 3470 ra·
1253 3404 1443 3485 infunditur,
1460 3407 1576 3487 quibus
1596 3408 1697 3489 gratia
1716 3417 1840 3489 gratum
1865 3409 1999 3489 faciens,

451 3506 577 3569 tionalis
592 3512 754 3585 creaturae,
771 3523 807 3566 ac
823 3504 950 3567 realiter
964 3504 1073 3568 differt
1089 3508 1197 3569 aceri·
1254 3503 1420 3583 caritas,ct
1434 3514 1545 3567 ceterae
1561 3507 1693 3568 virtutes
1709 3506 1823 3570 infusae
1838 3509 2001 3571 hominem

452 3612 513 3667 tate
544 3629 550 3666 :
582 3604 674 3684 cujus
709 3612 814 3665 umen
847 3603 1027 3685 oppositum
1056 3604 1199 3667 sentiunt
1252 3602 1316 3664 Deo
1349 3601 1577 3683 gratificantes,
1613 3605 1780 3667 donantur.
1810 3605 1931 3670 idcirco
1966 3607 2000 3668 in

451 3704 594 3766 doctores
610 3720 673 3763 non
689 3702 777 3783 parvi
798 3721 857 3764 neo
878 3702 981 3782 pauci.
998 3702 1103 3764 Potest
1122 3703 1196 3764 item
1253 3700 1384 3763 Actibus
1399 3702 1619 3783 Apostolorum
1636 3703 1818 3783 frequenter
1836 3706 1999 3780 asseritur,

451 3800 658 3883 pergratiam
681 3798 839 3879 designari
865 3818 1072 3880 quaecumque
1098 3799 1198 3861 virtus
1254 3800 1337 3879 quod
1363 3818 1420 3881 por
1445 3799 1679 3880 impositionem
1704 3821 1817 3863 manus
1836 3803 2001 3885 Apostolc
2032 3824 2111 3867 aa.

453 3897 558 3959 infusa
582 3896 727 3977 gratuita.
750 3900 827 3963 Quoe
854 3906 890 3955 ta
914 3898 1033 3956 creasti
1054 3906 1198 3971 pectora,
1255 3914 1324 3957 rum
1349 3897 1484 3978 Spiritus
1513 3899 1645 3959 Sanctus
1670 3898 1822 3977 dabatur;
1847 3910 1942 3981 atque
1965 3901 1999 3962 in
2018 3884 2111 3935 ’Μ

452 3994 512 4055 hoc
535 4002 582 4055 est
601 3994 696 4055 corda
715 4011 785 4073 quae
809 3992 991 4069 condidisti,
1006 3991 1095 4071 juxta
1120 3992 1197 4055 illud
1254 3994 1426 4075 Evangelio
1461 3995 1505 4057 ait
1533 3995 1676 4060 Salvator
1706 4020 1712 4057 :
1742 3998 1833 4060 Pater
1860 3999 2000 4062 coelestis
2017 4021 2112 4061 mam

318 4100 430 4153 mexu
451 4091 567 4154 Psalmi
586 4090 663 4163 :Qui
679 4089 774 4151 linxit
788 4088 951 4170 sigillatim
966 4090 1062 4151 corda
1076 4109 1196 4153 corum.
1255 4091 1343 4155 dabit
1366 4092 1517 4174 Spiritum
1542 4093 1660 4156 bonum
1684 4096 1865 4176 petentibus
1890 4118 1934 4160 se.
1950 4098 2001 4160 Et-

306 4165 339 4204 ¹⁵'
452 4188 591 4263 Qualiter
605 4195 710 4249 autem
731 4195 795 4249 tota
814 4185 949 4248 Trinitas
969 4186 1009 4249 sit
1029 4207 1110 4249 unus
1129 4188 1200 4251 Cre·
1215 4187 1240 4247 D
1255 4190 1341 4253 euim
1357 4191 1493 4272 Spiritus
1509 4191 1642 4253 Sanctus
1658 4193 1801 4274 procedit
1819 4214 1838 4256 a
1857 4194 1945 4258 Patre
1964 4216 2001 4258 ac

368 4296 372 4304 '
454 4295 521 4349 ator
545 4293 576 4349 et
601 4284 737 4347 indivisa
763 4284 794 4345 in
818 4303 924 4366 opere,
951 4294 983 4346 θῖ
1003 4305 1199 4368 unaquaeque
1255 4287 1334 4349 Filio
1350 4296 1383 4349 ut
1402 4288 1571 4368 donabilis,
1588 4308 1685 4371 quum
1705 4290 1747 4351 sit
1765 4309 1855 4353 amor
1874 4302 2002 4355 mutuus

453 4383 562 4448 divina
581 4383 716 4446 Persona
736 4402 808 4445 vere
828 4384 950 4445 dicatur
969 4384 1106 4464 Creator,
1122 4405 1200 4466 praL
1254 4386 1354 4447 Patris
1378 4405 1414 4447 ac
1438 4385 1510 4447 Filii
1537 4409 1544 4446 ι
1571 4406 1660 4450 amor
1685 4408 1760 4451 vero
1788 4398 1837 4452 est
1863 4392 2001 4472 primum

303 4492 440 4547 reattul-
454 4482 598 4546 habitum
614 4490 671 4545 est.
1256 4485 1386 4563 donum,
1400 4484 1432 4546 in
1448 4502 1510 4564 quo
1524 4486 1632 4548 omnia
1646 4487 1729 4549 dona
1743 4488 1912 4571 donantur,
1926 4510 2002 4573 quo

367 4576 385 4629 ²
495 4583 560 4651 Qui
574 4584 768 4643 Paracletus
786 4582 918 4649 diceris,
934 4580 994 4643 hoc
1014 4588 1071 4659 est,
1089 4599 1200 4643 conso·
1255 4581 1342 4643 niam
1362 4601 1451 4645 amor
1471 4591 1519 4643 est
1542 4584 1840 4649 communicationis
1866 4588 1945 4651 ratio
1970 4597 2001 4651 et

453 4681 533 4743 lator
551 4687 582 4742 ct
606 4678 777 4741 advocatus
796 4697 870 4740 vere
890 4678 1013 4741 vocaris
1031 4701 1038 4740 :
1056 4678 1199 4741 consola·
1254 4680 1354 4761 origo,
1371 4700 1408 4742 ac
1427 4681 1570 4762 quaedam
1595 4682 1627 4744 in
1651 4692 1791 4745 amatum
1816 4686 1997 4764 tendentia;

450 4787 499 4842 tor
513 4778 553 4840 ab
567 4776 698 4855 effectu,
708 4776 856 4857 quoniam
873 4775 1043 4854 tribulatis,
1056 4776 1195 4855 tentatiS,
1253 4798 1414 4860 purusque
1431 4798 1520 4842 amor
1533 4789 1581 4842 est
1594 4781 1733 4862 primum
1744 4784 1863 4846 donum
1875 4805 1997 4848 summe

449 4876 609 4955 desolatis,
636 4874 739 4937 anxiis
763 4882 795 4937 et
820 4874 974 4953 contritis
1001 4874 1194 4955 relevamen,
1251 4878 1434 4958 gratuitum.
1456 4879 1516 4941 Sed
1536 4887 1568 4941 et
1587 4879 1722 4962 Spiritus
1742 4881 1876 4945 Sanctus
1894 4884 1948 4946 dat
1966 4892 1996 4947 et

449 4976 601 5053 solamen,
618 4971 801 5054 patientiam
817 4980 849 5034 et
863 4991 952 5053 spem
967 4972 1068 5035 veniae
1084 4972 1197 5054 elargi-
1251 4975 1392 5037 infundit
1407 4995 1440 5037 se
1455 4976 1575 5058 ipsum:
1584 4986 1678 5059 prout
1690 4978 1757 5042 baec
1772 4981 1880 5043 omnia
1893 4981 1995 5063 primo

448 5073 503 5153 ris,
520 5072 562 5134 ita
582 5078 616 5133 ut
634 5069 791 5151 gaudeant
816 5068 849 5129 in
873 5068 1026 5147 adversis,
1044 5078 1193 5151 tanquam
1250 5074 1484 5137 Sententiarum
1506 5076 1624 5139 clarius
1646 5077 1829 5140 edocentur.
2009 5112 2110 5155 ariam

298 5179 375 5225 cacat.
389 5196 403 5236 ι,
412 5185 432 5229 a.
447 5172 481 5233 in
496 5170 590 5233 rebus
605 5166 845 5249 expedientibus
861 5167 897 5228 ad
914 5167 1059 5247 salutem,
1076 5178 1109 5230 et
1127 5188 1194 5231 om·
1289 5174 1375 5232 Fons
1403 5174 1506 5241 alcas,
1526 5173 1587 5235 hoc
1611 5181 1658 5235 est
1681 5171 1811 5236 fontalis
1836 5183 1867 5238 et
1894 5176 1995 5258 prima

446 5288 486 5332 ne
510 5267 662 5350 gaudium
690 5264 871 5329 existiment
898 5284 997 5347 quum
1026 5265 1057 5328 in
1089 5268 1191 5331 varias
1246 5269 1338 5351 origo
1355 5270 1461 5333 vitalis
1485 5271 1590 5334 omnis
1615 5270 1690 5336 boni
1715 5273 1882 5356 omnisque
1907 5274 1991 5356 vita,
