4309 6259
557 497 598 545 DS
618 498 767 544 PASSIONB
789 496 897 544 Domi
917 497 1105 545 SALVATORIS
1127 498 1286 547 ntatoeus.
1308 516 1348 529 ²-
1368 500 1440 547 altr.
1463 500 1504 545 XV
1743 481 1808 547 ²93.

59 670 237 725 Pte-mu·
261 706 266 713 -
296 668 387 732 Juxta
397 686 526 751 quoque
537 667 714 731 Salomonis
725 667 1042 749 eloquiumquan-al

61 739 84 779 ¹'
250 767 298 830 do
321 767 441 830 sederis
469 767 509 830 ad
537 785 680 829 mensam
707 767 857 848 potentis,
882 766 913 829 id
941 775 1001 844 est,
1258 726 1504 793 ARTICULUS
1526 728 1601 793 XV·

251 882 356 946 quum
380 865 420 927 ad
447 863 562 928 Christi
589 863 727 944 accedis,
754 871 818 927 stas
842 863 1003 927 residesve
1192 876 1343 944 Qualiter
1362 878 1546 937 salvatoris
1563 880 1671 955 passio

252 961 367 1043 altare,
387 962 560 1045 diligenter
582 964 709 1025 attende
733 980 804 1043 quaa
826 962 885 1025 tibi
907 980 1005 1043 appo-
1106 967 1150 1025 sit
1172 968 1418 1025 rememoranda
1439 968 1483 1026 ud
1503 968 1751 1028 admirandum.

252 1068 387 1139 nuntur,
403 1060 536 1139 scilicet,
551 1079 669 1143 corpus
687 1070 720 1123 et
737 1060 868 1142 sanguis
892 1060 1006 1142 Unige-

252 1159 318 1221 niti
339 1158 394 1221 Dei
415 1158 448 1221 in
473 1159 687 1222 celebratione
706 1166 761 1220 aut
779 1158 1004 1223 communione
1100 1160 1271 1223 Saevaroa.
1289 1196 1329 1207 -
1343 1160 1424 1224 Olim
1439 1162 1539 1224 sancti
1554 1168 1586 1223 et
1604 1161 1810 1225 illuminatis-

253 1278 349 1321 sacra
371 1258 536 1334 sumenda,
553 1259 687 1339 ejusque
710 1256 817 1339 passio
842 1276 915 1320 curn
938 1256 1007 1319 ido-
1060 1258 1133 1321 simi
1171 1258 1243 1339 viri,
1274 1260 1511 1323 considerantes
1540 1260 1678 1323 bominis
1706 1262 1807 1342 parvi-

253 1374 319 1419 nea
352 1355 547 1437 gratitudine
575 1356 767 1434 recolenda;
795 1356 901 1418 sciens
928 1373 1007 1436 quo-
1059 1364 1168 1437 tatem,
1205 1357 1491 1435 defectuositatem,
1525 1357 1740 1440 fragilitatem,
1776 1367 1806 1421 et

252 1453 344 1517 niam
367 1453 444 1517 talia
462 1462 493 1515 te
510 1461 635 1536 oportet
653 1472 840 1535 preparare,
856 1453 888 1516 id
907 1461 956 1515 est
974 1462 1005 1515 te
1059 1475 1187 1519 omnem
1203 1456 1303 1537 ipsius
1318 1456 1548 1535 deficientiam,
1566 1456 1709 1519 admirati
1733 1466 1807 1519 sunt

253 1554 364 1635 ipsum
378 1552 442 1615 Deo
457 1551 490 1614 in
504 1552 725 1615 holocaustum
739 1551 870 1631 offerre,
882 1559 917 1613 ut
932 1551 1005 1632 igne
1059 1555 1265 1618 eminentiam
1281 1556 1598 1637 magnitudinemque
1612 1555 1808 1619 inenarrabi-

252 1651 361 1714 divini
376 1650 573 1713 comburaris
587 1649 705 1713 umoris
724 1658 757 1713 et
779 1650 858 1713 nibil
881 1650 926 1713 tui
948 1649 1004 1712 tibi
1060 1653 1123 1715 lem
1152 1652 1276 1734 pietatis
1301 1672 1337 1717 ac
1361 1653 1555 1735 dignationis
1580 1653 1634 1717 Dei
1658 1654 1805 1715 altissimi

253 1768 414 1825 reserves,
434 1748 489 1811 sed
515 1756 616 1811 totum
640 1757 670 1811 te
695 1748 842 1812 immoles
869 1748 1003 1825 Christo,
1060 1752 1146 1813 circa
1180 1751 1282 1815 illum.
1316 1751 1396 1814 ilinc
1431 1752 1549 1815 etenim
1588 1758 1717 1815 sanctus
1748 1750 1806 1814 Job

251 1847 369 1910 diceus
394 1870 403 1909 ι
427 1845 506 1920 Ouid
529 1847 625 1928 digua
648 1846 784 1909 offemm
809 1846 953 1927 Domino,
973 1842 1140 1911 ethixit
1167 1872 1173 1911 :
1200 1849 1278 1924 Quid
1307 1857 1356 1911 est
1382 1849 1490 1929 bomo,
1514 1849 1590 1933 quia
1617 1848 1806 1931 magnificas
1820 1866 1947 1918 rotetur.

253 1946 337 2027 quid
353 1944 524 2008 retribuam
538 1944 673 2009 Domino
688 1964 745 2027 pro
767 1946 1005 2026 omnibusque
1060 1966 1145 2023 eum,
1162 1954 1217 2009 aut
1237 1947 1313 2027 quia
1331 1966 1429 2029 prope
1450 1966 1524 2011 eum
1549 1956 1598 2011 est
1618 1966 1673 2010 cor
1693 1948 1806 2009 tuumt

125 2076 195 2111 aa,
226 2094 236 2103 .
252 2043 406 2107 retribuit
419 2043 516 2105 mibit
532 2043 593 2105 Sed
607 2051 639 2105 et
653 2062 769 2125 corpus
784 2052 873 2107 tuum
887 2042 1006 2105 offeras
1060 2045 1201 2126 itemque
1219 2045 1339 2109 :Homo
1354 2045 1484 2128 (inquit)
1499 2054 1592 2109 natus
1606 2046 1645 2109 de
1661 2045 1806 2124 muliere,
1834 2063 1895 2109 aaa.
1909 2076 1955 2116 m.

253 2142 324 2205 Deo
337 2141 474 2205 bostiam
493 2141 668 2222 viventem,
684 2148 839 2219 sanctam,
855 2141 919 2205 Deo
941 2141 1008 2223 pla·
1062 2143 1151 2206 brevi
1167 2143 1279 2205 vivens
1294 2150 1446 2224 tempore,
1463 2144 1602 2225 repletur
1623 2144 1730 2207 multis
1750 2143 1810 2205 mi·
1823 2128 1843 2179 ¹·
1853 2130 1874 2171 ⁸·

253 2249 395 2303 centem.
412 2240 577 2322 Quumque
591 2240 657 2303 bec
676 2239 786 2303 omnia
802 2240 890 2303 omni
913 2238 1006 2303 modo
1063 2241 1169 2321 seriis,
1179 2250 1211 2304 et
1225 2242 1356 2324 dignum
1372 2242 1464 2304 ducis
1479 2260 1574 2323 super
1585 2241 1808 2323 hujuscemodi

252 2339 402 2422 possibili
420 2339 479 2401 tibi
500 2339 696 2421 impleveris,
711 2340 800 2402 dicas
814 2358 852 2401 ex
868 2338 974 2402 animo
997 2361 1005 2400 ι
1062 2339 1186 2421 aperire
1201 2340 1311 2402 oculos
1332 2342 1425 2403 tuost
1441 2339 1540 2402 David
1562 2357 1687 2421 quoque
1705 2362 1711 2401 :
1728 2338 1809 2414 Quid
1823 2358 1957 2407 rannus.

252 2436 345 2501 Nihil
360 2437 553 2518 condignum
570 2436 660 2499 valeo
675 2437 799 2501 Christo
819 2437 1005 2518 rependere,
1062 2446 1112 2501 ost
1135 2437 1241 2516 bomo,
1267 2436 1344 2518 quia
1368 2436 1533 2500 innotuisti
1562 2437 1615 2500 eit
1639 2444 1694 2499 aut
1720 2436 1810 2499 filius

252 2535 340 2597 nibil
360 2536 509 2599 idoneum
529 2534 689 2612 exhibere,
706 2535 802 2597 etiam
821 2535 847 2597 si
865 2554 922 2617 per
939 2534 1011 2597 mil·
1063 2534 1213 2611 bominis,
1237 2534 1313 2617 quia
1337 2543 1464 2617 reputas
1489 2538 1585 2598 euml
1605 2535 1643 2597 Et
1668 2554 1777 2597 rursus
1800 2558 1808 2596 ε

253 2633 303 2697 lia
328 2652 482 2697 annorum
509 2634 605 2697 corde
627 2641 659 2695 et
681 2650 736 2697 ore
759 2633 876 2714 gratias
900 2650 1006 2715 egero,
1063 2633 1143 2708 Quid
1158 2633 1327 2713 esthemo,
1343 2633 1427 2715 quod
1451 2650 1573 2697 memor
1593 2652 1627 2696 es
1648 2634 1742 2715 ejusl
1758 2641 1813 2697 aut
1825 2654 1866 2697 ra.
1878 2666 1922 2705 un,
1937 2655 1958 2697 s.

252 2750 451 2813 omnemque
475 2731 697 2795 adversitatem
722 2740 754 2794 et
780 2732 868 2794 mille
890 2738 1008 2793 mortes
1065 2732 1153 2794 filius
1178 2730 1330 2811 bominis,
1352 2730 1502 2812 quoniam
1525 2730 1638 2795 visitas
1662 2734 1759 2795 euml
1779 2730 1811 2794 Si

101 2866 116 2895 a
141 2851 234 2898 aaa.
253 2830 416 2913 patienter
438 2829 609 2911 pertulero.
640 2830 701 2892 Sed
729 2829 875 2909 benedic,
902 2828 1009 2891 anima
1064 2831 1103 2893 de
1131 2829 1354 2911 hujuscemodi
1383 2828 1437 2892 Dei
1467 2829 1700 2893 illuminatione
1728 2830 1813 2893 facta

253 2948 343 3007 mea,
358 2928 502 3005 Domino,
519 2936 551 2991 et
569 2928 634 2991 noli
658 2927 802 2991 oblivisci
827 2945 939 2989 omnes
960 2946 1009 2989 re
1063 2927 1240 3007 bomini,et
1255 2929 1293 2990 de
1309 2926 1509 3009 providentia
1523 2927 1577 2989 Dei
1594 2928 1632 2989 ad
1648 2927 1812 2991 bominem

70 3052 77 3064 ·
135 3062 174 3095 .1.
202 3050 234 3089 a.
253 3026 449 3089 tributiones
463 3026 545 3107 ejus.
555 3025 594 3088 Et
607 3026 694 3088 dicas
707 3050 714 3088 :
728 3024 911 3087 Fasciculus
926 3044 1009 3107 myr·
1027 3026 1049 3089 G
1065 3025 1098 3087 in
1114 3034 1236 3088 tantum
1251 3024 1398 3087 admirati
1414 3032 1489 3087 sunt
1503 3024 1563 3087 viri
1579 3024 1729 3106 profundi
1746 3044 1814 3087 sen·

252 3126 326 3187 rbae
339 3124 473 3186 dilectus
488 3142 578 3186 meus
593 3123 693 3198 mibi3
713 3123 797 3185 inter
817 3122 915 3184 ubem
938 3142 1008 3184 mea
1064 3132 1294 3205 sus,quantum
1309 3123 1406 3185 debes
1422 3122 1530 3185 mirari
1547 3123 1632 3203 quod
1647 3122 1714 3203 ipse
1730 3123 1811 3185 Deus

226 3274 235 3286 .
254 3221 517 3287 commorabitur.
527 3220 648 3283 Gratias
662 3221 786 3302 agimus
801 3219 1008 3299 tibi‚Domine
1064 3221 1239 3303 majestatis
1255 3222 1418 3284 immensas
1433 3238 1491 3302 pro
1505 3220 1636 3284 bomine
1656 3221 1813 3283 redimen-

253 3322 344 3383 Deus
366 3320 581 3401 omnipotens,
605 3318 659 3399 qui
684 3317 832 3400 accepisti
858 3318 1006 3381 virtutem
1062 3321 1104 3383 do
1129 3339 1165 3382 ac
1191 3318 1403 3382 beatificando
1430 3318 1532 3380 factus
1553 3327 1601 3381 est
1620 3318 1727 3397 bomo,
1744 3338 1813 3381 sus-

254 3428 347 3482 tuam
367 3436 527 3499 magnam,
543 3425 574 3479 et
599 3416 785 3499 expugnasti
811 3416 1008 3479 adversarias
1063 3437 1181 3499 pensus
1197 3418 1230 3479 in
1246 3418 1343 3498 ligno,
1361 3416 1534 3479 exstinctus
1551 3417 1583 3478 in
1595 3420 1706 3479 orucef
1721 3417 1811 3480 Certe

255 3524 444 3600 potestates,
460 3523 493 3577 et
507 3516 644 3597 regnasti
661 3514 694 3576 in
710 3515 794 3577 vasis
808 3534 878 3596 quae
892 3514 939 3576 eis
960 3514 1007 3575 di·
1062 3533 1127 3578 non
1149 3535 1186 3577 ea
1210 3514 1363 3577 facilitate
1389 3514 1551 3576 hominem
1577 3514 1725 3577 liberavit
1746 3533 1810 3595 qua

69 3656 96 3683 ι.
114 3652 173 3685 un.
208 3638 237 3677 ε.
256 3615 397 3697 ripuisti,
414 3612 544 3677 fortium
557 3612 704 3676 dividens
718 3612 831 3695 spolia,
848 3612 1006 3695 captivam
1063 3633 1136 3676 eum
1152 3612 1281 3675 creavit.
1300 3611 1372 3675 Solo
1392 3613 1484 3693 jussu
1504 3612 1645 3690 creavit;
1663 3621 1763 3675 morte
1779 3620 1810 3675 et

177 3712 238 3745 ‘¹¹’
255 3714 401 3778 feliciter
413 3713 535 3776 ducens
549 3710 762 3793 captivitatem
778 3719 851 3774 ante
870 3710 1007 3773 infelici-
1063 3711 1228 3793 sanguine,
1256 3709 1364 3773 dolore
1395 3718 1545 3787 extremo,
1572 3710 1678 3773 labore
1707 3710 1810 3772 duris-

256 3822 311 3875 ter
330 3812 534 3893 captivatam.
1063 3811 1144 3872 simo
1173 3828 1246 3871 eum
1275 3808 1420 3887 redemit,
1449 3807 1717 3888 quemadmodum
1753 3827 1810 3889 per

300 3910 380 3973 Vide
393 3909 530 3992 qualiter
543 3908 663 3989 lloyses
681 3918 713 3971 et
731 3908 792 3971 filii
811 3908 919 3985 lsrael,
934 3907 1007 3970 sub
1061 3908 1176 3970 isaiam
1205 3906 1347 3989 predixit
1374 3930 1381 3969 :
1408 3905 1533 3969 Servire
1562 3925 1612 3969 me
1640 3905 1745 3969 fecisti
1776 3906 1808 3968 in
1824 3924 1954 3976 asamar.

256 4010 376 4074 mersis
399 4007 564 4091 AEgyptiis,
584 4006 703 4088 gratias
727 4005 858 4069 Domino
883 4006 1006 4068 cecine
1062 4005 1202 4089 peccatis
1225 4006 1299 4069 tuis.

50 4140 239 4189 emuna.
257 4116 347 4185 runt,
368 4126 387 4168 a
410 4104 574 4187 temporali
599 4102 743 4186 periculo
766 4102 888 4165 liberati
907 4126 914 4164 :
931 4102 1010 4165 Gan·
1103 4105 1273 4167 Satvarus.
1289 4103 1366 4166 -Ο
1390 4103 1492 4166 virtus
1516 4112 1547 4165 ot
1570 4104 1729 4185 Sapientia
1753 4103 1808 4166 Dei
1825 4124 1955 4175 iconias

257 4215 366 4270 temus
399 4202 529 4284 (inquit)
563 4200 718 4279 Domino,
751 4200 888 4282 gloriose
921 4200 1007 4264 enim
1023 4204 1173 4281 Matris,
1190 4210 1220 4265 et
1235 4221 1293 4284 ego
1312 4203 1400 4283 juxta
1421 4202 1608 4285 parvitatem
1631 4201 1810 4284 intelligen-

257 4301 487 4385 magnificatus
500 4308 560 4379 est,
576 4308 637 4363 etc.
656 4300 733 4362 vide
754 4318 796 4361 ne
816 4318 890 4363 cum
906 4299 1009 4382 ingra-
1064 4302 1113 4365 tim
1129 4321 1206 4365 meae
1229 4302 1304 4363 bino
1319 4302 1526 4365 vehementer
1547 4300 1695 4381 admiror,
1712 4310 1744 4364 et
1758 4302 1813 4363 ad-

258 4404 302 4467 tis
328 4419 438 4485 pereas
462 4397 623 4477 israelitis,
646 4398 699 4478 qui
727 4398 869 4479 priorum
889 4397 1009 4459 benefi-
1064 4400 1220 4477 mirando,
1243 4417 1371 4479 prorsus
1395 4418 1445 4461 me
1471 4398 1610 4461 deficere
1637 4397 1757 4475 fateor,
1780 4407 1812 4461 et

53 4532 132 4579 ram
145 4542 202 4575 m,
212 4528 241 4574 a,
257 4502 386 4565 ciorum
400 4496 605 4577 obliti,paulo
620 4504 691 4577 post
705 4504 834 4577 propter
847 4496 1008 4559 alimonia·
1063 4517 1127 4579 quo
1147 4497 1331 4578 diligentius
1358 4496 1514 4577 inspicere
1535 4495 1631 4573 nitor,
1647 4514 1684 4559 eo
1709 4496 1810 4577 magis

51 4606 86 4643 ³·
258 4618 333 4662 rum
355 4602 632 4659 murmuraverunt
652 4592 825 4657 defectum.
1064 4595 1260 4657 reverberor.
1287 4594 1403 4655 l'erum
1432 4592 1492 4655 hoc
1517 4611 1573 4673 pro
1597 4612 1668 4655 mea
1691 4594 1809 4656 salubri

301 4698 472 4759 Sauvarus.
488 4692 647 4756 —Passio
666 4701 730 4772 tua,
747 4693 889 4771 Domine,
905 4694 1008 4757 modis
1064 4693 1288 4755 informatione
1308 4691 1414 4769 elicio,
1430 4691 1513 4772 quod
1534 4690 1597 4752 nisi
1616 4692 1744 4773 grandis
1764 4712 1812 4755 es-

256 4794 421 4881 praemctis
436 4800 531 4874 atque
556 4791 724 4873 tangendis
744 4792 927 4873 recogitata,
945 4801 1007 4854 tam
1064 4801 1112 4854 set
1136 4791 1273 4855 bominis
1298 4810 1393 4853 causa
1417 4809 1490 4851 cum
1515 4789 1590 4864 Deo,
1611 4809 1811 4872 nequaquam

258 4892 443 4970 salubriter,
473 4899 538 4953 tam
571 4889 782 4952 exuberanter
808 4909 846 4952 ac
873 4891 1009 4953 dulciter
1064 4899 1111 4953 tot
1124 4898 1155 4952 et
1171 4898 1256 4952 tanta
1272 4890 1353 4951 [icus
1374 4887 1609 4969 assumpsisset,
1628 4887 1755 4951 fecisset
1774 4908 1811 4951 aa

257 4994 321 5058 alit
333 4999 486 5068 mentem,
508 4996 546 5050 ut
558 5007 649 5051 mens
665 4987 697 5048 iu
717 4987 783 5050 fide
802 4988 1009 5069 providentie
1065 4987 1247 5069 pertulisset
1263 5005 1318 5068 pro
1334 4984 1473 5049 homine.
1490 4986 1528 5048 Et
1548 4987 1676 5067 quidem
1692 4987 1731 5049 de
1747 5006 1811 5048 ma-

258 5103 324 5157 tuae
352 5088 436 5152 bene
470 5086 613 5165 fundata,
642 5085 863 5167 equanimiter
896 5086 1011 5149 debeat
1064 5086 1231 5167 gnitudine
1254 5085 1351 5166 hujus
1373 5104 1476 5147 causae
1502 5084 1629 5147 instruit
1650 5103 1707 5147 nos
1729 5084 1812 5149 Sori-

256 5190 433 5266 sustinere‚
449 5186 546 5249 etiam
561 5184 588 5246 si
604 5202 668 5265 pre
682 5184 825 5267 corporei
841 5184 904 5247 cibi
924 5185 1011 5248 defe-
1066 5194 1168 5266 ptura,
1195 5183 1345 5246 videlicet
1367 5183 1452 5264 quod
1481 5190 1609 5264 propter
1636 5184 1681 5245 tui
1711 5184 1810 5264 ipsius

255 5300 318 5355 ctu
338 5285 420 5351 mori
441 5284 575 5346 sinatur.
1066 5284 1196 5363 claram,
1213 5281 1495 5364 supernaturalem,
1517 5280 1745 5362 immediatam,
1765 5282 1812 5349 fa-
