<?xml version="1.0" encoding="UTF-8"?>
<!DOCTYPE html PUBLIC "-//W3C//DTD XHTML 1.0 Transitional//EN"
    "http://www.w3.org/TR/xhtml1/DTD/xhtml1-transitional.dtd">
<html xmlns="http://www.w3.org/1999/xhtml" xml:lang="en" lang="en">
 <head>
  <title>
</title>
<meta http-equiv="Content-Type" content="text/html;charset=utf-8" />
  <meta name='ocr-system' content='tesseract 3.04.00' />
  <meta name='ocr-capabilities' content='ocr_page ocr_carea ocr_par ocr_line ocrx_word'/>
</head>
<body>
  <div class='ocr_page' id='page_1' title='image "./doctorisecstati02unkngoog_0523.png"; bbox 0 0 4309 6259; ppageno 0'>
   <div class='ocr_carea' id='block_1_1' title="bbox 432 473 1721 557">
    <p class='ocr_par' dir='ltr' id='par_1_1' title="bbox 432 473 1721 557">
     <span class='ocr_line' id='line_1_1' title="bbox 432 473 1721 557; baseline -0.005 -10"><span class='ocrx_word' id='word_1_1' title='bbox 432 500 472 547; x_wconf 87' lang='lat' dir='ltr'><strong>ns</strong></span> <span class='ocrx_word' id='word_1_2' title='bbox 492 499 650 550; x_wconf 78' lang='lat' dir='ltr'><strong>rancomo</strong></span> <span class='ocrx_word' id='word_1_3' title='bbox 670 500 708 547; x_wconf 81' lang='lat' dir='ltr'><strong>rr</strong></span> <span class='ocrx_word' id='word_1_4' title='bbox 728 497 892 547; x_wconf 77' lang='lat' dir='ltr'><strong>uternam</strong></span> <span class='ocrx_word' id='word_1_5' title='bbox 911 498 1028 557; x_wconf 76' lang='lat' dir='ltr'><strong>asara,</strong></span> <span class='ocrx_word' id='word_1_6' title='bbox 1050 498 1139 547; x_wconf 81' lang='lat' dir='ltr'><strong>arasa</strong></span> <span class='ocrx_word' id='word_1_7' title='bbox 1160 498 1180 545; x_wconf 91' lang='lat' dir='ltr'><strong>r.</strong></span> <span class='ocrx_word' id='word_1_8' title='bbox 1203 518 1244 529; x_wconf 98' lang='lat'>-</span> <span class='ocrx_word' id='word_1_9' title='bbox 1263 499 1333 546; x_wconf 81' lang='lat' dir='ltr'><strong>am.</strong></span> <span class='ocrx_word' id='word_1_10' title='bbox 1356 498 1454 545; x_wconf 83' lang='lat' dir='ltr'><strong>mm</strong></span> <span class='ocrx_word' id='word_1_11' title='bbox 1661 473 1721 541; x_wconf 81' lang='lat' dir='ltr'><strong>tot</strong></span> 
     </span>
    </p>
   </div>
   <div class='ocr_carea' id='block_1_2' title="bbox 36 664 1876 3400">
    <p class='ocr_par' dir='ltr' id='par_1_2' title="bbox 36 664 1876 3400">
     <span class='ocr_line' id='line_1_2' title="bbox 170 664 1723 755; baseline -0.003 -23"><span class='ocrx_word' id='word_1_12' title='bbox 170 669 198 732; x_wconf 93' lang='lat' dir='ltr'><strong>ti</strong></span> <span class='ocrx_word' id='word_1_13' title='bbox 227 688 313 748; x_wconf 88' lang='lat' dir='ltr'><strong>eum,</strong></span> <span class='ocrx_word' id='word_1_14' title='bbox 338 688 359 734; x_wconf 95' lang='lat' dir='ltr'><strong>o</strong></span> <span class='ocrx_word' id='word_1_15' title='bbox 386 670 530 752; x_wconf 85' lang='lat' dir='ltr'><strong>Domina,</strong></span> <span class='ocrx_word' id='word_1_16' title='bbox 556 672 628 736; x_wconf 91' lang='lat' dir='ltr'><strong>visu</strong></span> <span class='ocrx_word' id='word_1_17' title='bbox 655 672 847 755; x_wconf 73' lang='lat' dir='ltr'><strong>adspexisti!</strong></span> <span class='ocrx_word' id='word_1_18' title='bbox 873 672 919 733; x_wconf 87' lang='lat' dir='ltr'><strong>Tu</strong></span> <span class='ocrx_word' id='word_1_19' title='bbox 933 670 959 733; x_wconf 82' lang='grc' dir='ltr'>Α</span> <span class='ocrx_word' id='word_1_20' title='bbox 975 678 1175 753; x_wconf 82' lang='lat' dir='ltr'><strong>aestuansque</strong></span> <span class='ocrx_word' id='word_1_21' title='bbox 1204 690 1304 751; x_wconf 89' lang='lat' dir='ltr'><strong>amor,</strong></span> <span class='ocrx_word' id='word_1_22' title='bbox 1334 670 1494 752; x_wconf 90' lang='lat' dir='ltr'><strong>inquietus</strong></span> <span class='ocrx_word' id='word_1_23' title='bbox 1522 676 1582 747; x_wconf 90' lang='grc' dir='ltr'>θεῖ,</span> <span class='ocrx_word' id='word_1_24' title='bbox 1612 664 1723 729; x_wconf 89' lang='lat' dir='ltr'><strong>incitat</strong></span> 
     </span>
     <span class='ocr_line' id='line_1_3' title="bbox 171 765 1721 851; baseline -0.003 -22"><span class='ocrx_word' id='word_1_25' title='bbox 171 768 293 850; x_wconf 84' lang='lat' dir='ltr'>quippe</span> <span class='ocrx_word' id='word_1_26' title='bbox 308 788 382 832; x_wconf 86' lang='lat' dir='ltr'><strong>aum</strong></span> <span class='ocrx_word' id='word_1_27' title='bbox 397 787 553 848; x_wconf 87' lang='lat' dir='ltr'><strong>noveras;</strong></span> <span class='ocrx_word' id='word_1_28' title='bbox 569 788 634 834; x_wconf 93' lang='lat' dir='ltr'><strong>non</strong></span> <span class='ocrx_word' id='word_1_29' title='bbox 648 778 680 833; x_wconf 90' lang='lat' dir='ltr'><strong>te</strong></span> <span class='ocrx_word' id='word_1_30' title='bbox 698 770 790 833; x_wconf 90' lang='lat' dir='ltr'><strong>latuit</strong></span> <span class='ocrx_word' id='word_1_31' title='bbox 811 769 920 832; x_wconf 93' lang='lat' dir='ltr'><strong>mundi</strong></span> <span class='ocrx_word' id='word_1_32' title='bbox 974 778 1146 849; x_wconf 86' lang='lat' dir='ltr'><strong>amantem,</strong></span> <span class='ocrx_word' id='word_1_33' title='bbox 1159 770 1322 834; x_wconf 89' lang='lat' dir='ltr'><strong>continere</strong></span> <span class='ocrx_word' id='word_1_34' title='bbox 1338 788 1372 832; x_wconf 90' lang='lat' dir='ltr'><strong>se</strong></span> <span class='ocrx_word' id='word_1_35' title='bbox 1387 769 1506 851; x_wconf 87' lang='lat' dir='ltr'><strong>nequit,</strong></span> <span class='ocrx_word' id='word_1_36' title='bbox 1521 765 1661 831; x_wconf 87' lang='lat' dir='ltr'><strong>aliundit</strong></span> <span class='ocrx_word' id='word_1_37' title='bbox 1676 783 1721 841; x_wconf 89' lang='lat' dir='ltr'><strong>se,</strong></span> 
     </span>
     <span class='ocr_line' id='line_1_4' title="bbox 171 865 1725 949; baseline -0.003 -20"><span class='ocrx_word' id='word_1_38' title='bbox 171 885 248 929; x_wconf 89' lang='lat' dir='ltr'><strong>eum</strong></span> <span class='ocrx_word' id='word_1_39' title='bbox 270 875 445 931; x_wconf 79' lang='lat' dir='ltr'><strong>creatorem</strong></span> <span class='ocrx_word' id='word_1_40' title='bbox 464 887 547 947; x_wconf 90' lang='lat' dir='ltr'><strong>esse,</strong></span> <span class='ocrx_word' id='word_1_41' title='bbox 564 869 753 932; x_wconf 86' lang='lat' dir='ltr'><strong>salvatorem</strong></span> <span class='ocrx_word' id='word_1_42' title='bbox 777 888 815 931; x_wconf 91' lang='lat' dir='ltr'><strong>ac</strong></span> <span class='ocrx_word' id='word_1_43' title='bbox 838 867 921 949; x_wconf 83' lang='lat' dir='ltr'><strong>judi·</strong></span> <span class='ocrx_word' id='word_1_44' title='bbox 975 876 1007 930; x_wconf 92' lang='lat' dir='ltr'><strong>et</strong></span> <span class='ocrx_word' id='word_1_45' title='bbox 1031 868 1075 931; x_wconf 90' lang='lat' dir='ltr'><strong>nil</strong></span> <span class='ocrx_word' id='word_1_46' title='bbox 1096 868 1214 932; x_wconf 89' lang='lat' dir='ltr'><strong>dilecto</strong></span> <span class='ocrx_word' id='word_1_47' title='bbox 1233 868 1302 931; x_wconf 89' lang='lat' dir='ltr'><strong>vult</strong></span> <span class='ocrx_word' id='word_1_48' title='bbox 1324 887 1393 931; x_wconf 91' lang='grc' dir='ltr'>θεεθ</span> <span class='ocrx_word' id='word_1_49' title='bbox 1416 865 1637 931; x_wconf 89' lang='lat' dir='ltr'><strong>absconditum</strong></span> <span class='ocrx_word' id='word_1_50' title='bbox 1651 885 1659 939; x_wconf 80' lang='lat'><em>3</em></span> <span class='ocrx_word' id='word_1_51' title='bbox 1675 868 1725 925; x_wconf 97' lang='grc' dir='ltr'>θεῖ</span> 
     </span>
     <span class='ocr_line' id='line_1_5' title="bbox 172 963 1722 1047; baseline -0.003 -19"><span class='ocrx_word' id='word_1_52' title='bbox 172 984 257 1028; x_wconf 90' lang='lat' dir='ltr'><strong>cem.</strong></span> <span class='ocrx_word' id='word_1_53' title='bbox 273 963 352 1040; x_wconf 81' lang='lat' dir='ltr'><strong>Quid</strong></span> <span class='ocrx_word' id='word_1_54' title='bbox 366 965 438 1045; x_wconf 89' lang='lat' dir='ltr'><strong>tibi,</strong></span> <span class='ocrx_word' id='word_1_55' title='bbox 454 984 473 1029; x_wconf 96' lang='lat' dir='ltr'><strong>o</strong></span> <span class='ocrx_word' id='word_1_56' title='bbox 488 966 571 1030; x_wconf 89' lang='lat' dir='ltr'><strong>bona</strong></span> <span class='ocrx_word' id='word_1_57' title='bbox 586 966 795 1047; x_wconf 90' lang='lat' dir='ltr'><strong>amabilisque</strong></span> <span class='ocrx_word' id='word_1_58' title='bbox 813 966 918 1044; x_wconf 85' lang='lat' dir='ltr'><strong>Maria,</strong></span> <span class='ocrx_word' id='word_1_59' title='bbox 976 966 1105 1029; x_wconf 91' lang='lat' dir='ltr'><strong>demum</strong></span> <span class='ocrx_word' id='word_1_60' title='bbox 1135 966 1219 1030; x_wconf 92' lang='lat' dir='ltr'><strong>modi</strong></span> <span class='ocrx_word' id='word_1_61' title='bbox 1254 965 1392 1046; x_wconf 88' lang='lat' dir='ltr'><strong>nescius,</strong></span> <span class='ocrx_word' id='word_1_62' title='bbox 1424 964 1571 1028; x_wconf 74' lang='lat' dir='ltr'><strong>ecstasim</strong></span> <span class='ocrx_word' id='word_1_63' title='bbox 1602 968 1722 1039; x_wconf 91' lang='lat' dir='ltr'><strong>causat,</strong></span> 
     </span>
     <span class='ocr_line' id='line_1_6' title="bbox 171 1059 1726 1145; baseline -0.003 -20"><span class='ocrx_word' id='word_1_64' title='bbox 171 1064 304 1140; x_wconf 89' lang='lat' dir='ltr'><strong>mentis,</strong></span> <span class='ocrx_word' id='word_1_65' title='bbox 320 1063 397 1143; x_wconf 93' lang='lat' dir='ltr'><strong>quid</strong></span> <span class='ocrx_word' id='word_1_66' title='bbox 412 1064 517 1145; x_wconf 90' lang='lat' dir='ltr'><strong>gaudii</strong></span> <span class='ocrx_word' id='word_1_67' title='bbox 536 1065 664 1143; x_wconf 80' lang='lat' dir='ltr'><strong>exstitit,</strong></span> <span class='ocrx_word' id='word_1_68' title='bbox 680 1065 757 1127; x_wconf 92' lang='lat' dir='ltr'><strong>dum</strong></span> <span class='ocrx_word' id='word_1_69' title='bbox 776 1083 850 1127; x_wconf 89' lang='lat' dir='ltr'><strong>eum</strong></span> <span class='ocrx_word' id='word_1_70' title='bbox 873 1083 921 1127; x_wconf 91' lang='lat' dir='ltr'><strong>sa-</strong></span> <span class='ocrx_word' id='word_1_71' title='bbox 977 1072 1072 1145; x_wconf 91' lang='lat' dir='ltr'><strong>atque</strong></span> <span class='ocrx_word' id='word_1_72' title='bbox 1086 1064 1119 1126; x_wconf 92' lang='lat' dir='ltr'><strong>in</strong></span> <span class='ocrx_word' id='word_1_73' title='bbox 1135 1064 1229 1127; x_wconf 91' lang='lat' dir='ltr'><strong>amati</strong></span> <span class='ocrx_word' id='word_1_74' title='bbox 1242 1064 1282 1143; x_wconf 93' lang='lat' dir='ltr'><strong>(si</strong></span> <span class='ocrx_word' id='word_1_75' title='bbox 1298 1064 1395 1142; x_wconf 90' lang='lat' dir='ltr'><strong>valet)</strong></span> <span class='ocrx_word' id='word_1_76' title='bbox 1411 1063 1574 1144; x_wconf 83' lang='lat' dir='ltr'><strong>amplexus</strong></span> <span class='ocrx_word' id='word_1_77' title='bbox 1589 1059 1726 1142; x_wconf 91' lang='lat' dir='ltr'><strong>prolabi-</strong></span> 
     </span>
     <span class='ocr_line' id='line_1_7' title="bbox 171 1158 1724 1243; baseline -0.003 -20"><span class='ocrx_word' id='word_1_78' title='bbox 171 1160 345 1243; x_wconf 84' lang='lat' dir='ltr'><strong>gaeissima</strong></span> <span class='ocrx_word' id='word_1_79' title='bbox 359 1170 466 1223; x_wconf 88' lang='lat' dir='ltr'><strong>mente</strong></span> <span class='ocrx_word' id='word_1_80' title='bbox 481 1170 703 1243; x_wconf 89' lang='lat' dir='ltr'><strong>conspectans,</strong></span> <span class='ocrx_word' id='word_1_81' title='bbox 719 1160 922 1243; x_wconf 91' lang='lat' dir='ltr'><strong>diligentissi·</strong></span> <span class='ocrx_word' id='word_1_82' title='bbox 977 1170 1039 1225; x_wconf 91' lang='lat' dir='ltr'><strong>tur.</strong></span> <span class='ocrx_word' id='word_1_83' title='bbox 1069 1163 1219 1243; x_wconf 86' lang='lat' dir='ltr'><strong>Ideoque,</strong></span> <span class='ocrx_word' id='word_1_84' title='bbox 1250 1163 1276 1224; x_wconf 91' lang='lat' dir='ltr'><strong>si</strong></span> <span class='ocrx_word' id='word_1_85' title='bbox 1304 1170 1426 1225; x_wconf 88' lang='lat' dir='ltr'><strong>amator</strong></span> <span class='ocrx_word' id='word_1_86' title='bbox 1453 1180 1499 1239; x_wconf 89' lang='lat' dir='ltr'><strong>es,</strong></span> <span class='ocrx_word' id='word_1_87' title='bbox 1530 1162 1557 1224; x_wconf 93' lang='lat' dir='ltr'><strong>si</strong></span> <span class='ocrx_word' id='word_1_88' title='bbox 1583 1158 1724 1223; x_wconf 90' lang='lat' dir='ltr'><strong>divinam</strong></span> 
     </span>
     <span class='ocr_line' id='line_1_8' title="bbox 172 1256 1726 1341; baseline -0.003 -20"><span class='ocrx_word' id='word_1_89' title='bbox 172 1259 402 1340; x_wconf 88' lang='lat' dir='ltr'><strong>moquecorde</strong></span> <span class='ocrx_word' id='word_1_90' title='bbox 417 1259 651 1341; x_wconf 72' lang='lat' dir='ltr'><strong>universaquae</strong></span> <span class='ocrx_word' id='word_1_91' title='bbox 669 1268 704 1321; x_wconf 92' lang='lat' dir='ltr'><strong>tu</strong></span> <span class='ocrx_word' id='word_1_92' title='bbox 723 1260 793 1340; x_wconf 90' lang='lat' dir='ltr'><strong>ipsa</strong></span> <span class='ocrx_word' id='word_1_93' title='bbox 807 1258 847 1321; x_wconf 87' lang='lat' dir='ltr'><strong>de</strong></span> <span class='ocrx_word' id='word_1_94' title='bbox 867 1258 922 1321; x_wconf 92' lang='lat' dir='ltr'><strong>illo</strong></span> <span class='ocrx_word' id='word_1_95' title='bbox 977 1268 1150 1341; x_wconf 91' lang='lat' dir='ltr'><strong>utcumque</strong></span> <span class='ocrx_word' id='word_1_96' title='bbox 1182 1258 1427 1323; x_wconf 78' lang='lat' dir='ltr'><strong>familiaritatem</strong></span> <span class='ocrx_word' id='word_1_97' title='bbox 1456 1256 1726 1321; x_wconf 89' lang='lat' dir='ltr'><strong>benevolentiam-</strong></span> 
     </span>
     <span class='ocr_line' id='line_1_9' title="bbox 172 1354 1727 1440; baseline -0.002 -22"><span class='ocrx_word' id='word_1_98' title='bbox 172 1375 321 1438; x_wconf 88' lang='lat' dir='ltr'><strong>noveras,</strong></span> <span class='ocrx_word' id='word_1_99' title='bbox 338 1376 494 1435; x_wconf 89' lang='lat' dir='ltr'><strong>senseras,</strong></span> <span class='ocrx_word' id='word_1_100' title='bbox 510 1358 647 1437; x_wconf 89' lang='lat' dir='ltr'><strong>videras,</strong></span> <span class='ocrx_word' id='word_1_101' title='bbox 662 1357 808 1420; x_wconf 75' lang='lat' dir='ltr'><strong>audieras</strong></span> <span class='ocrx_word' id='word_1_102' title='bbox 828 1364 922 1437; x_wconf 90' lang='lat' dir='ltr'><strong>atque</strong></span> <span class='ocrx_word' id='word_1_103' title='bbox 977 1377 1038 1439; x_wconf 90' lang='lat' dir='ltr'><strong>que</strong></span> <span class='ocrx_word' id='word_1_104' title='bbox 1053 1365 1202 1439; x_wconf 84' lang='lat' dir='ltr'><strong>expertus</strong></span> <span class='ocrx_word' id='word_1_105' title='bbox 1216 1376 1262 1439; x_wconf 83' lang='lat' dir='ltr'><strong>aa,</strong></span> <span class='ocrx_word' id='word_1_106' title='bbox 1279 1357 1407 1421; x_wconf 82' lang='lat' dir='ltr'><strong>intende</strong></span> <span class='ocrx_word' id='word_1_107' title='bbox 1421 1375 1479 1440; x_wconf 92' lang='lat' dir='ltr'><strong>pro</strong></span> <span class='ocrx_word' id='word_1_108' title='bbox 1498 1354 1621 1420; x_wconf 90' lang='lat' dir='ltr'><strong>viribus</strong></span> <span class='ocrx_word' id='word_1_109' title='bbox 1641 1370 1727 1435; x_wconf 78' lang='lat' dir='ltr'><strong>que-</strong></span> 
     </span>
     <span class='ocr_line' id='line_1_10' title="bbox 38 1454 1727 1537; baseline -0.004 -16"><span class='ocrx_word' id='word_1_110' title='bbox 38 1490 74 1521; x_wconf 64' lang='lat' dir='ltr'><strong>a.</strong></span> <span class='ocrx_word' id='word_1_111' title='bbox 93 1478 155 1527; x_wconf 62' lang='lat' dir='ltr'><strong>aro.</strong></span> <span class='ocrx_word' id='word_1_112' title='bbox 173 1456 356 1518; x_wconf 82' lang='lat' dir='ltr'><strong>credideras</strong></span> <span class='ocrx_word' id='word_1_113' title='bbox 371 1456 643 1535; x_wconf 86' lang='lat' dir='ltr'><strong>revolvens,hunc</strong></span> <span class='ocrx_word' id='word_1_114' title='bbox 657 1456 696 1519; x_wconf 93' lang='lat' dir='ltr'><strong>de</strong></span> <span class='ocrx_word' id='word_1_115' title='bbox 710 1473 774 1537; x_wconf 90' lang='lat' dir='ltr'><strong>quo</strong></span> <span class='ocrx_word' id='word_1_116' title='bbox 786 1454 923 1537; x_wconf 88' lang='lat' dir='ltr'><strong>Prophe-</strong></span> <span class='ocrx_word' id='word_1_117' title='bbox 978 1474 1052 1518; x_wconf 90' lang='lat' dir='ltr'><strong>nam</strong></span> <span class='ocrx_word' id='word_1_118' title='bbox 1065 1456 1219 1535; x_wconf 89' lang='lat' dir='ltr'><strong>vicissim,</strong></span> <span class='ocrx_word' id='word_1_119' title='bbox 1228 1456 1411 1519; x_wconf 85' lang='lat' dir='ltr'><strong>stimulante</strong></span> <span class='ocrx_word' id='word_1_120' title='bbox 1422 1456 1622 1534; x_wconf 89' lang='lat' dir='ltr'><strong>amore,lesu</strong></span> <span class='ocrx_word' id='word_1_121' title='bbox 1632 1460 1727 1533; x_wconf 90' lang='lat' dir='ltr'><strong>atque</strong></span> 
     </span>
     <span class='ocr_line' id='line_1_11' title="bbox 38 1551 1724 1637; baseline -0.002 -20"><span class='ocrx_word' id='word_1_122' title='bbox 38 1586 82 1629; x_wconf 65' lang='lat' dir='ltr'><strong>qq.</strong></span> <span class='ocrx_word' id='word_1_123' title='bbox 98 1577 156 1623; x_wconf 70' lang='lat' dir='ltr'><strong>aa.</strong></span> <span class='ocrx_word' id='word_1_124' title='bbox 172 1560 217 1615; x_wconf 71' lang='lat' dir='ltr'><strong>tae</strong></span> <span class='ocrx_word' id='word_1_125' title='bbox 231 1572 250 1615; x_wconf 93' lang='lat' dir='ltr'><strong>a</strong></span> <span class='ocrx_word' id='word_1_126' title='bbox 264 1552 381 1616; x_wconf 82' lang='lat' dir='ltr'><strong>saeeulo</strong></span> <span class='ocrx_word' id='word_1_127' title='bbox 400 1553 561 1616; x_wconf 91' lang='lat' dir='ltr'><strong>vaticinati</strong></span> <span class='ocrx_word' id='word_1_128' title='bbox 582 1553 719 1633; x_wconf 87' lang='lat' dir='ltr'><strong>inerant,</strong></span> <span class='ocrx_word' id='word_1_129' title='bbox 737 1553 923 1634; x_wconf 90' lang='lat' dir='ltr'><strong>cunctisque</strong></span> <span class='ocrx_word' id='word_1_130' title='bbox 978 1554 1079 1618; x_wconf 81' lang='lat' dir='ltr'><strong>Mariae</strong></span> <span class='ocrx_word' id='word_1_131' title='bbox 1114 1554 1203 1619; x_wconf 86' lang='lat' dir='ltr'><strong>luere</strong></span> <span class='ocrx_word' id='word_1_132' title='bbox 1239 1554 1407 1637; x_wconf 88' lang='lat' dir='ltr'><strong>colloquia,</strong></span> <span class='ocrx_word' id='word_1_133' title='bbox 1442 1573 1528 1617; x_wconf 90' lang='lat' dir='ltr'><strong>nunc</strong></span> <span class='ocrx_word' id='word_1_134' title='bbox 1562 1551 1724 1628; x_wconf 85' lang='lat' dir='ltr'><strong>mentalis,</strong></span> 
     </span>
     <span class='ocr_line' id='line_1_12' title="bbox 171 1650 1729 1735; baseline 0 -22"><span class='ocrx_word' id='word_1_135' title='bbox 171 1650 326 1731; x_wconf 89' lang='lat' dir='ltr'><strong>gentibus</strong></span> <span class='ocrx_word' id='word_1_136' title='bbox 349 1650 573 1732; x_wconf 88' lang='lat' dir='ltr'><strong>desideratum,</strong></span> <span class='ocrx_word' id='word_1_137' title='bbox 594 1651 770 1730; x_wconf 84' lang='lat' dir='ltr'><strong>noscebas3</strong></span> <span class='ocrx_word' id='word_1_138' title='bbox 791 1651 868 1714; x_wconf 94' lang='lat' dir='ltr'><strong>dum</strong></span> <span class='ocrx_word' id='word_1_139' title='bbox 893 1658 923 1712; x_wconf 92' lang='lat' dir='ltr'><strong>te</strong></span> <span class='ocrx_word' id='word_1_140' title='bbox 978 1673 1064 1716; x_wconf 92' lang='lat' dir='ltr'><strong>nunc</strong></span> <span class='ocrx_word' id='word_1_141' title='bbox 1086 1671 1213 1735; x_wconf 90' lang='lat' dir='ltr'><strong>quoque</strong></span> <span class='ocrx_word' id='word_1_142' title='bbox 1237 1652 1372 1717; x_wconf 87' lang='lat' dir='ltr'><strong>vocalia.</strong></span> <span class='ocrx_word' id='word_1_143' title='bbox 1389 1652 1549 1733; x_wconf 88' lang='lat' dir='ltr'><strong>Numquid</strong></span> <span class='ocrx_word' id='word_1_144' title='bbox 1574 1650 1729 1713; x_wconf 79' lang='lat' dir='ltr'><strong>allectuo</strong></span> 
     </span>
     <span class='ocr_line' id='line_1_13' title="bbox 172 1748 1728 1833; baseline -0.001 -23"><span class='ocrx_word' id='word_1_145' title='bbox 172 1748 224 1811; x_wconf 92' lang='lat' dir='ltr'><strong>sic</strong></span> <span class='ocrx_word' id='word_1_146' title='bbox 243 1750 284 1811; x_wconf 89' lang='lat' dir='ltr'><strong>ab</strong></span> <span class='ocrx_word' id='word_1_147' title='bbox 303 1766 341 1813; x_wconf 88' lang='lat' dir='ltr'><strong>eo</strong></span> <span class='ocrx_word' id='word_1_148' title='bbox 360 1749 495 1812; x_wconf 89' lang='lat' dir='ltr'><strong>electam</strong></span> <span class='ocrx_word' id='word_1_149' title='bbox 519 1748 730 1831; x_wconf 86' lang='lat' dir='ltr'><strong>dilectamque</strong></span> <span class='ocrx_word' id='word_1_150' title='bbox 754 1749 921 1831; x_wconf 90' lang='lat' dir='ltr'><strong>pensahas,</strong></span> <span class='ocrx_word' id='word_1_151' title='bbox 978 1752 1104 1815; x_wconf 90' lang='lat' dir='ltr'><strong>sissima</strong></span> <span class='ocrx_word' id='word_1_152' title='bbox 1121 1770 1210 1815; x_wconf 91' lang='lat' dir='ltr'><strong>mens</strong></span> <span class='ocrx_word' id='word_1_153' title='bbox 1225 1751 1280 1813; x_wconf 89' lang='lat' dir='ltr'><strong>illa</strong></span> <span class='ocrx_word' id='word_1_154' title='bbox 1295 1758 1389 1833; x_wconf 88' lang='lat' dir='ltr'><strong>atque</strong></span> <span class='ocrx_word' id='word_1_155' title='bbox 1411 1758 1563 1829; x_wconf 87' lang='lat' dir='ltr'><strong>materna,</strong></span> <span class='ocrx_word' id='word_1_156' title='bbox 1581 1757 1613 1811; x_wconf 92' lang='grc' dir='ltr'>θῖ</span> <span class='ocrx_word' id='word_1_157' title='bbox 1630 1748 1728 1809; x_wconf 81' lang='lat' dir='ltr'><strong>Filius</strong></span> 
     </span>
     <span class='ocr_line' id='line_1_14' title="bbox 171 1845 1726 1932; baseline -0.001 -24"><span class='ocrx_word' id='word_1_158' title='bbox 171 1854 211 1908; x_wconf 89' lang='lat' dir='ltr'><strong>nt</strong></span> <span class='ocrx_word' id='word_1_159' title='bbox 231 1856 262 1909; x_wconf 89' lang='lat' dir='ltr'><strong>te</strong></span> <span class='ocrx_word' id='word_1_160' title='bbox 280 1847 314 1910; x_wconf 94' lang='lat' dir='ltr'><strong>in</strong></span> <span class='ocrx_word' id='word_1_161' title='bbox 334 1855 480 1927; x_wconf 85' lang='lat' dir='ltr'><strong>matrem,</strong></span> <span class='ocrx_word' id='word_1_162' title='bbox 495 1848 642 1911; x_wconf 78' lang='lat' dir='ltr'><strong>humana</strong></span> <span class='ocrx_word' id='word_1_163' title='bbox 662 1865 788 1929; x_wconf 92' lang='lat' dir='ltr'><strong>quoque</strong></span> <span class='ocrx_word' id='word_1_164' title='bbox 813 1847 924 1909; x_wconf 90' lang='lat' dir='ltr'><strong>salutis</strong></span> <span class='ocrx_word' id='word_1_165' title='bbox 941 1850 966 1913; x_wconf 91' lang='lat' dir='ltr'><strong>B</strong></span> <span class='ocrx_word' id='word_1_166' title='bbox 980 1850 1065 1913; x_wconf 90' lang='lat' dir='ltr'><strong>mitis</strong></span> <span class='ocrx_word' id='word_1_167' title='bbox 1080 1869 1117 1913; x_wconf 90' lang='lat' dir='ltr'><strong>ac</strong></span> <span class='ocrx_word' id='word_1_168' title='bbox 1133 1849 1262 1912; x_wconf 91' lang='lat' dir='ltr'><strong>humilis</strong></span> <span class='ocrx_word' id='word_1_169' title='bbox 1277 1850 1410 1932; x_wconf 80' lang='lat' dir='ltr'><strong>ipseque</strong></span> <span class='ocrx_word' id='word_1_170' title='bbox 1426 1847 1539 1912; x_wconf 87' lang='lat' dir='ltr'><strong>caritas</strong></span> <span class='ocrx_word' id='word_1_171' title='bbox 1561 1845 1726 1923; x_wconf 84' lang='lat' dir='ltr'><strong>exsistens,</strong></span> 
     </span>
     <span class='ocr_line' id='line_1_15' title="bbox 172 1944 1730 2030; baseline 0 -23"><span class='ocrx_word' id='word_1_172' title='bbox 172 1944 439 2027; x_wconf 86' lang='lat' dir='ltr'><strong>cooperatricem,</strong></span> <span class='ocrx_word' id='word_1_173' title='bbox 456 1945 632 2008; x_wconf 85' lang='lat' dir='ltr'><strong>condiderit</strong></span> <span class='ocrx_word' id='word_1_174' title='bbox 654 1945 793 2025; x_wconf 87' lang='lat' dir='ltr'><strong>itemque</strong></span> <span class='ocrx_word' id='word_1_175' title='bbox 818 1964 925 2007; x_wconf 74' lang='lat' dir='ltr'><strong>susce</strong></span> <span class='ocrx_word' id='word_1_176' title='bbox 979 1950 1020 2013; x_wconf 90' lang='lat' dir='ltr'><strong>ab</strong></span> <span class='ocrx_word' id='word_1_177' title='bbox 1048 1949 1167 2012; x_wconf 91' lang='lat' dir='ltr'><strong>amoris</strong></span> <span class='ocrx_word' id='word_1_178' title='bbox 1192 1948 1361 2030; x_wconf 87' lang='lat' dir='ltr'><strong>colloquio,</strong></span> <span class='ocrx_word' id='word_1_179' title='bbox 1385 1967 1403 2009; x_wconf 92' lang='lat' dir='ltr'><strong>a</strong></span> <span class='ocrx_word' id='word_1_180' title='bbox 1427 1945 1588 2028; x_wconf 79' lang='lat' dir='ltr'><strong>dignitatis</strong></span> <span class='ocrx_word' id='word_1_181' title='bbox 1611 1961 1730 2027; x_wconf 81' lang='lat' dir='ltr'><strong>praeco-</strong></span> 
     </span>
     <span class='ocr_line' id='line_1_16' title="bbox 169 2042 1730 2125; baseline 0.001 -22"><span class='ocrx_word' id='word_1_182' title='bbox 169 2043 279 2125; x_wconf 89' lang='lat' dir='ltr'><strong>perit;</strong></span> <span class='ocrx_word' id='word_1_183' title='bbox 304 2044 381 2106; x_wconf 89' lang='lat' dir='ltr'><strong>dum</strong></span> <span class='ocrx_word' id='word_1_184' title='bbox 404 2043 541 2125; x_wconf 91' lang='lat' dir='ltr'><strong>denique</strong></span> <span class='ocrx_word' id='word_1_185' title='bbox 565 2062 639 2106; x_wconf 92' lang='lat' dir='ltr'><strong>eum</strong></span> <span class='ocrx_word' id='word_1_186' title='bbox 662 2042 719 2106; x_wconf 90' lang='lat' dir='ltr'><strong>tibi</strong></span> <span class='ocrx_word' id='word_1_187' title='bbox 745 2051 809 2106; x_wconf 91' lang='lat' dir='ltr'><strong>tam</strong></span> <span class='ocrx_word' id='word_1_188' title='bbox 833 2042 926 2106; x_wconf 86' lang='lat' dir='ltr'><strong>iami—</strong></span> <span class='ocrx_word' id='word_1_189' title='bbox 979 2048 1045 2125; x_wconf 95' lang='lat' dir='ltr'><strong>nio,</strong></span> <span class='ocrx_word' id='word_1_190' title='bbox 1062 2066 1081 2109; x_wconf 90' lang='lat' dir='ltr'><strong>a</strong></span> <span class='ocrx_word' id='word_1_191' title='bbox 1098 2047 1327 2110; x_wconf 89' lang='lat' dir='ltr'><strong>desideriomm</strong></span> <span class='ocrx_word' id='word_1_192' title='bbox 1352 2045 1468 2109; x_wconf 91' lang='lat' dir='ltr'><strong>indicio</strong></span> <span class='ocrx_word' id='word_1_193' title='bbox 1492 2043 1652 2107; x_wconf 89' lang='lat' dir='ltr'><strong>abstinere</strong></span> <span class='ocrx_word' id='word_1_194' title='bbox 1676 2061 1730 2105; x_wconf 92' lang='lat' dir='ltr'><strong>va-</strong></span> 
     </span>
     <span class='ocr_line' id='line_1_17' title="bbox 170 2140 1111 2223; baseline 0.002 -20"><span class='ocrx_word' id='word_1_195' title='bbox 170 2140 305 2219; x_wconf 90' lang='lat' dir='ltr'><strong>liariter,</strong></span> <span class='ocrx_word' id='word_1_196' title='bbox 327 2140 479 2220; x_wconf 79' lang='lat' dir='ltr'><strong>filialiter,</strong></span> <span class='ocrx_word' id='word_1_197' title='bbox 498 2141 660 2205; x_wconf 89' lang='lat' dir='ltr'><strong>humiliter</strong></span> <span class='ocrx_word' id='word_1_198' title='bbox 683 2150 926 2223; x_wconf 90' lang='lat' dir='ltr'><strong>reverenterque</strong></span> <span class='ocrx_word' id='word_1_199' title='bbox 981 2145 1111 2207; x_wconf 81' lang='lat' dir='ltr'><strong>labanti</strong></span> 
     </span>
     <span class='ocr_line' id='line_1_18' title="bbox 171 2237 1729 2323; baseline -0.003 -20"><span class='ocrx_word' id='word_1_200' title='bbox 171 2239 358 2303; x_wconf 88' lang='lat' dir='ltr'><strong>conversari</strong></span> <span class='ocrx_word' id='word_1_201' title='bbox 377 2239 561 2319; x_wconf 82' lang='lat' dir='ltr'><strong>intendisti3</strong></span> <span class='ocrx_word' id='word_1_202' title='bbox 577 2241 654 2303; x_wconf 93' lang='lat' dir='ltr'><strong>dum</strong></span> <span class='ocrx_word' id='word_1_203' title='bbox 677 2241 847 2323; x_wconf 91' lang='lat' dir='ltr'><strong>puerulum</strong></span> <span class='ocrx_word' id='word_1_204' title='bbox 871 2240 925 2302; x_wconf 91' lang='lat' dir='ltr'><strong>ad·</strong></span> <span class='ocrx_word' id='word_1_205' title='bbox 1021 2241 1147 2304; x_wconf 82' lang='lat' dir='ltr'><strong>Aiiatur</strong></span> <span class='ocrx_word' id='word_1_206' title='bbox 1171 2240 1277 2321; x_wconf 88' lang='lat' dir='ltr'><strong>itaque</strong></span> <span class='ocrx_word' id='word_1_207' title='bbox 1305 2258 1454 2323; x_wconf 88' lang='lat' dir='ltr'><strong>sponsam</strong></span> <span class='ocrx_word' id='word_1_208' title='bbox 1480 2240 1608 2301; x_wconf 89' lang='lat' dir='ltr'><strong>llatrem</strong></span> <span class='ocrx_word' id='word_1_209' title='bbox 1633 2237 1729 2300; x_wconf 80' lang='lat' dir='ltr'><strong>Vilius</strong></span> 
     </span>
     <span class='ocr_line' id='line_1_19' title="bbox 171 2336 1876 2421; baseline -0.001 -23"><span class='ocrx_word' id='word_1_210' title='bbox 171 2338 252 2417; x_wconf 89' lang='lat' dir='ltr'><strong>hnc,</strong></span> <span class='ocrx_word' id='word_1_211' title='bbox 269 2346 412 2400; x_wconf 89' lang='lat' dir='ltr'><strong>materna</strong></span> <span class='ocrx_word' id='word_1_212' title='bbox 426 2338 613 2401; x_wconf 88' lang='lat' dir='ltr'><strong>auctoritate</strong></span> <span class='ocrx_word' id='word_1_213' title='bbox 628 2356 686 2420; x_wconf 94' lang='lat' dir='ltr'><strong>pro</strong></span> <span class='ocrx_word' id='word_1_214' title='bbox 701 2338 791 2402; x_wconf 90' lang='lat' dir='ltr'><strong>libito</strong></span> <span class='ocrx_word' id='word_1_215' title='bbox 807 2344 927 2401; x_wconf 91' lang='lat' dir='ltr'><strong>contre·</strong></span> <span class='ocrx_word' id='word_1_216' title='bbox 982 2358 1119 2421; x_wconf 87' lang='lat' dir='ltr'><strong>sponsus</strong></span> <span class='ocrx_word' id='word_1_217' title='bbox 1137 2362 1144 2399; x_wconf 90' lang='lat'>:</span> <span class='ocrx_word' id='word_1_218' title='bbox 1162 2339 1238 2401; x_wconf 82' lang='lat' dir='ltr'><strong>Tota</strong></span> <span class='ocrx_word' id='word_1_219' title='bbox 1259 2337 1394 2421; x_wconf 89' lang='lat' dir='ltr'><strong>pulchra</strong></span> <span class='ocrx_word' id='word_1_220' title='bbox 1415 2356 1460 2418; x_wconf 91' lang='lat' dir='ltr'><strong>es,</strong></span> <span class='ocrx_word' id='word_1_221' title='bbox 1478 2336 1579 2399; x_wconf 91' lang='lat' dir='ltr'><strong>amica</strong></span> <span class='ocrx_word' id='word_1_222' title='bbox 1601 2354 1682 2412; x_wconf 91' lang='lat' dir='ltr'><strong>mea,</strong></span> <span class='ocrx_word' id='word_1_223' title='bbox 1699 2340 1731 2397; x_wconf 91' lang='lat' dir='ltr'><strong>et</strong></span> <span class='ocrx_word' id='word_1_224' title='bbox 1746 2354 1876 2405; x_wconf 60' lang='lat' dir='ltr'><strong>sasima.</strong></span> 
     </span>
     <span class='ocr_line' id='line_1_20' title="bbox 171 2433 1870 2515; baseline 0.001 -18"><span class='ocrx_word' id='word_1_225' title='bbox 171 2433 465 2515; x_wconf 82' lang='lat' dir='ltr'><strong>ctasti,amplexata</strong></span> <span class='ocrx_word' id='word_1_226' title='bbox 479 2434 725 2515; x_wconf 90' lang='lat' dir='ltr'><strong>deosculataque</strong></span> <span class='ocrx_word' id='word_1_227' title='bbox 740 2433 926 2515; x_wconf 83' lang='lat' dir='ltr'><strong>luistitlpse</strong></span> <span class='ocrx_word' id='word_1_228' title='bbox 981 2437 1107 2501; x_wconf 88' lang='lat' dir='ltr'><strong>macula</strong></span> <span class='ocrx_word' id='word_1_229' title='bbox 1131 2455 1194 2501; x_wconf 92' lang='lat' dir='ltr'><strong>non</strong></span> <span class='ocrx_word' id='word_1_230' title='bbox 1219 2436 1323 2499; x_wconf 90' lang='lat' dir='ltr'><strong>estin</strong></span> <span class='ocrx_word' id='word_1_231' title='bbox 1351 2444 1393 2499; x_wconf 88' lang='lat' dir='ltr'><strong>te.</strong></span> <span class='ocrx_word' id='word_1_232' title='bbox 1415 2435 1453 2498; x_wconf 83' lang='lat' dir='ltr'><strong>llt</strong></span> <span class='ocrx_word' id='word_1_233' title='bbox 1475 2436 1529 2498; x_wconf 92' lang='lat' dir='ltr'><strong>illa</strong></span> <span class='ocrx_word' id='word_1_234' title='bbox 1557 2457 1563 2497; x_wconf 95' lang='lat'><strong>:</strong></span> <span class='ocrx_word' id='word_1_235' title='bbox 1589 2433 1671 2497; x_wconf 85' lang='lat' dir='ltr'><strong>Eece</strong></span> <span class='ocrx_word' id='word_1_236' title='bbox 1696 2440 1730 2496; x_wconf 91' lang='lat' dir='ltr'><strong>tu</strong></span> <span class='ocrx_word' id='word_1_237' title='bbox 1745 2452 1870 2504; x_wconf 63' lang='lat' dir='ltr'><strong>raucis.</strong></span> 
     </span>
     <span class='ocr_line' id='line_1_21' title="bbox 172 2531 1731 2617; baseline -0.002 -22"><span class='ocrx_word' id='word_1_238' title='bbox 172 2540 226 2595; x_wconf 90' lang='lat' dir='ltr'><strong>est</strong></span> <span class='ocrx_word' id='word_1_239' title='bbox 250 2531 347 2612; x_wconf 89' lang='lat' dir='ltr'><strong>enim,</strong></span> <span class='ocrx_word' id='word_1_240' title='bbox 370 2550 389 2595; x_wconf 94' lang='lat' dir='ltr'><strong>o</strong></span> <span class='ocrx_word' id='word_1_241' title='bbox 413 2532 544 2614; x_wconf 79' lang='lat' dir='ltr'><strong>Regina,</strong></span> <span class='ocrx_word' id='word_1_242' title='bbox 566 2532 751 2614; x_wconf 87' lang='lat' dir='ltr'><strong>angelorum</strong></span> <span class='ocrx_word' id='word_1_243' title='bbox 775 2531 924 2611; x_wconf 90' lang='lat' dir='ltr'><strong>ielicitas,</strong></span> <span class='ocrx_word' id='word_1_244' title='bbox 981 2535 1115 2617; x_wconf 90' lang='lat' dir='ltr'><strong>pulcher</strong></span> <span class='ocrx_word' id='word_1_245' title='bbox 1129 2554 1175 2615; x_wconf 89' lang='lat' dir='ltr'><strong>as,</strong></span> <span class='ocrx_word' id='word_1_246' title='bbox 1188 2534 1303 2598; x_wconf 89' lang='lat' dir='ltr'><strong>dilecta</strong></span> <span class='ocrx_word' id='word_1_247' title='bbox 1317 2534 1372 2612; x_wconf 92' lang='lat' dir='ltr'><strong>mi,</strong></span> <span class='ocrx_word' id='word_1_248' title='bbox 1386 2540 1417 2597; x_wconf 92' lang='grc' dir='ltr'>θῖ</span> <span class='ocrx_word' id='word_1_249' title='bbox 1432 2533 1576 2597; x_wconf 88' lang='lat' dir='ltr'><strong>decorus.</strong></span> <span class='ocrx_word' id='word_1_250' title='bbox 1589 2531 1731 2613; x_wconf 88' lang='lat' dir='ltr'><strong>Denique</strong></span> 
     </span>
     <span class='ocr_line' id='line_1_22' title="bbox 172 2629 1864 2717; baseline 0.001 -26"><span class='ocrx_word' id='word_1_251' title='bbox 172 2629 278 2691; x_wconf 91' lang='lat' dir='ltr'><strong>virtus</strong></span> <span class='ocrx_word' id='word_1_252' title='bbox 312 2630 532 2711; x_wconf 85' lang='lat' dir='ltr'><strong>sapientiaque</strong></span> <span class='ocrx_word' id='word_1_253' title='bbox 563 2630 673 2693; x_wconf 88' lang='lat' dir='ltr'><strong>Patris.</strong></span> <span class='ocrx_word' id='word_1_254' title='bbox 704 2630 743 2693; x_wconf 84' lang='lat' dir='ltr'><strong>Et</strong></span> <span class='ocrx_word' id='word_1_255' title='bbox 777 2649 875 2710; x_wconf 91' lang='lat' dir='ltr'><strong>nunc,</strong></span> <span class='ocrx_word' id='word_1_256' title='bbox 906 2649 925 2694; x_wconf 94' lang='grc' dir='ltr'>ο</span> <span class='ocrx_word' id='word_1_257' title='bbox 981 2632 1206 2717; x_wconf 81' lang='lat' dir='ltr'><strong>paranymphis</strong></span> <span class='ocrx_word' id='word_1_258' title='bbox 1222 2633 1357 2715; x_wconf 88' lang='lat' dir='ltr'><strong>loquens</strong></span> <span class='ocrx_word' id='word_1_259' title='bbox 1371 2632 1615 2715; x_wconf 87' lang='lat' dir='ltr'><strong>sponsus:Sicut</strong></span> <span class='ocrx_word' id='word_1_260' title='bbox 1629 2630 1731 2693; x_wconf 91' lang='lat' dir='ltr'><strong>lilium</strong></span> <span class='ocrx_word' id='word_1_261' title='bbox 1744 2648 1864 2701; x_wconf 61' lang='lat' dir='ltr'><strong>resana.</strong></span> 
     </span>
     <span class='ocr_line' id='line_1_23' title="bbox 173 2727 1731 2813; baseline -0.001 -24"><span class='ocrx_word' id='word_1_262' title='bbox 173 2746 304 2790; x_wconf 87' lang='lat' dir='ltr'><strong>summa</strong></span> <span class='ocrx_word' id='word_1_263' title='bbox 318 2727 424 2805; x_wconf 89' lang='lat' dir='ltr'><strong>llaria,</strong></span> <span class='ocrx_word' id='word_1_264' title='bbox 440 2746 514 2790; x_wconf 89' lang='lat' dir='ltr'><strong>eum</strong></span> <span class='ocrx_word' id='word_1_265' title='bbox 530 2728 710 2809; x_wconf 91' lang='lat' dir='ltr'><strong>possedisti,</strong></span> <span class='ocrx_word' id='word_1_266' title='bbox 727 2727 756 2790; x_wconf 91' lang='lat' dir='ltr'><strong>ei</strong></span> <span class='ocrx_word' id='word_1_267' title='bbox 777 2727 926 2791; x_wconf 78' lang='lat' dir='ltr'><strong>convive</strong></span> <span class='ocrx_word' id='word_1_268' title='bbox 980 2732 1110 2813; x_wconf 88' lang='lat' dir='ltr'><strong>(inquit)</strong></span> <span class='ocrx_word' id='word_1_269' title='bbox 1130 2731 1213 2793; x_wconf 86' lang='lat' dir='ltr'><strong>inter</strong></span> <span class='ocrx_word' id='word_1_270' title='bbox 1232 2731 1350 2812; x_wconf 89' lang='lat' dir='ltr'><strong>spinas,</strong></span> <span class='ocrx_word' id='word_1_271' title='bbox 1369 2730 1416 2792; x_wconf 92' lang='lat' dir='ltr'><strong>sic</strong></span> <span class='ocrx_word' id='word_1_272' title='bbox 1435 2730 1539 2793; x_wconf 89' lang='lat' dir='ltr'><strong>amica</strong></span> <span class='ocrx_word' id='word_1_273' title='bbox 1557 2748 1628 2791; x_wconf 91' lang='lat' dir='ltr'><strong>mea</strong></span> <span class='ocrx_word' id='word_1_274' title='bbox 1648 2728 1731 2789; x_wconf 88' lang='lat' dir='ltr'><strong>inter</strong></span> 
     </span>
     <span class='ocr_line' id='line_1_24' title="bbox 37 2825 1729 2909; baseline -0.002 -18"><span class='ocrx_word' id='word_1_275' title='bbox 37 2851 158 2901; x_wconf 55' lang='lat' dir='ltr'><strong>vemat.</strong></span> <span class='ocrx_word' id='word_1_276' title='bbox 174 2828 236 2889; x_wconf 86' lang='lat' dir='ltr'><strong>bas</strong></span> <span class='ocrx_word' id='word_1_277' title='bbox 250 2835 284 2889; x_wconf 91' lang='lat' dir='ltr'><strong>et</strong></span> <span class='ocrx_word' id='word_1_278' title='bbox 298 2826 345 2889; x_wconf 93' lang='lat' dir='ltr'><strong>illi</strong></span> <span class='ocrx_word' id='word_1_279' title='bbox 360 2826 559 2909; x_wconf 87' lang='lat' dir='ltr'><strong>providebas,</strong></span> <span class='ocrx_word' id='word_1_280' title='bbox 576 2826 610 2888; x_wconf 92' lang='lat' dir='ltr'><strong>in</strong></span> <span class='ocrx_word' id='word_1_281' title='bbox 625 2825 719 2908; x_wconf 81' lang='lat' dir='ltr'><strong>cujus</strong></span> <span class='ocrx_word' id='word_1_282' title='bbox 733 2846 830 2889; x_wconf 91' lang='lat' dir='ltr'><strong>manu</strong></span> <span class='ocrx_word' id='word_1_283' title='bbox 851 2836 926 2889; x_wconf 91' lang='lat' dir='ltr'><strong>sunt</strong></span> <span class='ocrx_word' id='word_1_284' title='bbox 980 2830 1074 2893; x_wconf 82' lang='lat' dir='ltr'><strong>silias.</strong></span> <span class='ocrx_word' id='word_1_285' title='bbox 1097 2829 1191 2893; x_wconf 90' lang='lat' dir='ltr'><strong>Porro</strong></span> <span class='ocrx_word' id='word_1_286' title='bbox 1211 2829 1266 2892; x_wconf 91' lang='lat' dir='ltr'><strong>illa</strong></span> <span class='ocrx_word' id='word_1_287' title='bbox 1285 2828 1387 2892; x_wconf 88' lang='lat' dir='ltr'><strong>vicem</strong></span> <span class='ocrx_word' id='word_1_288' title='bbox 1414 2827 1525 2891; x_wconf 89' lang='lat' dir='ltr'><strong>volans</strong></span> <span class='ocrx_word' id='word_1_289' title='bbox 1549 2826 1729 2905; x_wconf 81' lang='lat' dir='ltr'><strong>refundere,</strong></span> 
     </span>
     <span class='ocr_line' id='line_1_25' title="bbox 36 2924 1727 3010; baseline -0.004 -19"><span class='ocrx_word' id='word_1_290' title='bbox 36 2950 64 2992; x_wconf 73' lang='lat' dir='ltr'><strong>a.</strong></span> <span class='ocrx_word' id='word_1_291' title='bbox 90 2962 159 2999; x_wconf 68' lang='lat' dir='ltr'><strong>am,</strong></span> <span class='ocrx_word' id='word_1_292' title='bbox 174 2944 291 2988; x_wconf 90' lang='lat' dir='ltr'><strong>omnes</strong></span> <span class='ocrx_word' id='word_1_293' title='bbox 306 2924 389 2988; x_wconf 83' lang='lat' dir='ltr'><strong>fines</strong></span> <span class='ocrx_word' id='word_1_294' title='bbox 404 2933 506 3005; x_wconf 84' lang='lat' dir='ltr'><strong>terrae,</strong></span> <span class='ocrx_word' id='word_1_295' title='bbox 522 2925 577 3007; x_wconf 92' lang='lat' dir='ltr'><strong>qui</strong></span> <span class='ocrx_word' id='word_1_296' title='bbox 597 2933 645 2987; x_wconf 90' lang='lat' dir='ltr'><strong>est</strong></span> <span class='ocrx_word' id='word_1_297' title='bbox 666 2924 738 2988; x_wconf 84' lang='lat' dir='ltr'><strong>lons</strong></span> <span class='ocrx_word' id='word_1_298' title='bbox 759 2925 844 3006; x_wconf 75' lang='lat' dir='ltr'><strong>vitas,</strong></span> <span class='ocrx_word' id='word_1_299' title='bbox 860 2945 927 2990; x_wconf 90' lang='lat' dir='ltr'><strong>om·</strong></span> <span class='ocrx_word' id='word_1_300' title='bbox 980 2930 1019 2991; x_wconf 92' lang='lat' dir='ltr'><strong>de</strong></span> <span class='ocrx_word' id='word_1_301' title='bbox 1035 2946 1152 3010; x_wconf 92' lang='lat' dir='ltr'><strong>sponso</strong></span> <span class='ocrx_word' id='word_1_302' title='bbox 1163 2927 1241 2991; x_wconf 81' lang='lat' dir='ltr'><strong>Filio</strong></span> <span class='ocrx_word' id='word_1_303' title='bbox 1256 2926 1493 2991; x_wconf 90' lang='lat' dir='ltr'><strong>adolescentulo</strong></span> <span class='ocrx_word' id='word_1_304' title='bbox 1508 2944 1579 2989; x_wconf 92' lang='lat' dir='ltr'><strong>orsa</strong></span> <span class='ocrx_word' id='word_1_305' title='bbox 1593 2924 1727 3007; x_wconf 91' lang='lat' dir='ltr'><strong>proiari:</strong></span> 
     </span>
     <span class='ocr_line' id='line_1_26' title="bbox 38 3014 1838 3126; baseline -0.001 -41"><span class='ocrx_word' id='word_1_306' title='bbox 38 3014 76 3117; x_wconf 34' lang='grc' dir='ltr'><strong>ᾗ..</strong></span> <span class='ocrx_word' id='word_1_307' title='bbox 87 3087 124 3126; x_wconf 38' lang='grc' dir='ltr'><strong>μ’</strong></span> <span class='ocrx_word' id='word_1_308' title='bbox 135 3076 157 3117; x_wconf 37' lang='lat'><strong>2·</strong></span> <span class='ocrx_word' id='word_1_309' title='bbox 175 3022 336 3104; x_wconf 90' lang='lat' dir='ltr'><strong>nibusque</strong></span> <span class='ocrx_word' id='word_1_310' title='bbox 351 3024 507 3105; x_wconf 89' lang='lat' dir='ltr'><strong>providet,</strong></span> <span class='ocrx_word' id='word_1_311' title='bbox 523 3032 555 3085; x_wconf 94' lang='lat' dir='ltr'><strong>et</strong></span> <span class='ocrx_word' id='word_1_312' title='bbox 569 3024 725 3087; x_wconf 91' lang='lat' dir='ltr'><strong>bonorum</strong></span> <span class='ocrx_word' id='word_1_313' title='bbox 745 3032 925 3087; x_wconf 92' lang='lat' dir='ltr'><strong>nostrorum</strong></span> <span class='ocrx_word' id='word_1_314' title='bbox 944 3027 1068 3092; x_wconf 86' lang='lat' dir='ltr'><strong>CSicut</strong></span> <span class='ocrx_word' id='word_1_315' title='bbox 1089 3025 1191 3089; x_wconf 92' lang='lat' dir='ltr'><strong>malus</strong></span> <span class='ocrx_word' id='word_1_316' title='bbox 1205 3024 1275 3105; x_wconf 91' lang='lat' dir='ltr'><strong>(ait)</strong></span> <span class='ocrx_word' id='word_1_317' title='bbox 1290 3026 1372 3088; x_wconf 82' lang='lat' dir='ltr'><strong>inter</strong></span> <span class='ocrx_word' id='word_1_318' title='bbox 1395 3025 1482 3106; x_wconf 87' lang='lat' dir='ltr'><strong>ligna</strong></span> <span class='ocrx_word' id='word_1_319' title='bbox 1504 3023 1667 3101; x_wconf 85' lang='lat' dir='ltr'><strong>silvarum,</strong></span> <span class='ocrx_word' id='word_1_320' title='bbox 1684 3022 1730 3084; x_wconf 91' lang='lat' dir='ltr'><strong>sic</strong></span> <span class='ocrx_word' id='word_1_321' title='bbox 1744 3040 1803 3085; x_wconf 77' lang='lat' dir='ltr'><strong>ase.</strong></span> <span class='ocrx_word' id='word_1_322' title='bbox 1818 3043 1838 3084; x_wconf 82' lang='lat' dir='ltr'><strong>a.</strong></span> 
     </span>
     <span class='ocr_line' id='line_1_27' title="bbox 175 3119 1870 3204; baseline 0 -20"><span class='ocrx_word' id='word_1_323' title='bbox 175 3141 244 3186; x_wconf 92' lang='lat' dir='ltr'><strong>non</strong></span> <span class='ocrx_word' id='word_1_324' title='bbox 266 3130 349 3204; x_wconf 86' lang='lat' dir='ltr'><strong>eget.</strong></span> <span class='ocrx_word' id='word_1_325' title='bbox 980 3125 1115 3187; x_wconf 89' lang='lat' dir='ltr'><strong>dilectus</strong></span> <span class='ocrx_word' id='word_1_326' title='bbox 1130 3143 1220 3187; x_wconf 91' lang='lat' dir='ltr'><strong>meus</strong></span> <span class='ocrx_word' id='word_1_327' title='bbox 1236 3123 1318 3186; x_wconf 89' lang='lat' dir='ltr'><strong>inter</strong></span> <span class='ocrx_word' id='word_1_328' title='bbox 1337 3123 1441 3201; x_wconf 73' lang='lat' dir='ltr'><strong>lilios,</strong></span> <span class='ocrx_word' id='word_1_329' title='bbox 1458 3129 1489 3185; x_wconf 90' lang='lat' dir='ltr'><strong>et</strong></span> <span class='ocrx_word' id='word_1_330' title='bbox 1510 3121 1614 3184; x_wconf 91' lang='lat' dir='ltr'><strong>denuo</strong></span> <span class='ocrx_word' id='word_1_331' title='bbox 1632 3143 1639 3181; x_wconf 92' lang='lat'>:</span> <span class='ocrx_word' id='word_1_332' title='bbox 1657 3119 1731 3181; x_wconf 82' lang='lat' dir='ltr'><strong>Ani·</strong></span> <span class='ocrx_word' id='word_1_333' title='bbox 1744 3138 1803 3183; x_wconf 79' lang='lat' dir='ltr'><strong>rara.</strong></span> <span class='ocrx_word' id='word_1_334' title='bbox 1814 3154 1835 3193; x_wconf 64' lang='lat' dir='ltr'><strong>a,</strong></span> <span class='ocrx_word' id='word_1_335' title='bbox 1848 3143 1870 3184; x_wconf 83' lang='lat' dir='ltr'><strong>a.</strong></span> 
     </span>
     <span class='ocr_line' id='line_1_28' title="bbox 980 3220 1730 3303; baseline -0.007 -18"><span class='ocrx_word' id='word_1_336' title='bbox 980 3243 1033 3285; x_wconf 92' lang='lat' dir='ltr'><strong>ma</strong></span> <span class='ocrx_word' id='word_1_337' title='bbox 1048 3241 1119 3285; x_wconf 89' lang='lat' dir='ltr'><strong>mea</strong></span> <span class='ocrx_word' id='word_1_338' title='bbox 1135 3221 1305 3303; x_wconf 80' lang='lat' dir='ltr'><strong>liquefacta</strong></span> <span class='ocrx_word' id='word_1_339' title='bbox 1324 3228 1372 3284; x_wconf 88' lang='lat' dir='ltr'><strong>est</strong></span> <span class='ocrx_word' id='word_1_340' title='bbox 1392 3230 1427 3283; x_wconf 92' lang='lat' dir='ltr'><strong>ut</strong></span> <span class='ocrx_word' id='word_1_341' title='bbox 1447 3220 1583 3283; x_wconf 89' lang='lat' dir='ltr'><strong>dilectus</strong></span> <span class='ocrx_word' id='word_1_342' title='bbox 1605 3220 1730 3282; x_wconf 89' lang='lat' dir='ltr'><strong>locutus</strong></span> 
     </span>
     <span class='ocr_line' id='line_1_29' title="bbox 981 3316 1730 3400; baseline -0.008 -17"><span class='ocrx_word' id='word_1_343' title='bbox 981 3328 1038 3383; x_wconf 89' lang='lat' dir='ltr'><strong>est.</strong></span> <span class='ocrx_word' id='word_1_344' title='bbox 1061 3319 1204 3400; x_wconf 88' lang='lat' dir='ltr'><strong>Denique</strong></span> <span class='ocrx_word' id='word_1_345' title='bbox 1229 3318 1392 3399; x_wconf 85' lang='lat' dir='ltr'><strong>Virginem</strong></span> <span class='ocrx_word' id='word_1_346' title='bbox 1418 3336 1567 3399; x_wconf 91' lang='lat' dir='ltr'><strong>sponsam</strong></span> <span class='ocrx_word' id='word_1_347' title='bbox 1592 3316 1730 3380; x_wconf 89' lang='lat' dir='ltr'><strong>invitans</strong></span> 
     </span>
    </p>
   </div>
   <div class='ocr_carea' id='block_1_3' title="bbox 335 3378 1876 3499">
    <p class='ocr_par' dir='ltr' id='par_1_3' title="bbox 335 3378 1876 3499">
     <span class='ocr_line' id='line_1_30' title="bbox 335 3378 1876 3499; baseline 0.01 -35"><span class='ocrx_word' id='word_1_348' title='bbox 335 3378 580 3443; x_wconf 68' lang='lat' dir='ltr'>ARTICULUS</span> <span class='ocrx_word' id='word_1_349' title='bbox 608 3378 770 3443; x_wconf 70' lang='lat' dir='ltr'>XXXHL</span> <span class='ocrx_word' id='word_1_350' title='bbox 981 3436 1118 3499; x_wconf 90' lang='lat' dir='ltr'><strong>sponsus</strong></span> <span class='ocrx_word' id='word_1_351' title='bbox 1149 3440 1156 3479; x_wconf 76' lang='grc' dir='ltr'>ε</span> <span class='ocrx_word' id='word_1_352' title='bbox 1188 3415 1323 3479; x_wconf 86' lang='lat' dir='ltr'><strong>Ostende</strong></span> <span class='ocrx_word' id='word_1_353' title='bbox 1353 3416 1428 3478; x_wconf 91' lang='lat' dir='ltr'><strong>mihi</strong></span> <span class='ocrx_word' id='word_1_354' title='bbox 1457 3416 1586 3497; x_wconf 92' lang='lat' dir='ltr'><strong>(inquit)</strong></span> <span class='ocrx_word' id='word_1_355' title='bbox 1614 3414 1730 3478; x_wconf 83' lang='lat' dir='ltr'><strong>faciem</strong></span> <span class='ocrx_word' id='word_1_356' title='bbox 1743 3434 1876 3487; x_wconf 58' lang='lat' dir='ltr'><strong>manas.</strong></span> 
     </span>
    </p>
   </div>
   <div class='ocr_carea' id='block_1_4' title="bbox 185 3514 1729 3691">
    <p class='ocr_par' dir='ltr' id='par_1_4' title="bbox 185 3514 1729 3691">
     <span class='ocr_line' id='line_1_31' title="bbox 185 3514 1729 3607; baseline -0.012 -13"><span class='ocrx_word' id='word_1_357' title='bbox 185 3530 237 3589; x_wconf 87' lang='lat' dir='ltr'><strong>De</strong></span> <span class='ocrx_word' id='word_1_358' title='bbox 251 3546 397 3587; x_wconf 70' lang='lat' dir='ltr'><strong>amorosa</strong></span> <span class='ocrx_word' id='word_1_359' title='bbox 411 3528 536 3589; x_wconf 75' lang='lat' dir='ltr'><strong>Christi</strong></span> <span class='ocrx_word' id='word_1_360' title='bbox 549 3529 731 3607; x_wconf 65' lang='lat' dir='ltr'><strong>ellarioeque</strong></span> <span class='ocrx_word' id='word_1_361' title='bbox 744 3530 911 3607; x_wconf 82' lang='lat' dir='ltr'><strong>colloquio.</strong></span> <span class='ocrx_word' id='word_1_362' title='bbox 982 3526 1088 3594; x_wconf 82' lang='lat' dir='ltr'><strong>tuam3</strong></span> <span class='ocrx_word' id='word_1_363' title='bbox 1105 3522 1195 3579; x_wconf 90' lang='lat' dir='ltr'><strong>sonet</strong></span> <span class='ocrx_word' id='word_1_364' title='bbox 1209 3532 1271 3577; x_wconf 86' lang='lat' dir='ltr'><strong>vox</strong></span> <span class='ocrx_word' id='word_1_365' title='bbox 1285 3523 1340 3577; x_wconf 94' lang='lat' dir='ltr'><strong>tua</strong></span> <span class='ocrx_word' id='word_1_366' title='bbox 1354 3514 1388 3575; x_wconf 94' lang='lat' dir='ltr'><strong>in</strong></span> <span class='ocrx_word' id='word_1_367' title='bbox 1403 3514 1534 3577; x_wconf 89' lang='lat' dir='ltr'><strong>auribus</strong></span> <span class='ocrx_word' id='word_1_368' title='bbox 1548 3514 1627 3576; x_wconf 91' lang='lat' dir='ltr'><strong>meis</strong></span> <span class='ocrx_word' id='word_1_369' title='bbox 1644 3536 1652 3575; x_wconf 77' lang='grc' dir='ltr'><strong>ι</strong></span> <span class='ocrx_word' id='word_1_370' title='bbox 1669 3531 1729 3577; x_wconf 89' lang='lat' dir='ltr'><strong>vox</strong></span> 
     </span>
     <span class='ocr_line' id='line_1_32' title="bbox 982 3612 1636 3691; baseline -0.003 -14"><span class='ocrx_word' id='word_1_371' title='bbox 982 3614 1066 3677; x_wconf 90' lang='lat' dir='ltr'><strong>enim</strong></span> <span class='ocrx_word' id='word_1_372' title='bbox 1083 3622 1136 3676; x_wconf 92' lang='lat' dir='ltr'><strong>tua</strong></span> <span class='ocrx_word' id='word_1_373' title='bbox 1149 3612 1265 3691; x_wconf 91' lang='lat' dir='ltr'><strong>dulcis,</strong></span> <span class='ocrx_word' id='word_1_374' title='bbox 1283 3620 1315 3675; x_wconf 91' lang='lat' dir='ltr'><strong>et</strong></span> <span class='ocrx_word' id='word_1_375' title='bbox 1329 3612 1428 3675; x_wconf 88' lang='lat' dir='ltr'><strong>iacies</strong></span> <span class='ocrx_word' id='word_1_376' title='bbox 1443 3620 1496 3673; x_wconf 88' lang='lat' dir='ltr'><strong>tna</strong></span> <span class='ocrx_word' id='word_1_377' title='bbox 1511 3614 1636 3676; x_wconf 88' lang='lat' dir='ltr'><strong>decora.</strong></span> 
     </span>
    </p>
   </div>
   <div class='ocr_carea' id='block_1_5' title="bbox 39 3710 1729 3793">
    <p class='ocr_par' dir='ltr' id='par_1_5' title="bbox 39 3710 1729 3793">
     <span class='ocr_line' id='line_1_33' title="bbox 39 3710 1729 3793; baseline -0.003 -16"><span class='ocrx_word' id='word_1_378' title='bbox 39 3734 105 3778; x_wconf 73' lang='lat' dir='ltr'><strong>Cant.</strong></span> <span class='ocrx_word' id='word_1_379' title='bbox 133 3748 157 3784; x_wconf 73' lang='lat' dir='ltr'><strong>a.</strong></span> <span class='ocrx_word' id='word_1_380' title='bbox 245 3718 282 3779; x_wconf 92' lang='lat' dir='ltr'><em>N</em></span> <span class='ocrx_word' id='word_1_381' title='bbox 291 3718 431 3776; x_wconf 80' lang='lat' dir='ltr'><strong>dilectus</strong></span> <span class='ocrx_word' id='word_1_382' title='bbox 450 3734 541 3774; x_wconf 84' lang='lat' dir='ltr'><strong>meus</strong></span> <span class='ocrx_word' id='word_1_383' title='bbox 560 3716 709 3793; x_wconf 82' lang='lat' dir='ltr'><strong>loquitur</strong></span> <span class='ocrx_word' id='word_1_384' title='bbox 723 3716 807 3774; x_wconf 76' lang='lat' dir='ltr'><strong>miti</strong></span> <span class='ocrx_word' id='word_1_385' title='bbox 820 3735 832 3773; x_wconf 89' lang='lat'><strong>.·</strong></span> <span class='ocrx_word' id='word_1_386' title='bbox 846 3718 927 3776; x_wconf 75' lang='lat' dir='ltr'><strong>Ecce</strong></span> <span class='ocrx_word' id='word_1_387' title='bbox 1020 3714 1102 3775; x_wconf 88' lang='lat' dir='ltr'><strong>Sunt</strong></span> <span class='ocrx_word' id='word_1_388' title='bbox 1135 3711 1266 3793; x_wconf 93' lang='lat' dir='ltr'><strong>proinde</strong></span> <span class='ocrx_word' id='word_1_389' title='bbox 1294 3710 1356 3774; x_wconf 90' lang='lat' dir='ltr'><strong>alia</strong></span> <span class='ocrx_word' id='word_1_390' title='bbox 1384 3728 1511 3791; x_wconf 89' lang='lat' dir='ltr'><strong>quoqne</strong></span> <span class='ocrx_word' id='word_1_391' title='bbox 1543 3710 1729 3773; x_wconf 89' lang='lat' dir='ltr'><strong>suavissima</strong></span> 
     </span>
    </p>
   </div>
   <div class='ocr_carea' id='block_1_6' title="bbox 36 3802 1730 3892">
    <p class='ocr_par' dir='ltr' id='par_1_6' title="bbox 36 3802 1730 3892">
     <span class='ocr_line' id='line_1_34' title="bbox 36 3802 1730 3892; baseline 0.005 -26"><span class='ocrx_word' id='word_1_392' title='bbox 36 3802 128 3849; x_wconf 54' lang='lat'><strong>⁰³¹³*</strong></span> <span class='ocrx_word' id='word_1_393' title='bbox 259 3824 296 3874; x_wconf 80' lang='lat' dir='ltr'><strong>tu</strong></span> <span class='ocrx_word' id='word_1_394' title='bbox 317 3814 459 3890; x_wconf 78' lang='lat' dir='ltr'><strong>pulchra</strong></span> <span class='ocrx_word' id='word_1_395' title='bbox 482 3833 527 3882; x_wconf 86' lang='lat' dir='ltr'><strong>es,</strong></span> <span class='ocrx_word' id='word_1_396' title='bbox 552 3814 658 3873; x_wconf 84' lang='lat' dir='ltr'><strong>amica</strong></span> <span class='ocrx_word' id='word_1_397' title='bbox 685 3831 768 3882; x_wconf 87' lang='lat' dir='ltr'><strong>mea,</strong></span> <span class='ocrx_word' id='word_1_398' title='bbox 793 3832 861 3871; x_wconf 86' lang='lat' dir='ltr'><strong>eece</strong></span> <span class='ocrx_word' id='word_1_399' title='bbox 890 3822 927 3873; x_wconf 84' lang='lat' dir='ltr'><strong>tu</strong></span> <span class='ocrx_word' id='word_1_400' title='bbox 981 3811 1089 3892; x_wconf 91' lang='lat' dir='ltr'><strong>sponsi</strong></span> <span class='ocrx_word' id='word_1_401' title='bbox 1115 3828 1303 3892; x_wconf 83' lang='lat' dir='ltr'><strong>sponsaeque</strong></span> <span class='ocrx_word' id='word_1_402' title='bbox 1328 3808 1499 3889; x_wconf 87' lang='lat' dir='ltr'><strong>colloquia,</strong></span> <span class='ocrx_word' id='word_1_403' title='bbox 1520 3827 1590 3888; x_wconf 83' lang='lat' dir='ltr'><strong>quae</strong></span> <span class='ocrx_word' id='word_1_404' title='bbox 1615 3826 1730 3890; x_wconf 77' lang='lat' dir='ltr'><strong>peres</strong></span> 
     </span>
    </p>
   </div>
   <div class='ocr_carea' id='block_1_7' title="bbox 36 3906 1732 5368">
    <p class='ocr_par' dir='ltr' id='par_1_7' title="bbox 36 3906 1732 5368">
     <span class='ocr_line' id='line_1_35' title="bbox 36 3906 1730 3993; baseline -0.005 -18"><span class='ocrx_word' id='word_1_405' title='bbox 36 3933 80 3975; x_wconf 71' lang='lat' dir='ltr'><strong>aaa.</strong></span> <span class='ocrx_word' id='word_1_406' title='bbox 91 3948 107 3984; x_wconf 70' lang='grc' dir='ltr'><strong>ι,</strong></span> <span class='ocrx_word' id='word_1_407' title='bbox 121 3935 157 3976; x_wconf 77' lang='lat' dir='ltr'><strong>ss.</strong></span> <span class='ocrx_word' id='word_1_408' title='bbox 169 3914 328 3991; x_wconf 74' lang='lat' dir='ltr'><strong>pulchra.</strong></span> <span class='ocrx_word' id='word_1_409' title='bbox 339 3911 405 3975; x_wconf 84' lang='lat' dir='ltr'><strong>Vos</strong></span> <span class='ocrx_word' id='word_1_410' title='bbox 419 3928 543 3993; x_wconf 84' lang='lat' dir='ltr'><strong>sponsae</strong></span> <span class='ocrx_word' id='word_1_411' title='bbox 560 3932 567 3970; x_wconf 90' lang='lat'>:</span> <span class='ocrx_word' id='word_1_412' title='bbox 585 3912 667 3971; x_wconf 78' lang='lat' dir='ltr'><strong>Eece</strong></span> <span class='ocrx_word' id='word_1_413' title='bbox 682 3918 718 3969; x_wconf 85' lang='lat' dir='ltr'><strong>tu</strong></span> <span class='ocrx_word' id='word_1_414' title='bbox 731 3914 869 3985; x_wconf 73' lang='lat' dir='ltr'><strong>pulcher</strong></span> <span class='ocrx_word' id='word_1_415' title='bbox 882 3931 925 3981; x_wconf 85' lang='lat' dir='ltr'><strong>es,</strong></span> <span class='ocrx_word' id='word_1_416' title='bbox 980 3910 1020 3972; x_wconf 91' lang='lat' dir='ltr'><strong>ad</strong></span> <span class='ocrx_word' id='word_1_417' title='bbox 1035 3910 1096 3971; x_wconf 85' lang='lat' dir='ltr'><strong>hoc</strong></span> <span class='ocrx_word' id='word_1_418' title='bbox 1111 3908 1202 3971; x_wconf 87' lang='lat' dir='ltr'><strong>electi</strong></span> <span class='ocrx_word' id='word_1_419' title='bbox 1217 3908 1289 3985; x_wconf 94' lang='lat' dir='ltr'><strong>viri,</strong></span> <span class='ocrx_word' id='word_1_420' title='bbox 1306 3906 1439 3989; x_wconf 89' lang='lat' dir='ltr'><strong>Spiritus</strong></span> <span class='ocrx_word' id='word_1_421' title='bbox 1455 3908 1589 3969; x_wconf 89' lang='lat' dir='ltr'><strong>Sanctus</strong></span> <span class='ocrx_word' id='word_1_422' title='bbox 1604 3906 1637 3968; x_wconf 95' lang='lat' dir='ltr'><strong>in</strong></span> <span class='ocrx_word' id='word_1_423' title='bbox 1653 3906 1730 3968; x_wconf 83' lang='lat' dir='ltr'><strong>Gan-</strong></span> 
     </span>
     <span class='ocr_line' id='line_1_36' title="bbox 170 4003 1729 4088; baseline -0.003 -16"><span class='ocrx_word' id='word_1_424' title='bbox 170 4015 294 4073; x_wconf 80' lang='lat' dir='ltr'><strong>dilecte</strong></span> <span class='ocrx_word' id='word_1_425' title='bbox 308 4010 367 4079; x_wconf 84' lang='lat' dir='ltr'><strong>mi,</strong></span> <span class='ocrx_word' id='word_1_426' title='bbox 382 4017 412 4068; x_wconf 88' lang='lat' dir='ltr'><strong>et</strong></span> <span class='ocrx_word' id='word_1_427' title='bbox 426 4011 572 4068; x_wconf 82' lang='lat' dir='ltr'><strong>decorus.</strong></span> <span class='ocrx_word' id='word_1_428' title='bbox 590 4007 735 4071; x_wconf 80' lang='lat' dir='ltr'><strong>Triformi</strong></span> <span class='ocrx_word' id='word_1_429' title='bbox 757 4008 925 4071; x_wconf 85' lang='lat' dir='ltr'><strong>exsistente</strong></span> <span class='ocrx_word' id='word_1_430' title='bbox 980 4007 1052 4069; x_wconf 89' lang='lat' dir='ltr'><strong>ticis</strong></span> <span class='ocrx_word' id='word_1_431' title='bbox 1067 4006 1228 4088; x_wconf 80' lang='lat' dir='ltr'><strong>compegit</strong></span> <span class='ocrx_word' id='word_1_432' title='bbox 1242 4006 1275 4067; x_wconf 95' lang='lat' dir='ltr'><strong>in</strong></span> <span class='ocrx_word' id='word_1_433' title='bbox 1290 4024 1388 4068; x_wconf 91' lang='lat' dir='ltr'><strong>unum</strong></span> <span class='ocrx_word' id='word_1_434' title='bbox 1407 4024 1497 4086; x_wconf 82' lang='lat' dir='ltr'><strong>:quae</strong></span> <span class='ocrx_word' id='word_1_435' title='bbox 1512 4004 1539 4065; x_wconf 90' lang='lat' dir='ltr'><strong>si</strong></span> <span class='ocrx_word' id='word_1_436' title='bbox 1554 4004 1594 4065; x_wconf 89' lang='lat' dir='ltr'><strong>de</strong></span> <span class='ocrx_word' id='word_1_437' title='bbox 1608 4003 1729 4067; x_wconf 85' lang='lat' dir='ltr'><strong>Christo</strong></span> 
     </span>
     <span class='ocr_line' id='line_1_37' title="bbox 172 4101 1729 4188; baseline -0.006 -16"><span class='ocrx_word' id='word_1_438' title='bbox 172 4108 292 4173; x_wconf 84' lang='lat' dir='ltr'><strong>Christi</strong></span> <span class='ocrx_word' id='word_1_439' title='bbox 318 4124 445 4187; x_wconf 89' lang='lat' dir='ltr'><strong>sponsa,</strong></span> <span class='ocrx_word' id='word_1_440' title='bbox 472 4105 648 4168; x_wconf 88' lang='lat' dir='ltr'><strong>universali</strong></span> <span class='ocrx_word' id='word_1_441' title='bbox 672 4105 833 4184; x_wconf 89' lang='lat' dir='ltr'><strong>videlicet,</strong></span> <span class='ocrx_word' id='word_1_442' title='bbox 856 4125 926 4188; x_wconf 81' lang='lat' dir='ltr'><strong>quas</strong></span> <span class='ocrx_word' id='word_1_443' title='bbox 981 4103 1184 4185; x_wconf 88' lang='lat' dir='ltr'><strong>qualibetque</strong></span> <span class='ocrx_word' id='word_1_444' title='bbox 1208 4105 1323 4167; x_wconf 90' lang='lat' dir='ltr'><strong>devota</strong></span> <span class='ocrx_word' id='word_1_445' title='bbox 1351 4102 1467 4182; x_wconf 91' lang='lat' dir='ltr'><strong>anima,</strong></span> <span class='ocrx_word' id='word_1_446' title='bbox 1492 4121 1563 4183; x_wconf 77' lang='lat' dir='ltr'><strong>quaa</strong></span> <span class='ocrx_word' id='word_1_447' title='bbox 1592 4101 1729 4165; x_wconf 86' lang='lat' dir='ltr'><strong>coelestis</strong></span> 
     </span>
     <span class='ocr_line' id='line_1_38' title="bbox 172 4200 1731 4286; baseline -0.005 -17"><span class='ocrx_word' id='word_1_448' title='bbox 172 4214 228 4270; x_wconf 88' lang='lat' dir='ltr'><strong>est</strong></span> <span class='ocrx_word' id='word_1_449' title='bbox 254 4205 407 4282; x_wconf 88' lang='lat' dir='ltr'><strong>Ecclesia,</strong></span> <span class='ocrx_word' id='word_1_450' title='bbox 439 4202 622 4286; x_wconf 90' lang='lat' dir='ltr'><strong>particulari</strong></span> <span class='ocrx_word' id='word_1_451' title='bbox 652 4222 789 4285; x_wconf 89' lang='lat' dir='ltr'><strong>quoque,</strong></span> <span class='ocrx_word' id='word_1_452' title='bbox 820 4212 852 4266; x_wconf 92' lang='grc' dir='ltr'>θῖ</span> <span class='ocrx_word' id='word_1_453' title='bbox 879 4212 927 4267; x_wconf 88' lang='grc' dir='ltr'>θεῖ</span> <span class='ocrx_word' id='word_1_454' title='bbox 942 4205 966 4268; x_wconf 87' lang='lat' dir='ltr'>D</span> <span class='ocrx_word' id='word_1_455' title='bbox 981 4204 1090 4285; x_wconf 92' lang='lat' dir='ltr'><strong>sponsi</strong></span> <span class='ocrx_word' id='word_1_456' title='bbox 1111 4202 1345 4285; x_wconf 87' lang='lat' dir='ltr'><strong>particulariter</strong></span> <span class='ocrx_word' id='word_1_457' title='bbox 1370 4220 1486 4283; x_wconf 91' lang='lat' dir='ltr'><strong>sponsa</strong></span> <span class='ocrx_word' id='word_1_458' title='bbox 1511 4201 1666 4280; x_wconf 89' lang='lat' dir='ltr'><strong>consistit,</strong></span> <span class='ocrx_word' id='word_1_459' title='bbox 1682 4200 1731 4262; x_wconf 92' lang='lat' dir='ltr'><strong>in-</strong></span> 
     </span>
     <span class='ocr_line' id='line_1_39' title="bbox 172 4300 1729 4384; baseline -0.004 -16"><span class='ocrx_word' id='word_1_460' title='bbox 172 4306 293 4368; x_wconf 84' lang='lat' dir='ltr'><strong>devota</strong></span> <span class='ocrx_word' id='word_1_461' title='bbox 320 4303 437 4382; x_wconf 86' lang='lat' dir='ltr'><strong>anima,</strong></span> <span class='ocrx_word' id='word_1_462' title='bbox 468 4302 608 4383; x_wconf 88' lang='lat' dir='ltr'><strong>itemque</strong></span> <span class='ocrx_word' id='word_1_463' title='bbox 637 4302 800 4383; x_wconf 88' lang='lat' dir='ltr'><strong>singulari,</strong></span> <span class='ocrx_word' id='word_1_464' title='bbox 830 4321 926 4383; x_wconf 91' lang='lat' dir='ltr'><strong>quam</strong></span> <span class='ocrx_word' id='word_1_465' title='bbox 981 4302 1082 4384; x_wconf 85' lang='lat' dir='ltr'><strong>telligi</strong></span> <span class='ocrx_word' id='word_1_466' title='bbox 1098 4310 1230 4383; x_wconf 91' lang='lat' dir='ltr'><strong>queunt,</strong></span> <span class='ocrx_word' id='word_1_467' title='bbox 1248 4321 1306 4365; x_wconf 89' lang='lat' dir='ltr'><strong>our</strong></span> <span class='ocrx_word' id='word_1_468' title='bbox 1320 4320 1384 4364; x_wconf 93' lang='lat' dir='ltr'><strong>non</strong></span> <span class='ocrx_word' id='word_1_469' title='bbox 1405 4300 1543 4381; x_wconf 88' lang='lat' dir='ltr'><strong>amplius</strong></span> <span class='ocrx_word' id='word_1_470' title='bbox 1558 4300 1597 4363; x_wconf 89' lang='lat' dir='ltr'><strong>de</strong></span> <span class='ocrx_word' id='word_1_471' title='bbox 1613 4317 1729 4381; x_wconf 90' lang='lat' dir='ltr'><strong>sponso</strong></span> 
     </span>
     <span class='ocr_line' id='line_1_40' title="bbox 173 4398 1731 4484; baseline -0.004 -19"><span class='ocrx_word' id='word_1_472' title='bbox 173 4402 342 4484; x_wconf 88' lang='lat' dir='ltr'><strong>Virginem</strong></span> <span class='ocrx_word' id='word_1_473' title='bbox 357 4401 515 4464; x_wconf 82' lang='lat' dir='ltr'><strong>Ileileram</strong></span> <span class='ocrx_word' id='word_1_474' title='bbox 531 4419 709 4478; x_wconf 90' lang='lat' dir='ltr'><strong>censemus,</strong></span> <span class='ocrx_word' id='word_1_475' title='bbox 717 4399 800 4463; x_wconf 92' lang='lat' dir='ltr'><strong>inter</strong></span> <span class='ocrx_word' id='word_1_476' title='bbox 814 4401 925 4464; x_wconf 90' lang='lat' dir='ltr'><strong>harum</strong></span> <span class='ocrx_word' id='word_1_477' title='bbox 981 4408 1014 4463; x_wconf 91' lang='lat' dir='ltr'><strong>et</strong></span> <span class='ocrx_word' id='word_1_478' title='bbox 1036 4400 1137 4483; x_wconf 89' lang='lat' dir='ltr'><strong>ipsius</strong></span> <span class='ocrx_word' id='word_1_479' title='bbox 1158 4418 1274 4482; x_wconf 89' lang='lat' dir='ltr'><strong>sponsa</strong></span> <span class='ocrx_word' id='word_1_480' title='bbox 1295 4398 1458 4481; x_wconf 86' lang='lat' dir='ltr'><strong>singulari,</strong></span> <span class='ocrx_word' id='word_1_481' title='bbox 1479 4417 1549 4479; x_wconf 77' lang='lat' dir='ltr'><strong>que</strong></span> <span class='ocrx_word' id='word_1_482' title='bbox 1567 4398 1662 4460; x_wconf 85' lang='lat' dir='ltr'><strong>illator</strong></span> <span class='ocrx_word' id='word_1_483' title='bbox 1683 4405 1731 4461; x_wconf 90' lang='lat' dir='ltr'><strong>est</strong></span> 
     </span>
     <span class='ocr_line' id='line_1_41' title="bbox 175 4496 1729 4582; baseline -0.003 -19"><span class='ocrx_word' id='word_1_484' title='bbox 175 4518 437 4582; x_wconf 86' lang='lat' dir='ltr'><strong>unamquamque</strong></span> <span class='ocrx_word' id='word_1_485' title='bbox 451 4508 484 4561; x_wconf 89' lang='lat' dir='ltr'><strong>et</strong></span> <span class='ocrx_word' id='word_1_486' title='bbox 498 4498 657 4562; x_wconf 86' lang='lat' dir='ltr'><strong>Christum</strong></span> <span class='ocrx_word' id='word_1_487' title='bbox 672 4498 827 4562; x_wconf 83' lang='lat' dir='ltr'><strong>dulciflua</strong></span> <span class='ocrx_word' id='word_1_488' title='bbox 842 4518 927 4563; x_wconf 92' lang='lat' dir='ltr'><strong>amo-</strong></span> <span class='ocrx_word' id='word_1_489' title='bbox 982 4499 1102 4561; x_wconf 91' lang='lat' dir='ltr'><strong>munda</strong></span> <span class='ocrx_word' id='word_1_490' title='bbox 1117 4506 1210 4579; x_wconf 90' lang='lat' dir='ltr'><strong>atque</strong></span> <span class='ocrx_word' id='word_1_491' title='bbox 1226 4497 1379 4579; x_wconf 86' lang='lat' dir='ltr'><strong>virginea,</strong></span> <span class='ocrx_word' id='word_1_492' title='bbox 1397 4496 1500 4578; x_wconf 88' lang='lat' dir='ltr'><strong>accipi</strong></span> <span class='ocrx_word' id='word_1_493' title='bbox 1515 4496 1652 4574; x_wconf 87' lang='lat' dir='ltr'><strong>valeant,</strong></span> <span class='ocrx_word' id='word_1_494' title='bbox 1665 4514 1729 4559; x_wconf 92' lang='lat' dir='ltr'><strong>non</strong></span> 
     </span>
     <span class='ocr_line' id='line_1_42' title="bbox 173 4593 1731 4680; baseline -0.003 -17"><span class='ocrx_word' id='word_1_495' title='bbox 173 4599 339 4680; x_wconf 87' lang='lat' dir='ltr'><strong>riieraque</strong></span> <span class='ocrx_word' id='word_1_496' title='bbox 362 4606 456 4661; x_wconf 79' lang='lat' dir='ltr'><strong>caste</strong></span> <span class='ocrx_word' id='word_1_497' title='bbox 479 4605 574 4678; x_wconf 88' lang='lat' dir='ltr'><strong>atque</strong></span> <span class='ocrx_word' id='word_1_498' title='bbox 597 4597 719 4660; x_wconf 83' lang='lat' dir='ltr'><strong>decoras</strong></span> <span class='ocrx_word' id='word_1_499' title='bbox 747 4598 927 4661; x_wconf 87' lang='lat' dir='ltr'><strong>dilectionis</strong></span> <span class='ocrx_word' id='word_1_500' title='bbox 983 4597 1073 4679; x_wconf 90' lang='lat' dir='ltr'><strong>capio</strong></span> <span class='ocrx_word' id='word_1_501' title='bbox 1091 4620 1097 4657; x_wconf 93' lang='lat'>:</span> <span class='ocrx_word' id='word_1_502' title='bbox 1115 4596 1233 4678; x_wconf 88' lang='lat' dir='ltr'><strong>qnippe</strong></span> <span class='ocrx_word' id='word_1_503' title='bbox 1248 4614 1383 4676; x_wconf 90' lang='lat' dir='ltr'><strong>qnorum</strong></span> <span class='ocrx_word' id='word_1_504' title='bbox 1405 4613 1495 4658; x_wconf 90' lang='lat' dir='ltr'><strong>amor</strong></span> <span class='ocrx_word' id='word_1_505' title='bbox 1515 4593 1637 4675; x_wconf 89' lang='lat' dir='ltr'><strong>iortior,</strong></span> <span class='ocrx_word' id='word_1_506' title='bbox 1654 4595 1731 4659; x_wconf 95' lang='lat' dir='ltr'><strong>unio</strong></span> 
     </span>
     <span class='ocr_line' id='line_1_43' title="bbox 176 4692 1731 4774; baseline -0.004 -13"><span class='ocrx_word' id='word_1_507' title='bbox 176 4699 278 4761; x_wconf 83' lang='lat' dir='ltr'><strong>verba</strong></span> <span class='ocrx_word' id='word_1_508' title='bbox 306 4696 424 4759; x_wconf 92' lang='lat' dir='ltr'><strong>volant.</strong></span> <span class='ocrx_word' id='word_1_509' title='bbox 457 4696 682 4758; x_wconf 90' lang='lat' dir='ltr'><strong>Verumtamen</strong></span> <span class='ocrx_word' id='word_1_510' title='bbox 717 4695 800 4758; x_wconf 91' lang='lat' dir='ltr'><strong>inter</strong></span> <span class='ocrx_word' id='word_1_511' title='bbox 828 4697 927 4759; x_wconf 84' lang='lat' dir='ltr'><strong>Deum</strong></span> <span class='ocrx_word' id='word_1_512' title='bbox 982 4696 1134 4773; x_wconf 90' lang='lat' dir='ltr'><strong>intimior,</strong></span> <span class='ocrx_word' id='word_1_513' title='bbox 1149 4693 1386 4773; x_wconf 89' lang='lat' dir='ltr'><strong>similitudoque</strong></span> <span class='ocrx_word' id='word_1_514' title='bbox 1401 4692 1515 4773; x_wconf 89' lang='lat' dir='ltr'><strong>major.</strong></span> <span class='ocrx_word' id='word_1_515' title='bbox 1532 4692 1629 4756; x_wconf 88' lang='lat' dir='ltr'><strong>Erant</strong></span> <span class='ocrx_word' id='word_1_516' title='bbox 1643 4711 1731 4774; x_wconf 94' lang='lat' dir='ltr'><strong>pror-</strong></span> 
     </span>
     <span class='ocr_line' id='line_1_44' title="bbox 174 4791 1730 4876; baseline -0.002 -17"><span class='ocrx_word' id='word_1_517' title='bbox 174 4796 296 4859; x_wconf 83' lang='lat' dir='ltr'><strong>Filium</strong></span> <span class='ocrx_word' id='word_1_518' title='bbox 316 4794 539 4876; x_wconf 80' lang='lat' dir='ltr'><strong>virginemque</strong></span> <span class='ocrx_word' id='word_1_519' title='bbox 559 4793 698 4872; x_wconf 89' lang='lat' dir='ltr'><strong>llatrem,</strong></span> <span class='ocrx_word' id='word_1_520' title='bbox 714 4793 798 4856; x_wconf 89' lang='lat' dir='ltr'><strong>inter</strong></span> <span class='ocrx_word' id='word_1_521' title='bbox 821 4814 929 4857; x_wconf 88' lang='lat' dir='ltr'><strong>aman·</strong></span> <span class='ocrx_word' id='word_1_522' title='bbox 983 4815 1048 4873; x_wconf 91' lang='lat' dir='ltr'><strong>sus,</strong></span> <span class='ocrx_word' id='word_1_523' title='bbox 1075 4795 1102 4857; x_wconf 94' lang='lat' dir='ltr'><strong>si</strong></span> <span class='ocrx_word' id='word_1_524' title='bbox 1127 4794 1185 4855; x_wconf 90' lang='lat' dir='ltr'><strong>rite</strong></span> <span class='ocrx_word' id='word_1_525' title='bbox 1207 4791 1416 4873; x_wconf 89' lang='lat' dir='ltr'><strong>contemplor,</strong></span> <span class='ocrx_word' id='word_1_526' title='bbox 1443 4800 1475 4855; x_wconf 90' lang='lat' dir='ltr'><strong>et</strong></span> <span class='ocrx_word' id='word_1_527' title='bbox 1502 4792 1547 4854; x_wconf 92' lang='lat' dir='ltr'><strong>uti</strong></span> <span class='ocrx_word' id='word_1_528' title='bbox 1575 4792 1730 4874; x_wconf 89' lang='lat' dir='ltr'><strong>suspicari</strong></span> 
     </span>
     <span class='ocr_line' id='line_1_45' title="bbox 175 4889 1731 4975; baseline -0.002 -19"><span class='ocrx_word' id='word_1_529' title='bbox 175 4894 338 4957; x_wconf 90' lang='lat' dir='ltr'><strong>tissimum</strong></span> <span class='ocrx_word' id='word_1_530' title='bbox 368 4910 520 4973; x_wconf 92' lang='lat' dir='ltr'><strong>sponsum</strong></span> <span class='ocrx_word' id='word_1_531' title='bbox 549 4910 761 4974; x_wconf 90' lang='lat' dir='ltr'><strong>sponsamque</strong></span> <span class='ocrx_word' id='word_1_532' title='bbox 791 4892 929 4973; x_wconf 86' lang='lat' dir='ltr'><strong>singula·</strong></span> <span class='ocrx_word' id='word_1_533' title='bbox 983 4892 1073 4975; x_wconf 92' lang='lat' dir='ltr'><strong>pium</strong></span> <span class='ocrx_word' id='word_1_534' title='bbox 1089 4891 1238 4969; x_wconf 88' lang='lat' dir='ltr'><strong>est,inter</strong></span> <span class='ocrx_word' id='word_1_535' title='bbox 1249 4889 1410 4971; x_wconf 85' lang='lat' dir='ltr'><strong>Virginem</strong></span> <span class='ocrx_word' id='word_1_536' title='bbox 1426 4889 1552 4952; x_wconf 86' lang='lat' dir='ltr'><strong>llatrem</strong></span> <span class='ocrx_word' id='word_1_537' title='bbox 1568 4890 1731 4972; x_wconf 84' lang='lat' dir='ltr'><strong>Deumque</strong></span> 
     </span>
     <span class='ocr_line' id='line_1_46' title="bbox 176 4986 1732 5074; baseline -0.001 -20"><span class='ocrx_word' id='word_1_538' title='bbox 176 5011 260 5069; x_wconf 84' lang='lat' dir='ltr'><strong>rem,</strong></span> <span class='ocrx_word' id='word_1_539' title='bbox 278 4991 362 5053; x_wconf 93' lang='lat' dir='ltr'><strong>inter</strong></span> <span class='ocrx_word' id='word_1_540' title='bbox 381 4990 511 5052; x_wconf 91' lang='lat' dir='ltr'><strong>unicum</strong></span> <span class='ocrx_word' id='word_1_541' title='bbox 532 4989 645 5051; x_wconf 88' lang='lat' dir='ltr'><strong>Filium</strong></span> <span class='ocrx_word' id='word_1_542' title='bbox 667 4990 858 5072; x_wconf 84' lang='lat' dir='ltr'><strong>Matremque</strong></span> <span class='ocrx_word' id='word_1_543' title='bbox 880 5010 929 5054; x_wconf 92' lang='lat' dir='ltr'><strong>ar·</strong></span> <span class='ocrx_word' id='word_1_544' title='bbox 983 5010 1118 5074; x_wconf 92' lang='lat' dir='ltr'><strong>puerum</strong></span> <span class='ocrx_word' id='word_1_545' title='bbox 1134 4990 1234 5051; x_wconf 88' lang='lat' dir='ltr'><strong>multa</strong></span> <span class='ocrx_word' id='word_1_546' title='bbox 1254 4996 1285 5051; x_wconf 91' lang='lat' dir='ltr'><strong>et</strong></span> <span class='ocrx_word' id='word_1_547' title='bbox 1306 4988 1382 5049; x_wconf 91' lang='lat' dir='ltr'><strong>item</strong></span> <span class='ocrx_word' id='word_1_548' title='bbox 1403 4986 1610 5049; x_wconf 84' lang='lat' dir='ltr'><strong>multiformia</strong></span> <span class='ocrx_word' id='word_1_549' title='bbox 1635 4988 1732 5053; x_wconf 78' lang='lat' dir='ltr'><strong>collo</strong></span> 
     </span>
     <span class='ocr_line' id='line_1_47' title="bbox 177 5084 1732 5171; baseline -0.001 -20"><span class='ocrx_word' id='word_1_550' title='bbox 177 5086 416 5165; x_wconf 89' lang='lat' dir='ltr'><strong>dentissimam,</strong></span> <span class='ocrx_word' id='word_1_551' title='bbox 432 5084 541 5167; x_wconf 89' lang='lat' dir='ltr'><strong>ignita,</strong></span> <span class='ocrx_word' id='word_1_552' title='bbox 558 5094 591 5148; x_wconf 92' lang='lat' dir='ltr'><strong>et</strong></span> <span class='ocrx_word' id='word_1_553' title='bbox 609 5085 685 5148; x_wconf 91' lang='lat' dir='ltr'><strong>item</strong></span> <span class='ocrx_word' id='word_1_554' title='bbox 707 5105 803 5167; x_wconf 88' lang='lat' dir='ltr'><strong>super</strong></span> <span class='ocrx_word' id='word_1_555' title='bbox 827 5088 876 5150; x_wconf 89' lang='lat' dir='ltr'><strong>lac</strong></span> <span class='ocrx_word' id='word_1_556' title='bbox 898 5098 929 5151; x_wconf 93' lang='lat' dir='ltr'><strong>et</strong></span> <span class='ocrx_word' id='word_1_557' title='bbox 983 5088 1060 5171; x_wconf 91' lang='lat' dir='ltr'><strong>quia</strong></span> <span class='ocrx_word' id='word_1_558' title='bbox 1081 5112 1087 5150; x_wconf 94' lang='lat'><strong>:</strong></span> <span class='ocrx_word' id='word_1_559' title='bbox 1109 5106 1224 5169; x_wconf 90' lang='lat' dir='ltr'><strong>nempe</strong></span> <span class='ocrx_word' id='word_1_560' title='bbox 1249 5087 1438 5168; x_wconf 90' lang='lat' dir='ltr'><strong>quandoque</strong></span> <span class='ocrx_word' id='word_1_561' title='bbox 1459 5103 1532 5148; x_wconf 93' lang='lat' dir='ltr'><strong>eum</strong></span> <span class='ocrx_word' id='word_1_562' title='bbox 1555 5085 1672 5148; x_wconf 81' lang='lat' dir='ltr'><strong>ellatur</strong></span> <span class='ocrx_word' id='word_1_563' title='bbox 1696 5095 1732 5149; x_wconf 93' lang='lat' dir='ltr'><strong>ut</strong></span> 
     </span>
     <span class='ocr_line' id='line_1_48' title="bbox 178 5183 1731 5267; baseline -0.002 -17"><span class='ocrx_word' id='word_1_564' title='bbox 178 5187 304 5265; x_wconf 87' lang='lat' dir='ltr'><strong>iavum,</strong></span> <span class='ocrx_word' id='word_1_565' title='bbox 321 5204 417 5267; x_wconf 89' lang='lat' dir='ltr'><strong>super</strong></span> <span class='ocrx_word' id='word_1_566' title='bbox 429 5184 537 5247; x_wconf 92' lang='lat' dir='ltr'><strong>oleum</strong></span> <span class='ocrx_word' id='word_1_567' title='bbox 558 5183 799 5266; x_wconf 90' lang='lat' dir='ltr'><strong>balsamumque</strong></span> <span class='ocrx_word' id='word_1_568' title='bbox 821 5187 930 5249; x_wconf 90' lang='lat' dir='ltr'><strong>suavia</strong></span> <span class='ocrx_word' id='word_1_569' title='bbox 983 5190 1094 5265; x_wconf 88' lang='lat' dir='ltr'><strong>Deum,</strong></span> <span class='ocrx_word' id='word_1_570' title='bbox 1111 5194 1142 5249; x_wconf 91' lang='lat' dir='ltr'><strong>et</strong></span> <span class='ocrx_word' id='word_1_571' title='bbox 1156 5204 1229 5249; x_wconf 85' lang='lat' dir='ltr'><strong>mox</strong></span> <span class='ocrx_word' id='word_1_572' title='bbox 1243 5186 1372 5262; x_wconf 81' lang='lat' dir='ltr'><strong>adorat3</strong></span> <span class='ocrx_word' id='word_1_573' title='bbox 1388 5184 1548 5247; x_wconf 88' lang='lat' dir='ltr'><strong>interdum</strong></span> <span class='ocrx_word' id='word_1_574' title='bbox 1567 5191 1603 5246; x_wconf 90' lang='lat' dir='ltr'><strong>ut</strong></span> <span class='ocrx_word' id='word_1_575' title='bbox 1621 5185 1731 5247; x_wconf 90' lang='lat' dir='ltr'><strong>mundi</strong></span> 
     </span>
     <span class='ocr_line' id='line_1_49' title="bbox 179 5282 1731 5368; baseline -0.003 -17"><span class='ocrx_word' id='word_1_576' title='bbox 179 5304 315 5351; x_wconf 89' lang='lat' dir='ltr'><strong>manare</strong></span> <span class='ocrx_word' id='word_1_577' title='bbox 335 5283 460 5366; x_wconf 89' lang='lat' dir='ltr'><strong>eloquia</strong></span> <span class='ocrx_word' id='word_1_578' title='bbox 482 5300 540 5365; x_wconf 90' lang='lat' dir='ltr'><strong>par</strong></span> <span class='ocrx_word' id='word_1_579' title='bbox 561 5290 620 5345; x_wconf 90' lang='lat' dir='ltr'><strong>ast.</strong></span> <span class='ocrx_word' id='word_1_580' title='bbox 636 5282 789 5346; x_wconf 82' lang='lat' dir='ltr'><strong>Fervidns</strong></span> <span class='ocrx_word' id='word_1_581' title='bbox 814 5303 929 5368; x_wconf 88' lang='lat' dir='ltr'><strong>nempe</strong></span> <span class='ocrx_word' id='word_1_582' title='bbox 983 5285 1137 5367; x_wconf 86' lang='lat' dir='ltr'><strong>judicem,</strong></span> <span class='ocrx_word' id='word_1_583' title='bbox 1153 5291 1184 5347; x_wconf 91' lang='lat' dir='ltr'><strong>et</strong></span> <span class='ocrx_word' id='word_1_584' title='bbox 1204 5291 1334 5365; x_wconf 90' lang='lat' dir='ltr'><strong>repente</strong></span> <span class='ocrx_word' id='word_1_585' title='bbox 1352 5289 1407 5345; x_wconf 90' lang='lat' dir='ltr'><strong>aut</strong></span> <span class='ocrx_word' id='word_1_586' title='bbox 1425 5300 1482 5365; x_wconf 93' lang='lat' dir='ltr'><strong>pro</strong></span> <span class='ocrx_word' id='word_1_587' title='bbox 1507 5300 1552 5362; x_wconf 91' lang='lat' dir='ltr'><strong>se,</strong></span> <span class='ocrx_word' id='word_1_588' title='bbox 1568 5289 1622 5345; x_wconf 91' lang='lat' dir='ltr'><strong>aut</strong></span> <span class='ocrx_word' id='word_1_589' title='bbox 1646 5289 1731 5346; x_wconf 90' lang='lat' dir='ltr'><strong>certa</strong></span> 
     </span>
    </p>
   </div>
   <div class='ocr_carea' id='block_1_8' title="bbox 0 0 2179 6259">
    <p class='ocr_par' dir='ltr' id='par_1_8' title="bbox 0 0 2179 6259">
     <span class='ocr_line' id='line_1_50' title="bbox 0 0 2179 6259; baseline 0 0"><span class='ocrx_word' id='word_1_590' title='bbox 0 0 2179 6259; x_wconf 95' lang='lat' dir='ltr'><strong> </strong></span> 
     </span>
    </p>
   </div>
  </div>
 </body>
</html>
