4309 6259
290 528 331 575 DE
352 526 553 575 secunaum
572 526 702 574 Attum
723 525 761 573 Ul*
780 526 878 573 ¹188AE
898 524 1127 573 catenatione
1148 526 1306 575 ulatoutts.
1328 546 1369 559 -
1389 528 1459 576 Attt.
1481 527 1558 575 xv111

1638 508 1697 573 tou

156 697 259 763 biliter
281 696 479 776 immoratur,
505 716 580 760 cum
606 695 760 760 deliciosa
782 696 896 758 redun—
911 693 938 759 l
952 714 1010 779 per
1023 714 1094 759 eam
1113 696 1152 759 ad
1175 696 1387 779 perfectorum
1409 698 1611 763 devotionem
1631 706 1698 761 toto

158 796 258 861 dantia
272 796 500 859 consolationis
514 795 661 858 mentalis
681 795 714 856 in
729 794 896 856 sensitivas

157 894 307 977 potentias
332 917 341 957 ε
364 895 472 976 sicque
495 895 590 957 bomo
611 902 695 957 totus
720 893 790 955 sine
816 892 899 955 reni·

157 992 251 1057 tentia
274 993 500 1073 sensualitatis,
524 992 589 1055 imo
611 1010 685 1054 cum
709 992 779 1072 ejus
803 998 898 1053 attra-

157 1092 256 1153 ctione
271 1110 308 1153 ac
322 1088 488 1170 famulatu,
504 1091 543 1153 ad
565 1097 655 1153 actus
677 1088 776 1151 latriae
797 1095 898 1151 exstat

155 1187 417 1270 promptissimus,
424 1194 456 1249 et
470 1185 594 1250 fervido
609 1185 766 1266 hilarique
777 1184 897 1248 affectu

154 1285 331 1368 assequitur
357 1304 422 1349 eos.
448 1286 520 1349 llaec
547 1284 675 1349 devotio
702 1284 814 1348 merito
842 1303 898 1347 vo

154 1393 239 1447 catur
261 1382 424 1461 deliciosa,
445 1391 477 1445 et
500 1382 591 1463 quasi
610 1381 800 1463 impetuosa,
820 1381 897 1442 dum

154 1484 322 1547 vehemens
336 1482 432 1545 ardor
445 1489 561 1543 sauctae
575 1479 756 1545 devotionis
775 1479 898 1542 ratione

154 1600 216 1645 uon
241 1587 430 1656 coarctatur,
456 1579 512 1641 sed
539 1578 640 1642 libere
668 1578 780 1657 fertur,
806 1584 897 1639 acute

154 1689 185 1742 et
203 1696 357 1755 amorosa
374 1694 576 1759 quocumque
597 1676 731 1759 impellit
751 1684 784 1738 et
801 1676 899 1757 agitat

156 1777 284 1859 spiritus
305 1775 389 1839 vitae.

952 802 1067 857 conatu
1083 795 1158 858 dare
1180 814 1213 857 se
1235 795 1330 859 debet
1351 797 1510 874 sacerdos,
1526 805 1558 859 et
1573 815 1699 878 sempor

952 892 1084 955 meliora
1099 892 1232 976 adipisci
1248 893 1448 973 charismata,
1464 894 1629 977 potissime
1651 912 1699 956 re-
1714 916 1781 961 rcor.
1808 929 1846 969 xit,

952 989 1096 1071 ligiosus,
1119 990 1212 1072 cujus
1240 1010 1305 1055 non
1333 1001 1380 1055 est
1408 992 1493 1056 circa
1517 992 1700 1057 communia
1715 984 1748 1025 ³¹·

952 1089 1116 1171 languere.

991 1187 1154 1265 Praeterea,
1171 1188 1317 1269 quamvis
1332 1189 1365 1251 bi
1381 1190 1444 1253 duo
1465 1190 1568 1252 ultimi
1584 1190 1700 1271 gradm

952 1285 1131 1348 devotionis
1156 1286 1260 1349 solent
1285 1296 1448 1370 praetactas
1474 1288 1700 1352 redundantius

952 1383 1063 1447 dulces
1086 1392 1118 1447 et
1139 1385 1311 1448 suavitates
1337 1386 1477 1449 internas
1501 1386 1617 1449 habere
1639 1386 1700 1449 sibi

953 1500 1092 1544 annexas
1116 1502 1154 1545 ac
1179 1483 1304 1561 mixtas,
1331 1484 1502 1565 aliquando
1526 1493 1633 1547 tamen
1658 1484 1702 1547 ita

952 1598 1018 1643 non
1042 1588 1092 1643 cst
1112 1604 1118 1641 :
1141 1581 1205 1645 imo
1229 1599 1293 1645 non
1317 1583 1418 1645 solum
1444 1582 1701 1665 proficientibus,

954 1680 1008 1742 sed
1024 1678 1176 1761 perfectis
1190 1699 1316 1762 quoque
1339 1699 1568 1762 nonuunquam
1590 1700 1704 1745 conso-

955 1778 1089 1840 lationes
1118 1778 1180 1841 illae
1208 1798 1245 1841 ac
1277 1778 1456 1860 spirituales
1482 1779 1606 1842 deliciae
1632 1779 1705 1841 sub

191 1876 287 1938 Porro
321 1872 442 1937 sedatio
475 1873 656 1957 passionum
692 1872 826 1935 diversis
861 1892 898 1935 ex
917 1872 1143 1953 Btrabuutur;
1174 1885 1206 1939 et
1232 1878 1293 1939 hoc
1322 1878 1512 1958 quandoque
1540 1878 1724 1963 dispeusa-⁸

154 1974 253 2037 causis
267 1973 319 2036 iit.
334 1973 450 2048 Primo,
467 1972 587 2035 directe
608 1991 645 2033 ac
667 1971 758 2033 valde
773 1971 899 2033 merito

156 2073 209 2151 ric,
225 2092 264 2135 ex
287 2071 432 2153 profectu
450 2071 615 2149 virtutum,
638 2070 812 2153 praesertim
833 2088 901 2132 mo

154 2171 275 2249 ratium,
297 2188 431 2252 quarum
452 2178 501 2231 est
521 2178 626 2231 motus
648 2168 831 2250 passionum
853 2187 901 2230 re·

154 2268 277 2331 frenare
292 2288 329 2331 ac
345 2266 723 2345 moderari.Secuudo,ex
739 2267 900 2330 continuis

155 2386 189 2428 ac
204 2366 337 2429 fervidis
352 2364 548 2428 orationibus
558 2364 622 2426 lieo
638 2364 716 2426 fusis
727 2382 785 2445 pro
799 2364 901 2445 gratia

154 2484 189 2526 ac
207 2464 325 2525 virtute
346 2462 541 2544 reprimendi
560 2470 664 2524 motus
679 2461 898 2542 passionatos:

155 2570 185 2624 et
210 2569 330 2643 quanto
358 2560 430 2641 quis
457 2579 496 2622 cx
523 2558 659 2621 naturali
690 2558 900 2640 dispositione

154 2662 201 2722 vel
216 2680 255 2723 ex
276 2678 376 2741 prava
396 2655 629 2721 assuefactione
650 2657 689 2719 ad
711 2664 816 2719 motus
831 2676 902 2738 pas·

155 2758 278 2822 siouum
294 2765 342 2819 est
356 2756 496 2839 pronior,
514 2764 600 2818 tanto
623 2754 793 2817 instantius
807 2762 902 2835 atque

154 2855 330 2918 ferventius
362 2853 456 2917 debet
487 2854 743 2935 Omnipoteutem
779 2852 901 2933 precari

154 2972 209 3034 pro
232 2954 362 3015 illarum
391 2952 533 3034 plenaria
560 2950 798 3032 exstirpatione,
825 2969 903 3032 prae-

956 1976 1037 2038 toria
1055 1994 1092 2037 aa
1114 1984 1245 2057 paterna
1266 1976 1465 2039 ordinatione
1486 1976 1653 2056 Altissimi,
1670 1984 1705 2039 ut

955 2073 1080 2136 discant
1095 2074 1232 2136 solidum
1255 2091 1395 2154 quaerere
1410 2074 1529 2151 cibum,
1546 2082 1578 2137 et
1600 2074 1633 2135 iu
1647 2074 1702 2137 tali

956 2170 1171 2233 subtractione
1186 2170 1371 2252 patientiam
1387 2189 1588 2248 conservare,
1605 2190 1707 2233 suam-

955 2286 1017 2348 que
1040 2268 1079 2330 ad
1105 2269 1204 2330 Deum
1232 2266 1420 2330 fidelitatem
1448 2270 1617 2331 ostendant
1641 2287 1705 2331 nou

956 2366 1126 2447 quaerendo
1140 2385 1200 2427 nec
1223 2365 1418 2428 admittendo
1433 2374 1561 2428 externa
1581 2366 1704 2447 solatia,

956 2464 1011 2527 sed
1039 2463 1149 2527 dilecti
1177 2463 1447 2545 dispensationem
1476 2472 1508 2527 et
1537 2464 1609 2547 ejus
1637 2465 1706 2527 dul-

957 2580 1026 2623 cem
1038 2562 1239 2642 praesentiam
1255 2580 1292 2623 ac
1307 2562 1554 2625 consolatorium
1570 2563 1706 2625 reditum

956 2661 1176 2740 aequanimiter
1197 2668 1290 2740 atquc
1312 2658 1452 2723 fideliter
1474 2661 1704 2742 prestoland03

957 2767 988 2820 ct
1002 2777 1122 2835 rursus,
1139 2766 1173 2819 ut
1188 2757 1348 2839 propriam
1372 2758 1636 2837 imbecillitatem,
1653 2760 1707 2823 dc-

958 2854 1192 2918 fcctuositatem
1208 2864 1239 2919 et
1255 2856 1531 2939 imperfectionem
1553 2857 1707 2919 humilius

957 2962 1197 3034 recognoscant,
1218 2955 1257 3015 ad
1283 2955 1381 3017 Deum
1406 2973 1532 3036 quoque
1553 2954 1709 3019 affectuo-

154 3051 260 3114 sertim
297 3070 407 3113 earum
435 3050 474 3112 ad
502 3068 581 3131 quas
609 3049 831 3130 procliviorem
867 3068 902 3110 se
919 3054 941 3117 G
957 3052 1024 3113 sius
1053 3050 1241 3133 confugiant
1274 3071 1311 3114 ac
1345 3054 1512 3133 respirent,
1542 3073 1708 3136 recupera-

155 3151 257 3212 seutit.
275 3149 393 3226 Tertio,
409 3168 447 3211 ex
466 3147 598 3230 speciali
617 3156 648 3209 et
666 3147 805 3228 gratiosa
823 3166 901 3229 pra<

154 3248 303 3311 ventione
330 3267 368 3309 ac
401 3246 583 3309 visitatione
612 3245 749 3327 Spiritus
782 3243 899 3319 Sancti,

153 3346 205 3427 qui
233 3345 440 3426 incipientes,
470 3343 604 3425 pusillos
633 3362 670 3405 ac
699 3341 902 3423 imperfectos

153 3443 313 3505 interdum
342 3450 475 3519 recreat,
505 3442 605 3523 ungit,
635 3439 798 3523 perfundit
832 3459 903 3501 seu-

153 3541 300 3604 sibilibus
322 3540 392 3603 istis
411 3540 628 3616 devotionum,
649 3538 901 3601 consolationum

153 3640 404 3720 deliciarumque
419 3638 634 3721 spiritualium
649 3636 876 3699 affectionibus
893 3659 900 3697 ε

153 3757 208 3818 per
222 3738 310 3819 quod
330 3736 431 3799 allicit
451 3756 506 3800 eos
527 3737 566 3799 ad
589 3734 751 3813 interiora,
767 3741 802 3795 ut
816 3752 903 3815 sper-

153 3845 228 3897 uant
241 3836 354 3898 inania
367 3851 405 3898 ac
419 3836 591 3916 mundana,
608 3854 644 3897 ac
660 3834 734 3897 totis
748 3836 787 3897 ad
802 3834 902 3897 Deum

152 3934 336 4016 precordiis
364 3942 599 3997 convertantur.
628 3933 754 4011 Quarto,
784 3952 823 3995 cx
856 3934 903 3994 iu-

151 4035 235 4114 geuti
261 4034 509 4115 compunctione
530 4040 562 4095 et
583 4031 714 4095 cordiali
738 4032 903 4095 contritio-

151 4151 189 4193 uc
206 4153 213 4193 :
231 4150 297 4213 quo
312 4131 399 4194 euim
413 4130 453 4193 dc
467 4129 533 4192 suis
547 4129 688 4211 peccatis
704 4129 901 4210 frequentius

957 3159 1051 3232 taque
1073 3151 1238 3227 suavitate,
1261 3150 1361 3232 magis
1387 3152 1450 3213 siut
1473 3153 1570 3232 cauti,
1591 3162 1622 3215 ct
1644 3153 1707 3216 Deo

957 3268 1015 3312 suo
1034 3249 1193 3311 adhaerere
1217 3255 1249 3310 et
1272 3247 1402 3329 obsequi
1426 3258 1609 3312 assuescant
1629 3270 1707 3333 pure

958 3354 1086 3428 propter
1108 3346 1209 3428 ipsius
1233 3346 1407 3409 bonitatem
1432 3366 1469 3409 ac
1496 3348 1705 3429 majestatem,

957 3464 1021 3508 non
1047 3453 1176 3526 propter
1201 3444 1405 3507 dulcedinem
1430 3464 1598 3507 munerum
1623 3447 1704 3527 ejus.

957 3542 1150 3624 Quandoque
1191 3542 1288 3604 ctiam
1328 3550 1457 3623 propter
1496 3543 1707 3625 negligentias

957 3660 1031 3703 suas
1056 3648 1088 3703 et
1112 3640 1222 3721 culpas
1247 3639 1420 3702 subtractio
1445 3640 1517 3702 talis
1542 3640 1591 3703 iit.
1612 3642 1707 3705 Porro

959 3738 1100 3801 virorum
1126 3758 1199 3800 vere
1227 3738 1452 3815 virtuosorum,
1475 3747 1506 3801 et
1531 3738 1563 3801 in
1588 3739 1707 3801 divinis

958 3835 1131 3918 Scripturis
1164 3836 1244 3897 bene
1278 3836 1532 3914 exercitatorum,
1562 3854 1626 3899 non
1660 3844 1710 3898 est

959 3936 999 3997 de
1027 3932 1298 3997 consolationibus
1326 3933 1390 3995 illis
1419 3936 1553 3997 multum
1584 3955 1707 4013 curare,

960 4034 1015 4095 sed
1044 4052 1151 4095 veram
1179 4040 1211 4094 et
1239 4031 1397 4094 sinceram
1431 4033 1632 4096 devotionem
1662 4034 1710 4095 in-

960 4130 1143 4193 desinenter
1163 4130 1290 4209 habere,
1308 4148 1344 4192 ac
1366 4150 1509 4193 crescere
1532 4132 1563 4193 iu
1586 4133 1708 4213 cadem,

150 4238 243 4309 atque
271 4229 412 4292 amarius
436 4228 545 4291 dolent
572 4237 604 4290 et
631 4235 900 4308 compunguntur,
919 4230 944 4291 l)
960 4230 1004 4292 ita
1019 4237 1053 4291 ut
1067 4230 1194 4291 assidue
1211 4228 1311 4309 magis
1327 4227 1390 4290 siut
1408 4228 1500 4310 proni
1522 4238 1553 4291 et
1568 4230 1709 4294 affectati

150 4346 188 4391 eo
214 4327 255 4391 ab
285 4325 477 4390 inordinatis
505 4324 644 4388 motibus
667 4324 828 4387 diuturnis
857 4324 902 4385 fa-

152 4426 246 4489 cilius
260 4445 300 4489 ac
322 4425 494 4507 perfectius
516 4443 549 4486 sc
572 4431 790 4505 compescunt.
807 4423 902 4498 Quiu-

152 4533 192 4600 to,
214 4545 253 4587 ex
278 4522 413 4587 cordiali
437 4531 469 4585 et
494 4522 621 4585 assidua
642 4522 811 4585 dominicae
833 4540 903 4601 pas-

153 4624 253 4685 sionis
268 4621 546 4701 rememoratione,
562 4640 599 4683 cx
614 4639 677 4702 qua
691 4621 786 4683 discit
806 4621 902 4684 homo

152 4742 184 4785 se
202 4720 388 4797 humiliare,
405 4719 591 4802 patientiam
611 4718 903 4781 mansuetudinem-

152 4840 213 4900 que
240 4819 405 4901 amplecti,
435 4826 530 4899 atque
558 4817 698 4879 carnalia
726 4816 899 4898 aspernari.

151 4918 255 4996 Sexto,
276 4937 317 4981 ex
335 4916 546 4999 occupatione
570 4916 695 4977 intensa
714 4914 800 4977 circa
820 4914 903 4977 Scri-

151 5024 260 5096 pturas
289 5016 570 5095 devotioualesquc
601 5013 700 5076 libros
731 5036 738 5075 ε
768 5033 842 5076 nam
871 5019 903 5075 et

151 5124 256 5177 motus
284 5114 424 5195 majores
452 5113 585 5175 vincunt
617 5131 654 5174 ac
688 5112 812 5193 pellunt
843 5112 903 5173 mi-

153 5231 257 5276 nores.

191 5313 304 5395 ltaque
320 5311 358 5373 ad
379 5311 581 5375 devotionem
602 5308 854 5393 proficientium,
870 5316 903 5371 et

959 4328 998 4389 ad
1024 4328 1267 4407 universaquae
1295 4326 1416 4389 cultum
1442 4338 1639 4391 concernunt
1662 4330 1710 4391 di-

959 4426 1082 4502 viuum,
1109 4425 1147 4487 ud
1176 4424 1321 4487 omnium
1350 4424 1501 4487 vitiorum
1530 4425 1705 4505 horrorem,

958 4525 997 4586 ad
1013 4522 1265 4585 sincerissimum
1281 4522 1386 4585 omnis
1401 4522 1476 4584 boni
1491 4522 1616 4586 honesti
1632 4525 1708 4587 affe-

959 4630 1058 4697 ctum,
1088 4622 1125 4683 ad
1154 4640 1281 4702 purum,
1311 4619 1482 4698 intensum,
1513 4623 1706 4703 completum

959 4720 1013 4783 Dei
1035 4719 1235 4800 obsequium,
1253 4718 1466 4781 adhaesionem
1489 4719 1647 4782 internam
1668 4742 1706 4785 ac

959 4817 1142 4896 stabilitam,
1152 4817 1190 4879 ad
1205 4836 1270 4879 uon
1287 4816 1496 4898 reciprocum,
1509 4817 1704 4901 irreflexum,

958 4916 1194 4997 impermistum
1216 4914 1345 4977 Deitatis
1367 4934 1518 4978 amorem.

997 5014 1151 5094 Denique,
1181 5012 1307 5075 devotio
1336 5022 1467 5076 vocatur
1495 5014 1609 5091 dulcis,
1637 5034 1707 5079 sen-

958 5112 1072 5190 sibilis,
1103 5111 1323 5190 consolatoria,
1354 5130 1418 5173 uon
1448 5112 1550 5174 solum
1579 5122 1707 5195 propter

957 5210 1119 5293 praeiatam
1136 5208 1377 5271 redundantiam
1394 5229 1412 5272 a
1426 5210 1580 5292 superiori
1592 5210 1706 5275 anima

958 5316 1047 5391 parte
1075 5308 1113 5369 ad
1144 5306 1339 5385 inferiorem,
1370 5308 1425 5370 sod
1458 5308 1546 5387 item,
1577 5308 1640 5373 imo
1675 5318 1708 5375 ct
