4309 6259
816 490 856 537 ott
877 489 975 535 sluaa
998 485 1195 535 conuutottu
1215 485 1470 541 raderamnus.
1494 506 1535 517 -
1555 488 1626 533 aar.
1649 490 1669 534 V

686 718 931 783 raucone
959 716 1000 779 v·
1235 656 1370 835 litt
1381 656 2000 840 ,tltttsltttt‘tttr,itit
2089 744 2090 793 ι

466 880 558 947 Quod
575 896 684 936 omne,
706 875 866 950 reiiqrosae
885 893 924 932 cc
942 872 1219 947 3p,·r,·iua133per.
1274 870 1348 913 men
1370 852 1576 934 ariolationis,
1593 872 1664 935 qua
1688 863 1737 918 est
1760 864 1847 918 actus
1871 859 1999 939 supersti-

505 986 590 1025 sonae
618 967 664 1025 cd
693 964 910 1023 obedientiam
937 961 1106 1036 potissime
1139 961 1218 1019 obti—
1274 949 1369 1011 tionis
1389 968 1445 1011 seu
1464 950 1590 1012 lacinus
1609 950 1741 1032 magicae
1759 953 1847 1031 artis)
1866 962 1912 1015 est
1929 975 1998 1035 repu

505 1063 643 1131 paretur.
1273 1066 1382 1128 gnare,
1409 1056 1441 1110 et
1468 1048 1559 1128 quasi
1585 1048 1689 1111 scelus
1713 1049 1907 1131 idololatria,
1929 1052 1997 1115 nolle

1272 1144 1486 1225 acquiescere.
1503 1145 1575 1221 Oua
1590 1147 1657 1210 sola
1672 1147 1853 1228 auctoritas,
1866 1158 1900 1210 ut
1912 1149 1939 1211 in
1953 1160 1997 1213 sta·

531 1248 607 1312 OTA
620 1246 732 1310 divina
746 1245 920 1327 Scriptura,
936 1252 967 1306 et
982 1242 1147 1322 utriusque
1164 1259 1217 1323 pa·
1271 1243 1348 1304 tutis
1363 1242 1487 1307 Ordinis
1512 1244 1723 1308 Cartusiensis
1747 1246 1906 1325 asseritur,
1922 1248 1995 1311 sulii
2090 1328 2091 1331 Ἴ

544 1346 619 1428 gina
638 1342 842 1419 Testamenti,
864 1342 1072 1421 omniumque
1094 1347 1217 1403 sancto
1272 1339 1409 1403 cientem
1435 1341 1530 1404 babet
1558 1342 1746 1406 obedientiae
1775 1346 1995 1410 commendatio
2090 1362 2091 1419 i

468 1462 539 1507 rum
560 1444 686 1506 Patrum
705 1440 822 1521 regula
841 1448 874 1503 et
893 1439 1055 1514 doctrinm,
1074 1445 1215 1499 sanctam
1271 1458 1344 1501 nem
1365 1448 1459 1520 atque
1482 1439 1704 1504 inobedientia
1725 1442 1992 1523 vituperationem:
2090 1440 2091 1499 i

466 1542 681 1608 obedientiam
706 1536 969 1603 excellentissime
993 1536 1134 1615 laudant,
1152 1554 1217 1596 ma·
1271 1554 1339 1617 quae
1354 1537 1534 1600 obedientia
1548 1538 1576 1600 si
1590 1539 1683 1620 desit,
1700 1549 1805 1603 cetera
1819 1552 1994 1623 cunctaque
2090 1548 2091 1559 ¹

466 1642 551 1703 xime
566 1640 599 1701 in
615 1637 772 1719 religiosis
787 1634 943 1717 personis.
960 1634 1058 1709 Quam
1081 1642 1114 1695 et
1134 1633 1216 1715 ipse·
1271 1635 1395 1715 agimus
1410 1653 1474 1697 non
1490 1636 1592 1699 solum
1609 1638 1755 1701 mercede
1770 1640 1928 1720 privantur
1939 1641 1994 1703 bea·

326 1763 453 1819 amm,
466 1747 533 1801 met
555 1737 708 1801 Dominus
736 1742 844 1797 noster
867 1733 957 1795 iesus
981 1732 1134 1810 Christus,
1163 1750 1216 1793 rex
1273 1732 1360 1795 tilica
1377 1741 1409 1795 et
1428 1742 1554 1815 aeterna,
1571 1734 1636 1797 imo
1660 1742 1692 1798 et
1715 1736 1942 1801 damnationem
1960 1740 1994 1800 in·

321 1835 354 1876 ¹⁶·
466 1854 578 1916 regum
602 1843 634 1897 et
658 1833 809 1916 princeps
833 1830 1068 1909 universorum,
1085 1828 1252 1911 apertis-B
1271 1839 1412 1894 currunt.
1429 1832 1565 1895 Advorte
1579 1833 1647 1897 baec
1662 1842 1694 1895 et
1711 1834 1892 1914 lormida,o
1911 1836 1994 1919 religi·

467 1934 547 1997 sime
562 1952 600 1997 ac
615 1930 844 2014 specialissime
858 1928 951 1991 nobis
966 1927 1214 2008 commendavit,
1270 1947 1326 1991 osa
1350 1948 1486 2011 persona
1513 1954 1520 1993 :
1547 1930 1575 1991 si
1597 1931 1684 1993 enim
1708 1932 1919 1997 inobedientia
1942 1944 1993 1996 tara

466 2032 561 2114 jussit
582 2052 619 2094 ac
641 2029 761 2108 docuit,
782 2035 814 2089 et
833 2027 898 2089 suis
918 2025 1147 2089 demonstravit
1166 2044 1218 2087 ex·
1271 2045 1402 2091 enorme
1416 2037 1583 2111 peccatum
1598 2030 1693 2092 estin
1709 2032 1855 2095 saeculari
1868 2051 1991 2115 persona,

320 2156 452 2211 aarum
467 2130 583 2213 emplis
605 2154 613 2190 z
636 2128 691 2210 qui
713 2130 762 2207 (ut
785 2125 831 2188 ait
851 2124 1033 2207 Apostolus)
1059 2142 1158 2204 quum
1183 2123 1216 2186 in
1270 2144 1340 2206 quia
1369 2126 1581 2189 obedientiam
1615 2146 1679 2191 nou
1713 2130 1869 2211 promisit,
1897 2140 1993 2212 quanto
2091 2124 2092 2167 3

319 2222 366 2262 Μ·
467 2226 639 2292 formabei
654 2234 749 2301 esset,
766 2223 799 2285 id
814 2230 862 2285 est
877 2222 910 2283 iu
925 2241 999 2284 vera
1020 2221 1148 2283 deitatis
1163 2240 1218 2283 na·
1271 2223 1371 2304 magis
1393 2224 1426 2285 in
1448 2232 1490 2303 te,
1505 2244 1576 2306 quse
1598 2234 1628 2288 te
1649 2236 1724 2290 voto
1744 2227 1867 2291 solenni
1886 2229 1920 2291 ad
1937 2228 1993 2291 obe

468 2334 549 2402 tura,
566 2332 598 2387 et
612 2343 706 2386 verus
720 2323 814 2401 Deus,
832 2321 895 2383 Deo
914 2319 995 2381 Patri
1009 2317 1152 2399 aqualis,
1165 2338 1217 2381 ex·
1271 2322 1425 2383 dientiam
1446 2322 1662 2386 adstrinxistil

469 2422 606 2486 inanivit
621 2419 838 2502 semetipsum,
846 2418 950 2480 lactus
968 2418 1121 2479 obediens
1135 2416 1216 2478 Patri
1310 2420 1466 2501 Amplius,
1484 2421 1567 2485 sicut
1586 2422 1789 2505 sacrilegium
1803 2434 1851 2489 est
1865 2444 1924 2489 rent
1942 2425 1991 2488 Deo

319 2542 403 2585 ress.
423 2553 453 2591 n,
469 2519 623 2603 usquead
639 2527 784 2582 mortem.
801 2517 888 2579 Unde
903 2524 934 2578 et
947 2515 1027 2577 dixit
1041 2538 1047 2576 :
1060 2514 1215 2577 Descendi
1270 2526 1486 2581 consecratam
1505 2528 1537 2582 et
1555 2521 1693 2584 oblatam
1713 2542 1823 2603 rapere
1842 2542 1877 2587 ac
1898 2524 1990 2601 iurari,

320 2608 354 2648 ³⁸·
467 2622 507 2684 dc
522 2620 693 2697 coelo,non
708 2625 743 2679 ut
756 2615 872 2679 laciam
889 2614 1083 2677 voluntatem
1098 2631 1214 2689 meam,
1270 2616 1432 2698 multoque
1451 2618 1581 2697 gravius
1601 2638 1697 2700 quarn
1720 2629 1885 2703 argentum
1907 2630 1992 2684 etan

467 2718 523 2781 sed
538 2716 733 2781 voluntatem
747 2714 819 2795 ejus
839 2712 894 2794 qui
914 2710 1002 2773 misit
1016 2730 1066 2773 me
1081 2734 1089 2789 ;
1106 2717 1138 2773 et
1159 2710 1217 2772 ite·
1271 2734 1339 2777 rurn
1356 2723 1410 2777 aut
1423 2715 1517 2778 aliam
1533 2718 1741 2781 substantiam
1756 2720 1942 2802 simplicem
1955 2719 1990 2781 sic

319 2836 452 2887 urenae.
467 2837 537 2880 rum
560 2840 567 2878 z
590 2816 675 2878 biens
694 2814 785 2877 cibus
805 2819 852 2874 est
872 2818 906 2872 ut
929 2810 1046 2872 faciam
1071 2809 1217 2873 volunta·
1270 2814 1430 2895 propriam
1453 2815 1647 2879 voluntatem
1672 2837 1729 2899 per
1751 2826 1860 2881 votum
1883 2818 1991 2883 solenne
2092 2824 2093 2869 r

466 2924 531 2978 tern
553 2913 698 2995 ejusqui
722 2910 811 2974 misit
832 2928 895 2971 me.
1270 2913 1334 2975 Deo
1355 2912 1493 2976 oblatam
1513 2914 1547 2976 in
1566 2934 1663 2977 manu
1688 2916 1799 2979 vicarii
1822 2917 1900 2999 ejus,
1914 2918 1947 2979 ad
1966 2934 1991 2977 se

507 3012 586 3088 Ouid
601 3012 687 3074 enim
704 3018 770 3071 tam
784 3025 982 3090 perversum,
1000 3013 1064 3067 tarn
1078 3004 1213 3087 impium
1231 3006 1253 3069 C
1272 3010 1441 3089 retrahere,
1463 3020 1495 3074 et
1519 3013 1582 3075 Deo
1602 3022 1696 3095 atque
1715 3014 1835 3079 vicario
1853 3015 1918 3097 ejus
1938 3013 1992 3077 sub

467 3228 525 3271 suo
547 3206 685 3271 Creatori
704 3215 757 3269 aut
780 3204 850 3285 ejus
875 3202 996 3265 vicario
1019 3220 1089 3265 esse
1114 3200 1216 3264 rabel·
1271 3216 1371 3271 exstat
1392 3208 1593 3291 sacrilegum.

467 3307 543 3387 lem,
555 3305 791 3370 inobedientem
806 3321 863 3365 seu
877 3298 1215 3363 resistentemiNonue
1310 3305 1465 3388 Amplius,
1491 3306 1571 3371 sicut
1595 3328 1652 3389 per
1679 3308 1889 3373 obedientiam
1914 3310 1991 3373 home

326 3405 676 3489 ess.s1‚1propterhoc
695 3408 861 3484 peecatum
885 3398 980 3482 primi
1006 3406 1154 3480 parentes
1175 3397 1215 3461 de
1270 3404 1434 3486 potissime
1459 3404 1563 3486 placet
1585 3406 1660 3485 neo,
1687 3407 1731 3470 iu
1757 3408 1991 3490 pertrahentes

318 3505 399 3556 Μ·
466 3503 613 3585 paradiso
637 3497 927 3582 irrecuperabiliter
952 3506 1027 3559 sunt
1050 3496 1157 3577 eiecti,
1184 3505 1215 3559 et
1269 3502 1346 3564 tiam
1362 3503 1497 3565 maxime
1512 3503 1779 3586 displicettudiei
1793 3504 1990 3570 summouen-

466 3622 540 3665 eum
556 3600 643 3665 omni
659 3619 717 3662 sua
730 3598 914 3681 posteritate
928 3595 1076 3677 originali
1090 3595 1214 3676 justitia
1269 3618 1309 3662 ue
1325 3599 1358 3661 in
1374 3599 1455 3664 libro
1476 3601 1570 3664 iosue
1591 3602 1752 3682 recitatur,
1769 3606 1852 3685 quod
1874 3606 1934 3687 ipse
1951 3602 1991 3665 vir

465 3700 620 3780 destituti,
636 3718 673 3762 ac
688 3715 786 3777 regno
805 3694 922 3778 privati
942 3693 1086 3757 coetestit
1102 3693 1162 3755 Sed
1183 3702 1214 3755 et
1269 3706 1397 3761 sanetus
1417 3698 1522 3778 losue,
1538 3699 1613 3780 quia
1637 3698 1670 3761 in
1693 3701 1843 3765 omnibus
1866 3700 2078 3773 obedien-imm

317 3821 350 3865 ιι,
364 3824 452 3873 nara.
466 3798 606 3881 supremi
628 3796 675 3858 illi
694 3792 831 3875 angelici
854 3792 984 3875 spiritus
1004 3790 1046 3853 ob
1065 3810 1129 3853 suae
1151 3791 1215 3853 ela·
1267 3795 1410 3857 tissimus
1425 3796 1489 3859 Deo
1502 3796 1574 3875 luit,
1587 3798 1647 3861 boc
1662 3817 1681 3859 a
1695 3798 1759 3862 Deo
1773 3800 1914 3879 obtinuit,
1921 3799 1988 3880 quod

319 3888 352 3928 ¹⁵·
465 3896 563 3960 tionis
587 3892 836 3958 inobedientiam
857 3890 897 3952 de
917 3888 999 3953 coelo
1022 3888 1212 3971 praecipitati
1268 3893 1307 3956 ad
1332 3893 1527 3975 petitionem,
1554 3895 1618 3957 imo
1642 3895 1749 3977 potius
1772 3898 1810 3959 ad
1832 3897 1987 3978 jussionem
1998 3911 2078 3959 imae

466 4004 542 4057 sunt
561 4003 592 4056 et
614 3992 760 4074 projecti.
777 3990 866 4052 Sicut
887 3997 919 4050 et
939 3987 1062 4070 primus
1083 3986 1138 4049 ille
1160 4006 1213 4049 rex
1252 3991 1380 4074 ipsius,
1397 3992 1444 4055 sol
1459 3998 1491 4055 et
1505 3993 1582 4055 luna
1596 4002 1751 4057 steterunt
1766 3996 1799 4057 in
1812 3996 1913 4059 medio
1929 3980 2021 4057 calist

330 4116 403 4172 inei.
417 4129 451 4169 n,
464 4093 559 4156 lsrael
585 4091 659 4154 Saul
683 4109 782 4171 quum
807 4089 866 4151 sub
891 4086 998 4169 speeie
1022 4085 1148 4168 pietatis
1176 4104 1213 4148 ac
1268 4090 1446 4153 immobiles
1461 4090 1563 4172 spatio
1577 4090 1640 4155 diei
1656 4092 1775 4155 uuiusl
1789 4094 1869 4157 Ecce
1882 4109 1990 4175 quomo

317 4183 377 4224 ⁹⁴¹·
465 4191 570 4255 cultus
585 4188 686 4252 divini
701 4196 916 4267 transgressus
930 4193 1014 4248 esset
1027 4184 1082 4247 Dei
1097 4203 1214 4265 praece·
1229 4181 1252 4241 D
1267 4188 1307 4251 do
1332 4188 1414 4251 Deus
1438 4189 1639 4271 omnipotens
1663 4190 1739 4255 illos
1761 4192 1875 4256 exalmt
1892 4191 1940 4273 qui
1963 4208 1989 4251 se

464 4298 566 4373 ptum,
574 4288 656 4351 beus
670 4285 749 4349 dixit
763 4286 801 4348 ad
813 4283 991 4347 Samuelem
1007 4282 1210 4363 prophetam:
1268 4285 1354 4368 ipses
1378 4294 1506 4368 propter
1529 4287 1627 4350 Deum
1651 4308 1709 4371 per
1732 4288 1991 4353 obedientiariae

463 4387 598 4452 Paenitet
622 4404 674 4448 me
703 4384 786 4465 quod
813 4379 1034 4446 constituerim
1062 4380 1136 4442 Saul
1166 4398 1213 4442 re·
1268 4402 1335 4446 ram
1357 4392 1469 4466 sponte
1491 4403 1527 4447 ac
1550 4394 1694 4468 prompte
1716 4387 1894 4451 humiliant,

463 4506 549 4568 gem,
564 4483 640 4565 quia
659 4480 852 4563 contempsit
872 4499 935 4542 me.
951 4478 1116 4559 Quumque
1138 4478 1211 4540 Saul
1307 4482 1460 4545 Praeterea
1473 4483 1506 4545 in
1521 4482 1735 4565 Vitaspatrum
1755 4495 1906 4565 narratur,
1920 4480 1989 4566 qued

344 4604 401 4649 usu.
415 4608 450 4649 aa.
464 4583 561 4649 vellet
576 4602 610 4645 se
625 4600 732 4645 coram
753 4578 901 4642 Samuele
922 4595 1085 4657 excusare,
1101 4577 1213 4659 Peper-
1267 4580 1362 4644 simul
1378 4582 1612 4645 ambulantibus
1627 4583 1751 4647 duobus
1762 4584 1990 4665 breuibusque

464 4684 567 4748 cimus
588 4680 764 4762 (inquiens)
789 4676 975 4741 melioribus
1000 4676 1161 4757 gregibus,
1179 4686 1213 4739 ut
1268 4700 1337 4742 rum
1353 4699 1435 4743 unus
1450 4681 1570 4744 exstitit
1583 4700 1706 4763 magna
1720 4682 1990 4763 abstinentiaalter

464 4781 707 4845 immolarentur
733 4777 867 4839 Domino
892 4776 956 4838 Deo
983 4782 1058 4853 tuo,
1086 4785 1213 4840 sanetus
1268 4797 1389 4860 magne
1412 4777 1610 4859 obedientia,
1634 4798 1733 4861 quum
1759 4777 1988 4845 invenissentin

342 4902 402 4947 ort.
415 4905 449 4949 aa.
464 4877 591 4943 Samuel
626 4896 700 4940 mox
727 4875 891 4958 respondit
920 4898 928 4936 ι
957 4871 1116 4954 Numquid
1145 4876 1214 4938 vult
1268 4877 1319 4939 via
1334 4878 1504 4958 quemdam
1518 4876 1719 4958 defunctum,
1735 4898 1773 4943 ac
1788 4898 1842 4962 pro
1857 4878 1936 4941 illius
1948 4894 1989 4937 su·

465 4978 617 5042 Dominus
642 4976 827 5038 holocausta
851 4980 883 5035 et
907 4971 1064 5051 victimas,
1092 4981 1124 5034 et
1148 4992 1212 5037 non
1268 4975 1433 5038 scitatione
1456 4974 1626 5037 Dominum
1650 4976 1860 5055 invocassent,
1876 4984 1906 5039 ct
1922 4990 1990 5035 rnor-

464 5076 570 5159 potius
585 5083 621 5138 ut
634 5073 800 5138 obediatur
814 5072 885 5136 voci
901 5071 1024 5154 ipsiusl
1039 5072 1077 5133 Et
1092 5071 1213 5135 addidit
1266 5081 1340 5134 tuus
1358 5073 1412 5135 ille
1433 5073 1577 5154 protinus
1603 5076 1801 5155 surrexisset,
1826 5075 1926 5137 Frater
1946 5069 1989 5131 ille

315 5196 449 5251 retusam.
465 5174 592 5237 Samuel
616 5172 772 5235 rationem
794 5170 933 5233 :Melior
955 5177 1003 5233 est
1026 5168 1114 5231 enim
1139 5169 1213 5233 obe-
1267 5189 1389 5252 magnae
1417 5172 1618 5237 abstinentia
1642 5173 1835 5256 gloriabatur
1856 5173 1889 5236 in
1911 5169 1989 5235 corde

464 5273 584 5337 dientia
597 5290 693 5355 quam
708 5269 855 5352 victima,
872 5277 904 5331 et
917 5269 1096 5331 auscultare
1110 5267 1210 5351 magis
1267 5288 1336 5350 suo,
1352 5268 1462 5333 dicens
1479 5292 1486 5331 r
1504 5270 1611 5335 Merito
1627 5272 1825 5337 abstinentia
1841 5290 1915 5335 mea
1934 5286 1990 5331 sur·

466 3119 499 3173 et
522 3111 694 3191 ingratum,
711 3126 806 3189 quam
829 3113 1006 3168 creaturam
1027 3103 1213 3167 rationalem
1271 3109 1445 3188 trabere,et
1459 3129 1516 3193 pro
1530 3112 1660 3193 proprio
1675 3112 1767 3175 libitu
1782 3133 1820 3177 ea
1834 3114 1888 3193 uti,
1896 3113 1993 3175 lurtum
