4309 6259
816 517 906 564 noun
926 516 966 563 nn
985 516 1133 562 rassroux
1153 516 1261 563 noune
1749 500 1808 565 317

252 686 411 750 sustinete
430 686 483 750 hic
507 695 540 749 et
562 684 692 767 vigilate
716 704 854 748 mecum.
871 685 909 748 Et
932 686 1044 767 pro-A
1062 685 1138 747 haut
1162 684 1231 763 tibi,
1247 686 1415 766 cedentes,
1434 692 1465 748 et
1488 691 1681 769 exspuerunt
1705 682 1737 745 in
1762 683 1809 746 fa-

250 804 384 867 gressus
420 785 586 867 pusillum,
621 784 786 865 procidisti
821 783 855 845 in
887 782 1005 845 laciem
1061 783 1144 846 ciem
1164 791 1319 861 tuam;et
1340 784 1527 847 velaverunt
1548 792 1589 864 te,
1612 791 1643 846 ot
1665 780 1808 865 colaphis

251 903 353 966 super
377 890 516 960 terram3
542 890 575 945 et
598 882 711 963 positis
734 881 870 963 genibus
894 881 1003 957 orasti,
1061 880 1256 944 ceciderunt.
1273 882 1335 943 Alii
1355 890 1461 945 autem
1487 883 1609 963 palmas
1634 881 1666 943 in
1692 879 1808 943 faciem

251 982 367 1045 dicens
392 1005 400 1043 ε
427 982 527 1059 Pater,
554 980 580 1042 si
606 980 758 1062 possibile
782 988 842 1058 est,
868 978 1006 1041 transfer
1061 986 1148 1040 tuam
1170 978 1336 1057 dederunt,
1353 978 1583 1060 interrogantes
1601 1002 1608 1041 :
1624 976 1809 1059 Prophetiza

252 1081 392 1143 calicem
419 1080 515 1142 istum
543 1098 562 1141 a
590 1097 663 1155 me;
693 1087 911 1141 verumtamen
940 1096 1004 1140 non
1062 1075 1167 1155 nobie,
1182 1076 1315 1155 Christe,
1331 1076 1407 1151 Quis
1427 1084 1475 1140 est
1493 1076 1548 1158 qui
1572 1084 1603 1139 te
1628 1074 1807 1159 percussitl

251 1197 330 1240 mea
353 1178 499 1241 voluntas
523 1176 578 1238 sed
602 1183 657 1237 tua
679 1175 748 1237 liat.
774 1174 928 1257 Apparuit
951 1192 1007 1236 au·
1061 1173 1099 1235 Et
1123 1172 1186 1236 alia
1211 1174 1311 1237 multa
1331 1174 1588 1257 blasphemantes
1606 1174 1755 1236 dicebant
1774 1171 1807 1234 in

253 1286 324 1339 tem
348 1275 405 1337 tibi
428 1274 561 1355 angelus
580 1273 620 1336 de
639 1272 733 1349 coelo,
753 1271 936 1335 confortans
962 1280 1003 1333 te.
1062 1279 1103 1333 te.
1130 1272 1219 1335 blane
1243 1280 1349 1335 autem
1373 1271 1468 1352 laeto,
1485 1272 1629 1336 vinctum
1651 1272 1808 1333 duxerunt
1835 1298 1923 1345 imp,

252 1374 299 1437 Et
320 1372 423 1435 lactus
449 1372 481 1433 in
505 1372 632 1453 agonia,
653 1369 808 1453 prolixius
836 1369 954 1444 orasti,
974 1376 1007 1430 et
1061 1376 1092 1430 te
1116 1370 1155 1431 ad
1180 1369 1325 1433 Pilatum.
1351 1370 1409 1445 Qui
1435 1370 1514 1433 dixit
1538 1370 1577 1432 ad
1602 1388 1656 1433 eos
1681 1392 1687 1430 :
1709 1368 1806 1445 Quam
1821 1374 1885 1467 χω·
1899 1367 1918 1415 ¹·
1933 1370 1958 1420 ²³

254 1470 364 1533 factus
381 1478 431 1532 est
453 1469 551 1531 sudor
569 1476 642 1530 tuns
661 1467 744 1530 sicut
762 1475 859 1549 guttae
880 1466 1007 1547 saugui—
1061 1466 1297 1529 accusationem
1322 1465 1445 1529 aflertis
1470 1466 1620 1529 adversus
1646 1464 1807 1529 hominem
1822 1440 1963 1540 ccliiii?

255 1571 313 1632 nis
332 1567 528 1631 decurrentis
547 1566 580 1627 in
601 1573 729 1628 terram.
746 1564 783 1627 lit
809 1565 942 1627 veniens
967 1565 1006 1626 ad
1062 1563 1182 1627 istuml
1210 1563 1453 1645 Responderunt
1478 1587 1486 1625 :
1511 1564 1600 1627 llunc
1626 1562 1808 1625 invenimus
1823 1562 1880 1601 ¹¹¹⁰·
1894 1556 1944 1603 Ν·

255 1668 446 1749 discipulos,
469 1664 621 1727 invenisti
646 1682 702 1727 eos
725 1663 919 1726 dormientes
943 1680 1007 1743 prae
1062 1660 1298 1725 subvertentem
1326 1670 1453 1743 gentem
1478 1670 1630 1740 nostram,
1646 1670 1678 1723 et
1703 1660 1809 1744 prohi-

253 1766 400 1843 tristitia,
416 1762 586 1844 dixistique
607 1761 672 1823 illis
688 1784 696 1823 ι
712 1761 793 1823 Ecce
807 1760 897 1823 venit
917 1761 1005 1841 hora,
1062 1758 1191 1821 bentem
1214 1758 1332 1821 tributa
1356 1759 1423 1821 dari
1447 1760 1572 1838 Caesari,
1594 1768 1625 1821 et
1648 1759 1808 1823 dicentem

253 1874 293 1927 et
307 1864 406 1926 llilius
424 1860 564 1925 hominis
585 1860 726 1922 tradetur
746 1860 779 1920 in
800 1878 914 1921 manus
935 1878 1008 1941 pec-
1023 1857 1046 1919 B
1063 1876 1097 1919 se
1119 1857 1276 1920 Christum
1297 1876 1405 1938 regem
1422 1876 1502 1919 esse.
1520 1857 1565 1919 Tu
1588 1866 1705 1938 autem,
1721 1858 1805 1935 lesu,

40 1992 234 2041 ramata,
253 1972 415 2028 catorum.
432 1959 557 2023 Sciebat
571 1966 676 2022 autem
690 1966 723 2021 et
736 1958 831 2020 ludas
846 1957 963 2038 locum,
976 1964 1009 2019 et
1062 1955 1177 2018 stetisti
1193 1964 1266 2017 aute
1282 1955 1447 2037 presidem
1461 1978 1469 2033 ;
1485 1963 1517 2017 et
1538 1955 1743 2037 interrogavit
1764 1964 1806 2035 te,
1821 1985 1961 2038 mm„

43 2060 94 2099 ³⁸·
251 2082 360 2145 quum
384 2059 560 2141 accepisset
584 2056 747 2120 cohortem
776 2064 809 2118 et
833 2074 853 2118 a
877 2054 1009 2137 pontili—
1062 2052 1248 2116 dicenszl'u
1262 2072 1297 2115 es
1312 2072 1366 2115 rex
1379 2053 1574 2115 ludaeoruml
1587 2052 1805 2135 Respondisti:
1822 2048 1895 2090 ³³⁴⁸·

250 2162 352 2225 cibus
375 2158 550 2235 ministros,
573 2155 663 2218 venit
695 2154 785 2234 illuc,
811 2162 844 2217 et
872 2174 946 2217 cum
970 2170 1008 2217 eo
1063 2151 1206 2233 llegnum
1229 2170 1336 2215 meum
1362 2170 1427 2215 non
1453 2160 1501 2213 est
1523 2152 1562 2213 de
1588 2152 1648 2215 hoc
1677 2151 1806 2215 mundo.

248 2259 353 2321 turba
366 2255 466 2318 multa
479 2272 553 2316 cum
570 2252 701 2315 laternis
717 2259 748 2315 et
762 2250 900 2332 lacibus,
911 2251 1008 2314 armis
1063 2250 1147 2313 Dixit
1162 2249 1266 2331 itaque
1288 2250 1345 2312 tihi
1367 2250 1485 2313 Pilatus
1503 2272 1509 2311 :
1526 2249 1608 2330 Ergo
1627 2269 1682 2312 rex
1695 2269 1729 2312 es
1750 2251 1808 2311 tul

249 2364 291 2419 et
314 2353 438 2437 gladiis.
456 2352 502 2414 Tu
523 2351 641 2432 itaque,
657 2351 742 2429 lesu,
757 2351 867 2414 omnia
890 2350 1006 2428 sciens,
1063 2346 1264 2430 llespondisti
1282 2370 1289 2407 :
1307 2347 1351 2409 Tu
1366 2347 1483 2424 dixisti,
1492 2347 1568 2428 quia
1582 2366 1636 2410 rex
1651 2366 1721 2410 sum
1736 2365 1806 2429 ego.

249 2452 442 2538 processisti
474 2458 507 2513 et
538 2449 645 2511 dixisti
676 2472 683 2510 :
713 2449 812 2523 Quem
845 2448 1007 2529 quaeritisl
1063 2446 1128 2527 Ego
1144 2446 1177 2507 in
1192 2447 1252 2509 hoc
1272 2452 1364 2508 natus
1385 2464 1467 2523 sum,
1484 2453 1515 2509 et
1536 2446 1575 2508 ad
1597 2446 1658 2509 hoc
1678 2446 1752 2508 veni
1774 2446 1808 2508 in

249 2551 502 2635 Responderunt
529 2572 536 2609 ε
562 2548 670 2610 lesum
695 2545 902 2610 Nazarenum.
926 2546 1009 2608 Dixi·
1063 2544 1229 2621 mundum,
1247 2552 1282 2606 ut
1295 2542 1514 2607 testimonium
1528 2543 1712 2625 perhibeam
1727 2545 1809 2608 veri·

249 2652 302 2715 sti
328 2676 337 2713 :
360 2650 425 2731 Ego
448 2666 530 2710 sum.
550 2646 639 2721 Quod
663 2664 761 2728 quum
787 2645 932 2723 dixisses,
955 2643 1010 2706 ah-
1063 2641 1246 2705 tati.0mnis
1261 2642 1316 2722 qui
1331 2650 1379 2705 est
1393 2660 1431 2705 ex
1445 2641 1684 2722 veritate,audit
1697 2661 1809 2707 vocem

248 2754 368 2815 ierunt
394 2756 578 2825 retrorsum,
607 2752 639 2807 et
669 2743 855 2807 ceciderunt
887 2744 920 2804 in
948 2751 1010 2805 ter·
1063 2758 1178 2803 meam.
1196 2740 1277 2803 Dixit
1297 2757 1372 2821 ergo
1395 2740 1512 2802 Pilatus
1530 2764 1536 2801 :
1553 2740 1633 2815 Quid
1657 2750 1705 2804 est
1727 2742 1810 2805 veri-

248 2868 340 2913 ram.
361 2847 476 2909 lterum
493 2861 570 2925 ergo
589 2842 791 2924 interrogasti
810 2860 889 2905 eos:
910 2841 1009 2915 Quem
1064 2842 1133 2901 test
1158 2837 1196 2900 Et
1219 2855 1317 2918 quum
1342 2836 1402 2900 hoc
1428 2837 1568 2917 dixisset,
1594 2839 1692 2901 exivit
1713 2848 1745 2902 et
1765 2842 1810 2904 ait

248 2945 422 3031 quaeritist
448 2942 601 3005 Dixerunt
629 2964 637 3003 ε
664 2941 772 3004 lesum
800 2938 1006 3002 Nazarenum.
1063 2937 1179 3000 tunnis
1204 2959 1212 2997 ε
1237 2935 1302 3017 Ego
1327 2935 1446 2997 nullam
1471 2954 1599 2998 causam
1623 2937 1753 3001 invenio
1775 2938 1808 3000 in

246 3041 460 3127 Respondisti
479 3064 486 3103 z
503 3039 572 3101 Dixi
587 3038 678 3102 vobis
699 3038 776 3119 quia
796 3054 856 3118 ego
871 3056 941 3099 sum
956 3060 964 3115 ;
981 3035 1045 3098 siC
1064 3033 1193 3097 homine
1215 3034 1286 3097 isto.
1309 3033 1449 3095 Audiens
1471 3041 1576 3096 autem
1596 3034 1714 3097 Pilatus
1735 3036 1811 3117 quia
1834 3058 1953 3112 seeum,

33 3169 231 3217 reserata.
247 3163 338 3225 ergo
353 3160 403 3203 me
416 3136 569 3221 quaeritis,
586 3136 682 3198 sinite
704 3136 762 3199 hos
783 3135 882 3197 abire.
899 3136 939 3196 At
961 3133 1007 3195 illi
1064 3132 1211 3195 Calilaeus
1239 3150 1336 3209 esses,
1366 3131 1488 3194 remisit
1514 3140 1546 3194 te
1574 3133 1613 3194 ad
1641 3134 1808 3212 Herodem,
1824 3126 1881 3167 ⁶⁴⁶·

248 3237 567 3323 comprehendentes
581 3244 623 3312 te,
640 3234 819 3315 ligaverunt
842 3241 883 3311 te,
899 3240 931 3295 et
951 3234 1009 3295 du·
1065 3230 1119 3311 qui
1135 3230 1341 3310 interrogavit
1355 3236 1385 3292 te
1398 3229 1509 3291 multis
1528 3230 1737 3294 sermonibus.
1754 3231 1810 3295 Cui

79 3366 211 3414 uasta.
246 3347 376 3407 xerunt
388 3338 428 3399 ad
441 3336 566 3397 Annam
581 3332 732 3413 primum.
748 3330 836 3392 Tunc
856 3330 1008 3413 discipuli
1065 3327 1146 3391 nihil
1162 3326 1612 3408 respondistisprevitautem
1627 3336 1657 3391 te
1671 3328 1810 3391 llerodes

36 3450 116 3539 ¹¹3¹·
134 3435 188 3473 ⁵⁶·
246 3456 385 3513 omnes,
406 3442 438 3496 te
460 3431 584 3510 relicto,
604 3428 765 3511 sugerunt.
781 3429 889 3490 Annas
912 3428 1008 3509 igitur
1065 3445 1138 3489 cum
1154 3425 1295 3488 exercitu
1310 3444 1378 3504 suo,
1395 3434 1427 3487 et
1441 3424 1542 3487 illusit
1563 3425 1708 3488 indutum
1723 3434 1811 3490 veste

35 3505 227 3608 mffffs
248 3531 466 3615 interrogavit
480 3538 511 3593 te
525 3528 565 3591 de
579 3526 747 3607 discipulis
762 3526 825 3588 tuis
839 3533 871 3588 et
890 3526 1008 3590 doctri·
1065 3524 1147 3601 alba,
1171 3523 1357 3604 remisitque
1381 3523 1421 3584 ad
1444 3522 1590 3603 Pilatum,
1612 3524 1667 3604 qui
1691 3524 1736 3586 ait
1760 3525 1812 3587 lu·

247 3656 303 3700 na
327 3642 390 3695 tua.
410 3626 613 3711 Respondisti
635 3625 729 3707 :Ego
754 3624 859 3707 palam
884 3624 1008 3688 locutus
1065 3622 1141 3685 deis
1159 3644 1165 3682 :
1182 3622 1248 3701 Ego
1262 3639 1391 3683 causam
1410 3620 1520 3683 mortis
1542 3639 1606 3684 non
1628 3622 1758 3685 invenio
1777 3622 1811 3684 in

247 3752 333 3798 sum
348 3729 477 3807 mundo,
493 3725 570 3807 quid
591 3743 643 3787 me
664 3722 861 3804 interrogast
876 3722 1010 3787 lnterro-
1065 3719 1194 3782 homine
1222 3718 1295 3795 hoc,
1325 3736 1428 3797 neque
1456 3717 1605 3779 Herodes.
1635 3718 1811 3801 Corripiam

247 3853 300 3916 ga
321 3825 444 3909 eosqui
463 3844 515 3887 me
533 3824 712 3886 audierunt.
728 3821 792 3883 lloc
812 3820 910 3897 dicto,
926 3840 1009 3882 unus
1064 3836 1140 3899 ergo
1162 3817 1253 3879 illum
1273 3824 1305 3879 et
1323 3814 1492 3878 dimittam.
1509 3815 1546 3878 Et
1564 3835 1663 3896 quum
1683 3836 1811 3880 accusa·
1838 3842 1926 3887 uhts,

247 3928 480 3995 ministrorum
504 3922 592 3985 dedit
616 3920 673 3982 tibi
698 3919 835 4001 alapam,
860 3918 972 3980 dicens
999 3942 1006 3980 :
1065 3916 1156 3995 reris,
1177 3914 1309 3977 Domine
1333 3914 1418 3994 lesu,
1444 3934 1463 3975 a
1487 3913 1685 3996 principibus
1709 3908 1958 3979 sacer-¹¹l¹¹·¹²·¹⁴·

249 4030 315 4093 Sic
330 4022 502 4106 respondes
516 4017 686 4103 pontilicit
701 4017 739 4079 Et
752 4016 841 4079 misit
856 4025 886 4078 te
901 4018 1009 4079 Annas
1064 4014 1186 4091 dotum,
1203 4012 1248 4073 nil
1264 4011 1466 4093 respondisti.
1484 4010 1567 4073 Dixit
1581 4030 1656 4093 ergo
1670 4012 1808 4076 Pilatus:

249 4128 397 4207 ligatum
410 4120 448 4183 ad
463 4118 614 4199 Caipham
625 4113 879 4197 pontificemlu
890 4122 1007 4177 autem.
1064 4109 1133 4175 Non
1149 4110 1322 4192 respondes
1337 4108 1533 4190 quidquaml
1548 4109 1587 4172 Et
1602 4128 1666 4173 non
1681 4130 1811 4194 respon-

435 4219 545 4279 Lectio
560 4217 712 4275 meando.
1023 4214 1048 4275 D
1064 4209 1138 4272 disti
1154 4208 1237 4271 eiad
1253 4207 1354 4270 ullum
1370 4208 1514 4288 verbum,
1531 4208 1575 4271 ita
1590 4215 1624 4270 ut
1644 4208 1811 4273 miraretur

72 4340 214 4390 uase.
304 4320 442 4399 Surgens
457 4322 562 4377 autem
576 4310 726 4393 princeps
741 4312 954 4389 sacerdotum,
965 4310 1010 4373 ait
1064 4327 1180 4391 praeses
1196 4308 1412 4370 vehementer.
1429 4306 1516 4369 l'unc
1538 4324 1614 4388 ergo
1636 4308 1811 4389 apprehen·
1823 4330 1957 4385 rounam.

30 4411 234 4518 'lff'fflgffl‘
251 4420 302 4485 ad
318 4426 363 4494 te,
378 4414 508 4478 Domine
522 4412 596 4474 lesu
610 4409 731 4472 Christe
749 4433 756 4471 ι
773 4410 893 4491 hdjuro
908 4418 938 4471 te
954 4428 1010 4490 per
1063 4407 1111 4469 dit
1125 4414 1155 4469 te
1169 4406 1287 4469 Pilatus
1302 4413 1333 4468 et
1347 4404 1532 4487 flagellavit.
1549 4405 1595 4467 Tu
1610 4412 1726 4468 autem.
1824 4397 1845 4439 ¹·

30 4505 133 4581 caes.
226 4493 234 4511 ’
250 4522 365 4583 Deum
379 4515 498 4590 vivum,
515 4518 550 4572 ut
562 4509 651 4571 dicas
666 4508 759 4572 nobis
775 4508 801 4570 si
817 4515 851 4570 tu
870 4528 904 4570 es
923 4508 1011 4571 Chri·
1318 4505 1427 4563 Lectio
1443 4504 1554 4562 tertia.

251 4626 331 4682 stus
347 4611 445 4673 Pilius
458 4608 514 4672 Dei
530 4606 702 4671 benedicti.
719 4605 922 4687 Respondisti
939 4630 946 4667 :
964 4606 1010 4668 Tu
1104 4602 1216 4667 Milites
1240 4608 1345 4663 autem
1366 4598 1508 4681 presidis
1534 4598 1744 4681 suscipientes
1766 4610 1807 4682 te,
1837 4616 1925 4663 ucat.

250 4711 384 4791 dixisti,
399 4727 459 4791 ego
473 4726 561 4785 sum;
577 4713 794 4768 verumtamen
809 4704 882 4768 dico
896 4704 1007 4768 vobis:
1063 4702 1149 4780 lesu,
1172 4702 1205 4762 in
1231 4697 1388 4781 praetorio,
1415 4707 1689 4777 congregaverunt
1713 4700 1751 4761 ad
1778 4707 1809 4763 te
1823 4681 1963 4795 fflfflj

248 4810 385 4880 Amodo
400 4804 549 4870 videbitis
562 4802 677 4865 Filium
692 4801 832 4865 hominis
846 4803 1010 4864 sedentem
1064 4800 1247 4863 universam
1269 4796 1453 4872 eohortem,
1474 4803 1506 4856 et
1526 4795 1700 4876 plectentes
1722 4816 1811 4861 coro-
1824 4806 1845 4853 2·
1860 4808 1880 4847 ³·

248 4937 273 4979 a
290 4907 415 4975 dextris
429 4902 557 4969 virtutis
572 4902 639 4979 Dei,
655 4908 686 4962 et
707 4901 888 4963 venientem
903 4900 938 4961 in
952 4920 1010 4962 nu·
1064 4916 1139 4960 nam
1153 4898 1192 4959 de
1208 4893 1320 4977 spinis,
1337 4894 1558 4975 imposuerunt
1579 4894 1675 4975 capiti
1698 4902 1761 4973 tuo,
1779 4904 1811 4959 et

246 5011 359 5079 bibus
374 5004 458 5069 coeli.
468 5002 556 5063 Tunc
571 4999 720 5081 princeps
735 4998 934 5061 sacerdotum
949 5000 1010 5061 sci·
1063 4996 1253 5059 arundinem
1270 4994 1303 5055 in
1318 4994 1444 5055 dextera
1459 4999 1524 5069 tua,
1541 5000 1572 5054 et
1586 5000 1672 5055 veste
1692 5012 1811 5076 purpu-

246 5112 308 5177 dit
324 5104 517 5169 vestimenta
530 5117 597 5177 sua,
613 5097 723 5160 dicens
737 5119 744 5158 ε
757 5096 1007 5177 blasphemavit3
1064 5115 1117 5159 rea
1132 5092 1411 5156 circumdederunt
1424 5098 1465 5152 te.
1483 5089 1520 5151 Et
1533 5108 1617 5171 genu
1632 5090 1716 5152 flexo
1738 5090 1811 5154 illu-

245 5207 338 5295 quid
364 5200 456 5264 vobis
481 5198 628 5259 videturl
642 5194 886 5275 Responderunt
902 5217 909 5254 ε
927 5194 1009 5257 Reus
1064 5192 1181 5255 debant
1195 5190 1264 5268 tibi,
1277 5190 1419 5251 dicentes
1437 5212 1444 5249 ε
1461 5189 1538 5265 Ave,
1550 5207 1604 5250 rex
1618 5188 1807 5253 ludaeorum.

244 5314 309 5375 est
323 5298 450 5365 mortis.
467 5294 578 5359 Ctviri
597 5292 653 5375 qui
672 5291 822 5355 tenebant
836 5298 879 5373 te,
895 5290 1008 5356 illude
1064 5290 1103 5352 Et
1136 5294 1362 5372 percusserunt
1393 5293 1489 5366 caput
1521 5292 1609 5347 tuum
1641 5284 1807 5369 arundine,
