4309 6259
441 452 501 521 230
737 474 776 523 ne
797 476 887 524 nouis
908 476 1043 523 srrnrrus
1064 474 1182 538 seueri,
1205 474 1380 523 reimerus
1402 477 1447 524 ιιι.
1469 496 1510 507 -
1529 476 1600 522 aar.
1624 474 1700 522 xxrx

440 644 607 708 mediatius
640 644 806 708 ordinatur
832 645 873 707 ad
901 645 983 707 bene
1017 645 1231 726 agendum,A
1286 643 1486 725 Denique,de
1501 644 1549 709 his
1564 645 1618 727 qui
1635 645 1695 708 ista
1710 644 1842 708 scientia
1857 643 1990 726 pollent,

440 744 525 824 quod
540 744 573 805 in
589 763 623 806 se
642 751 691 805 est
711 743 909 824 delectabile,
926 761 1023 823 quam
1045 744 1084 805 ad
1107 742 1190 805 mala
1246 761 1282 804 ac
1311 742 1388 805 alios
1421 743 1564 807 docendo
1601 743 1770 823 illustrant,
1801 743 1833 804 in
1863 742 1992 804 Daniele

440 839 600 905 deflenda.
630 840 734 905 Nihilo
765 841 871 903 minus
900 841 999 903 verba
1022 840 1189 923 Augustini
1247 841 1471 923 scriptumest
1497 866 1503 904 :
1530 841 1587 916 Oui
1612 850 1717 905 autem
1745 840 1829 905 docti
1860 840 1990 917 luerint,
2005 859 2106 904 ouili.

441 939 608 1003 verissima
629 948 714 1003 sunt.
1247 938 1414 1021 fulgebunt
1437 941 1526 1021 quasi
1551 940 1702 1022 splendor
1723 939 1941 1016 firmamenti,
1964 947 1993 1001 et

481 1037 608 1101 Persicit
621 1046 727 1101 autern
742 1038 881 1102 scientiae
895 1039 1014 1101 donum
1030 1037 1140 1117 fidem,
1156 1038 1189 1099 in
1246 1038 1301 1118 qui
1316 1039 1355 1100 ad
1371 1037 1526 1120 justitiam
1546 1039 1695 1101 erudiunt
1716 1038 1881 1119 plurimos,
1905 1037 1991 1119 quasi

444 1144 597 1217 quantum
626 1136 707 1200 fides
736 1137 821 1201 circa
848 1146 1008 1200 creaturas
1036 1138 1189 1217 quasdam
1247 1136 1394 1199 stellein
1414 1145 1582 1219 perpetuas
1605 1137 1806 1200 eetemitates.
1824 1137 1885 1199 Sed
1910 1145 1942 1199 et
1962 1136 1991 1197 in

293 1255 430 1305 lacesso.
445 1235 573 1297 exsistit.
595 1233 722 1297 Perlicit
743 1235 837 1298 etiam
862 1236 1035 1312 caritatem,
1059 1253 1129 1315 quae
1151 1234 1190 1295 si·
1246 1232 1325 1296 Osee
1349 1234 1395 1297 sic
1421 1235 1573 1316 scriptum
1597 1243 1646 1298 est
1668 1258 1676 1295 :
1698 1234 1765 1297 Non
1790 1242 1839 1297 est
1863 1234 1991 1310 veritas,
2006 1258 2103 1307 omrai.

444 1352 485 1395 ne
501 1332 650 1413 operibus
666 1332 935 1414 christiformique
950 1331 1190 1395 conversatione
1247 1349 1311 1394 non
1327 1340 1375 1395 est
1389 1333 1523 1395 scientia
1538 1333 1592 1395 Dei
1607 1334 1639 1394 in
1655 1341 1749 1412 terra,
1767 1334 1798 1395 id
1818 1340 1867 1395 est
1888 1332 1924 1393 in
1945 1332 1993 1393 his

296 1442 428 1495 remen.
442 1438 565 1493 mortua
580 1429 691 1493 fertur.
708 1429 854 1511 Numqui
871 1430 996 1493 sedicit
1013 1430 1046 1492 in
1068 1430 1190 1493 Christo
1247 1430 1300 1510 qui
1317 1439 1473 1493 terrenam
1489 1431 1584 1493 vitem
1600 1430 1891 1511 ducuntlanimalis
1908 1450 1993 1492 nem·
2006 1454 2105 1503 {teau

294 1509 316 1549 ⁸·
440 1545 581 1606 manere,
597 1526 691 1589 debet
710 1526 792 1589 sient
810 1527 863 1589 ille
879 1527 1052 1590 ambulavit
1070 1535 1101 1589 et
1122 1528 1189 1607 ipse
1246 1548 1287 1610 pe
1302 1530 1398 1593 homo
1412 1548 1476 1592 non
1493 1530 1575 1611 sapit
1590 1548 1660 1610 quaa
1675 1537 1749 1591 sunt
1759 1528 1897 1610 Spiritus
1908 1528 1991 1608 Dci);

294 1629 427 1680 amena,
440 1626 603 1687 ambulare
629 1648 637 1686 ε
663 1643 727 1687 non
757 1625 842 1688 enim
871 1633 920 1689 est
949 1645 1058 1688 servus
1088 1626 1190 1706 major
1246 1634 1278 1688 et
1306 1628 1410 1689 denuo
1438 1652 1445 1689 ι
1471 1626 1630 1691 Conticuit
1658 1627 1794 1709 populus
1824 1646 1929 1705 meuS,
1958 1645 2096 1694 cocere.

294 1696 328 1736 ¹⁶'
440 1724 569 1787 domino
589 1742 658 1787 suo.
1246 1724 1330 1804 quod
1350 1743 1413 1787 non
1433 1725 1578 1788 habuerit
1597 1724 1763 1788 scientiam
1787 1723 1865 1803 Dei3
1882 1732 1916 1787 et
1940 1724 1995 1786 ite

1208 1819 1316 1884 Brum
1335 1847 1341 1884 :
1359 1822 1435 1896 Quia
1459 1832 1492 1885 tu
1516 1823 1680 1885 seientiam
1707 1822 1862 1904 repulisti,
1880 1841 1942 1903 ego
1966 1830 2080 1887 tenue..

612 1978 859 2043 aurnuns
888 1977 1014 2041 xm·
1244 1920 1995 2082 ttlllr”tltttttttlt‘ttlt

463 2128 511 2187 De
526 2127 624 2184 laude
638 2126 740 2201 hujus
753 2127 899 2185 scientiae
912 2146 954 2185 ee
972 2125 1165 2185 testimoniis
1245 2135 1307 2198 que
1323 2116 1460 2198 praelatis
1475 2125 1569 2198 atque
1585 2116 1761 2179 rectoribus
1781 2116 1919 2179 maxime
1941 2136 1993 2179 ne

520 2220 524 2228 '
650 2234 752 2273 sacre
777 2216 974 2290 Scriptura».
1245 2215 1383 2277 cessaria
1397 2222 1497 2277 exstat
1515 2234 1552 2277 ac
1575 2215 1672 2277 utilis.
1691 2216 1775 2279 Unde
1797 2216 1838 2278 do
1859 2215 1994 2278 indoctis

1245 2314 1356 2395 templi
1372 2314 1525 2377 ministris
1547 2333 1603 2396 per
1623 2314 1820 2377 Ezechielem
1843 2314 1995 2377 Dominus

516 2410 575 2472 AEtl
599 2412 728 2473 demum
748 2419 796 2473 est
815 2410 869 2472 illa
890 2410 1034 2472 salutaris
1058 2411 1190 2474 scientia
1245 2413 1288 2475 ait
1302 2436 1308 2473 :
1324 2413 1508 2475 Sacerdotes
1524 2413 1606 2474 inter
1620 2412 1777 2494 pollutum
1792 2421 1825 2475 et
1840 2414 1994 2475 mundum
2008 2430 2111 2474 emta,

530 2508 569 2570 de
591 2525 654 2588 qua
668 2507 712 2569 ait
726 2508 887 2590 Scriptura
906 2508 939 2569 in
961 2507 1041 2571 libro
1061 2508 1191 2590 Sapien-
1246 2530 1310 2573 non
1345 2510 1578 2573 intellexerunt.
1609 2510 1690 2573 Hinc
1718 2510 1812 2573 etiam
1841 2510 1995 2573 Dominus
2008 2498 2037 2536 ²⁶·

297 2616 426 2673 Sar-mt-
440 2606 490 2669 tice
516 2630 523 2667 ε
551 2606 674 2668 lustum
699 2607 828 2668 deduxit
855 2606 1006 2669 Dominus
1036 2625 1094 2687 per
1121 2606 1189 2668 vias
1246 2610 1349 2670 Aaron
1365 2608 1520 2671 sacerdoti
1537 2608 1689 2689 precepit
1709 2608 1741 2669 in
1762 2608 1904 2671 levitico
1922 2632 1930 2669 ε
1948 2608 1996 2669 t'i-
2010 2630 2108 2672 mrsu

442 2712 555 2781 rectas,
572 2712 607 2767 et·
625 2705 711 2766 dedit
734 2704 780 2765 illi
804 2704 969 2766 scientiam
994 2713 1187 2767 sanctorum.
1246 2726 1323 2768 num
1343 2714 1375 2768 et
1393 2724 1487 2768 omne
1512 2708 1597 2785 quod
1620 2706 1778 2769 inebriare
1797 2714 1914 2788 potest,
1933 2725 1994 2769 non
2123 2780 2124 2783 Ἴ

294 2812 396 2870 aetram.
411 2800 478 2865 alit
501 2803 540 2864 ad
565 2801 782 2883 Philippenses
807 2802 975 2883 Apostolus
1003 2826 1009 2862 :
1034 2802 1095 2864 Oro
1120 2802 1191 2881 (ait)
1247 2803 1361 2867 bibetis
1389 2812 1422 2865 tu
1446 2811 1479 2865 et
1506 2802 1569 2865 lilii
1598 2804 1654 2883 tui,
1681 2804 1809 2884 quando
1838 2804 1997 2867 intrabitis
2123 2802 2124 2821 ¹

294 2879 359 2927 ⁹'¹⁰'
441 2901 603 2962 utcaritas
623 2908 729 2963 vestra
749 2901 849 2981 magis
872 2920 908 2963 oc
930 2901 1030 2981 magis
1052 2901 1191 2963 abundet
1248 2900 1280 2961 in
1310 2900 1549 2962 tabernaculum
1578 2900 1763 2977 testimonii,
1790 2909 1825 2963 ut
1853 2900 1996 2963 habeatis

441 2998 474 3059 in
499 2998 630 3060 scientia
654 2997 720 3077 Dei,
747 3007 778 3061 et
803 2998 870 3061 sitis
900 2998 1026 3061 sinceri.
1053 2999 1190 3061 Scientia
1210 2996 1414 3061 (lscientiam
1449 2997 1650 3060 discernendi
1680 2998 1762 3060 inter
1790 3006 1938 3061 sanctum
1967 3007 1998 3061 et

442 3104 548 3159 autem
562 3096 629 3158 hec
645 3095 818 3158 fraternam
841 3096 946 3177 dirigit
968 3096 1144 3175 caritatem,
1160 3106 1192 3159 et
1247 3095 1428 3178 profanum,
1444 3095 1648 3176 doceatisque
1662 3094 1749 3158 lilios
1769 3096 1866 3159 lsrael
1888 3096 1997 3159 omnia

442 3193 482 3256 ad
512 3192 628 3256 mentis
652 3194 753 3256 tendit
776 3213 813 3256 ac
838 3193 1001 3256 ordinatur
1030 3194 1192 3257 sincerite-
1247 3194 1390 3275 legitima
1406 3212 1486 3255 mea.
1504 3193 1557 3255 Vs
1571 3211 1648 3274 ergo
1668 3194 1883 3257 sacerdotibus
1907 3214 1997 3258 novae

443 3299 519 3354 tem.
547 3290 640 3354 Porro
669 3291 782 3353 iterum
808 3291 848 3353 ad
872 3291 1092 3372 Philippenses
1116 3292 1192 3354 dicit
1247 3292 1326 3371 legis
1351 3290 1539 3371 cunctisque
1563 3292 1718 3353 ministris
1742 3290 1856 3354 Christi
1888 3292 1997 3355 altaris

297 3387 636 3470 rue,1··.a.Apostolus:
659 3388 810 3451 Existimo
834 3389 941 3451 omnia
964 3389 1190 3452 detrimentum
1246 3390 1300 3470 qui
1315 3388 1481 3470 epotandis
1503 3388 1657 3450 calicibus
1679 3390 1818 3469 student,
1834 3390 2123 3453 eboracensen-w

445 3495 574 3569 propter
587 3486 780 3549 eminentem
801 3487 966 3549 scientiam
988 3487 1113 3549 Domini
1136 3508 1192 3551 no
1247 3506 1310 3567 que
1334 3486 1472 3563 visitant,
1489 3504 1625 3566 quorum
1649 3487 1727 3549 deus
1750 3495 1862 3549 venter
1884 3498 1946 3550 est.
1963 3488 1995 3549 ln
2010 3470 2108 3582 {imm

293 3607 430 3658 caesetio.
445 3585 500 3647 stri
522 3585 596 3647 lesu
615 3584 751 3662 Christi3
767 3594 799 3647 et
818 3586 857 3647 ad
877 3584 1078 3648 Colossenses
1096 3610 1103 3648 :
1119 3588 1193 3648 Am·
1247 3584 1364 3647 talibus
1389 3601 1525 3664 namque
1549 3601 1612 3647 non
1638 3585 1836 3665 permanebit
1859 3586 1996 3667 Spiritus
2012 3596 2037 3634 ¹⁹·
2090 3654 2096 3669 ,

446 3682 559 3745 buletis
584 3682 713 3763 (inquit)
738 3701 795 3763 per
822 3682 930 3745 omnia
954 3692 1133 3746 crescentes
1159 3685 1191 3746 in
1248 3681 1371 3759 Domini
1388 3682 1599 3762 inaeternum,
1615 3682 1767 3763 quoniam
1782 3700 1856 3746 caro
1871 3692 1958 3746 sunt.
2010 3655 2102 3697 ⁶⁶⁸¹*

445 3781 576 3843 scientia
596 3779 661 3843 Dei.
680 3780 723 3842 De
743 3780 801 3843 hac
821 3781 954 3842 scientia
972 3781 1068 3843 lsaias
1089 3783 1193 3864 prola·
1288 3781 1524 3857 Verumtamen,
1542 3780 1624 3842 sieut
1639 3780 1783 3861 llegister
1798 3781 1893 3844 tertio
1916 3782 1996 3845 libro
2009 3796 2111 3841 tarsum

300 3900 432 3951 renuas.
445 3887 518 3940 tur:
531 3878 650 3940 Divitia
665 3877 786 3956 salutis,
803 3879 835 3941 id
851 3886 899 3941 est
913 3888 1099 3942 ornamenta
1114 3881 1193 3943 inte-
1248 3898 1286 3941 ex
1305 3878 1411 3940 verbis
1430 3877 1596 3958 Augustini
1615 3877 1766 3958 declarat,
1787 3878 1922 3942 scientia
1943 3880 1996 3941 Dei

447 3976 539 4038 rionis
560 3974 718 4037 felicitatis
733 3995 788 4038 seu
804 3975 1021 4057 perfectionis,
1038 3978 1193 4058 sapientia
1248 3978 1438 4057 quandoque
1454 3976 1667 4039 communiter
1681 3976 1826 4053 sumitur,
1843 3978 1998 4040 extendit-

447 4081 478 4135 et
493 4072 643 4151 scientia;
660 4073 756 4135 timor
770 4073 895 4136 Domini
909 4074 978 4155 ipse
999 4084 1047 4138 ost
1068 4076 1194 4139 thesau—
1248 4093 1310 4155 que
1326 4093 1360 4136 se
1378 4074 1417 4136 ad
1438 4071 1637 4154 sapientiam,
1654 4092 1724 4153 quae
1746 4080 1778 4135 et
1799 4074 1868 4155 ipsa
1889 4074 1998 4156 appel-

447 4191 501 4234 rus
524 4171 569 4251 (id
598 4178 646 4233 est
670 4180 777 4234 custos
805 4180 837 4234 et
866 4176 1081 4252 conservator)
1109 4175 1191 4256 ejus,
1209 4176 1233 4237 D
1249 4172 1306 4235 lari
1330 4179 1433 4253 potest
1456 4171 1599 4233 scientia.
1617 4171 1662 4232 Ad
1687 4172 1771 4251 quod
1797 4172 1997 4253 probandum

447 4277 555 4351 utpote
570 4268 691 4331 salutis.
709 4269 815 4331 Timor
828 4270 948 4351 quippe
967 4271 1128 4334 declinare
1148 4273 1194 4335 la·
1249 4269 1421 4332 introducit
1435 4268 1629 4349 Augustinus
1645 4268 1723 4330 illud
1738 4270 1997 4351 ApostolizNune
2120 4278 2121 4301 l

447 4368 530 4430 cita
555 4367 659 4445 malo;
676 4386 733 4449 per
756 4369 841 4448 quod
867 4368 951 4430 salus
976 4378 1191 4449 conservetur,
1250 4367 1315 4429 scio
1337 4386 1375 4429 ex
1396 4374 1495 4448 parte.
1512 4366 1664 4447 Loquitur
1687 4367 1772 4429 enirn
1794 4369 1834 4430 de
1856 4378 1999 4431 contern-

448 4465 714 4545 quemadmodum
739 4464 823 4527 idem
848 4472 980 4527 testatur
1003 4465 1157 4547 Propheta
1184 4492 1190 4530 :
1250 4464 1390 4547 piatione
1405 4464 1471 4543 Dei,
1489 4482 1558 4545 quae
1573 4472 1622 4526 est
1636 4464 1800 4545 sapientie
1819 4474 1922 4529 actus.
1940 4466 1999 4529 No-
2120 4476 2121 4513 t

301 4582 433 4635 reusam.
448 4563 503 4625 llic
519 4571 567 4625 est
581 4563 758 4643 (inquiens)
773 4562 878 4625 omnis
900 4563 1034 4643 fructus,
1051 4573 1086 4626 ut
1107 4566 1193 4627 aule-
1250 4572 1314 4625 ster
1338 4570 1442 4624 tamen
1466 4581 1529 4642 quo
1555 4562 1674 4624 utimur
1699 4570 1800 4625 textus
1825 4564 1872 4626 sic
1897 4566 1998 4629 conti-

301 4646 323 4688 ⁹·
450 4668 535 4722 ratur
548 4660 852 4742 peccatumllursns
865 4678 991 4741 quoque
1003 4662 1043 4723 de
1055 4662 1193 4726 scientiae
1249 4670 1304 4724 net
1320 4684 1327 4724 :
1343 4660 1432 4723 Nunc
1458 4679 1615 4742 cognosco
1635 4680 1672 4723 ex
1692 4670 1791 4743 parte.
1808 4661 1918 4745 ltaque
1938 4663 1996 4727 hoe
2011 4676 2017 4719 ι
2031 4676 2107 4719 cm.

315 4774 378 4813 tuet-
406 4770 433 4822 u.
448 4758 532 4822 dono
551 4757 690 4838 loquitur
706 4757 812 4834 lsaias,
828 4759 913 4838 quod
932 4766 1005 4820 ante
1029 4759 1193 4823 inductum
1249 4762 1343 4824 modo
1365 4760 1508 4841 quaedam
1532 4760 1701 4842 Scripturas
1719 4760 1903 4824 testimonia
1924 4764 1999 4825 alle-
2013 4742 2039 4781 η’
2119 4806 2120 4813 ι

300 4836 434 4950 {ff}
449 4856 598 4919 recordor
618 4878 626 4916 ι
647 4855 745 4929 Quem
767 4854 893 4917 docebit
917 4854 1068 4919 Dominus
1093 4858 1195 4920 scien·
1249 4866 1332 4939 gata,
1350 4858 1444 4921 etiam
1460 4860 1499 4921 de
1513 4858 1598 4921 dono
1612 4858 1776 4940 sapientiae
1795 4868 1931 4940 possunt
1953 4862 1999 4923 in·

448 4954 547 5017 tiaml
563 4960 596 5015 et
608 4970 704 5033 quern
719 4951 895 5033 intelligere
916 4952 1010 5016 faciet
1028 4954 1193 5017 auditumt
1251 4956 1362 5038 telligi.

447 5050 628 5113 Ablactatos
649 5069 667 5112 a
688 5047 779 5124 lacte,
797 5050 925 5113 avulsos
948 5050 989 5112 ab
1014 5052 1122 5132 ubere,
1140 5073 1194 5117 eos
1288 5054 1445 5135 Amplius,
1458 5054 1604 5134 quamvis
1618 5054 1683 5135 jam
1698 5062 1771 5116 ante
1786 5064 1998 5119 monstratum
2012 5080 2045 5117 aa.
2057 5084 2090 5115 a„

447 5146 664 5227 videlicetqui
681 5145 823 5208 carnales
838 5146 968 5210 delicias
986 5156 1080 5229 atque
1103 5170 1194 5213 mun·
1250 5153 1301 5232 sit,
1329 5151 1494 5213 scientiam
1524 5151 1616 5214 istam
1646 5170 1716 5231 quaa
1744 5152 1863 5215 donum
1894 5162 1999 5231 est,a

447 5246 544 5308 donas
559 5244 714 5309 vanitates
728 5243 858 5319 horrent
872 5263 909 5307 ac
924 5243 1060 5327 lugiunt.
1248 5249 1416 5331 prudentia
1436 5268 1505 5331 quae
1524 5256 1572 5311 est
1591 5248 1692 5311 virtus
1712 5249 1853 5331 moralis,
1870 5252 1999 5315 realiter
