4309 6259
472 514 512 561 os
531 514 624 561 nouas
644 514 779 561 saturos
799 514 919 573 suumn,
941 512 1116 563 mammos
1137 514 1181 561 ιιι.
1203 534 1244 545 -
1264 514 1333 561 ιιι.
1357 514 1409 562 ιιι
1657 488 1717 561 ua

173 691 275 767 potest
295 684 329 745 ln
354 702 393 747 eo
416 682 471 767 qui
496 683 598 766 ipsam
623 685 790 749 conlortat.
806 680 957 747 Ettieita
971 682 1045 745 llibi
1065 692 1171 747 autem
1192 684 1351 747 adherere
1374 682 1439 748 Deo
1461 684 1581 747 bonum
1605 690 1663 747 est.
1680 682 1718 747 m
1745 698 1785 742 rs.
1802 712 1865 753 um.
1899 740 1903 747 .

173 782 257 845 enim
271 781 333 845 hoo
347 781 466 845 donum
481 781 642 845 hominem
657 782 819 845 adomnia
836 780 918 844 divi·
972 790 1100 845 sanctus
1127 783 1185 846 lob
1212 806 1219 843 :
1245 782 1377 845 Etiamsi
1405 782 1536 863 (inquit)
1564 781 1718 847 occiderit
1730 762 1822 875 {anm
1832 825 1865 867 ,g

174 900 221 942 nra
240 878 413 941 voluntatis
431 880 547 961 placita
567 878 747 957 efficacem,
764 898 783 942 a
798 879 917 961 Spiritu
972 898 1034 957 me,
1053 880 1085 941 in
1109 880 1178 962 ipso
1200 881 1344 962 sperabo.

174 978 287 1041 Sancto
301 977 583 1059 supernaturaliter
596 978 759 1058 mobilem,
775 978 820 1040 ita
833 978 915 1040 utin
1011 978 1164 1060 Denique,
1191 978 1458 1061 quemadmodum
1483 979 1566 1041 dona
1594 976 1719 1059 sapien-

173 1075 376 1139 eontumeliis
400 1084 494 1157 atque
519 1076 685 1139 temnentis
705 1095 762 1157 pro
781 1076 846 1139 Deo
870 1076 918 1137 in·
972 1075 1034 1151 tiae,
1052 1076 1242 1153 intellectus,
1261 1075 1402 1138 scientie
1417 1082 1511 1157 atque
1527 1076 1665 1155 consilii,
1679 1076 1718 1138 ad

173 1180 282 1255 genter
306 1174 441 1235 exsultet
460 1175 750 1256 :quemadmodum
775 1174 915 1256 Apostoli
972 1174 1244 1255 supernaturalem
1260 1173 1336 1236 lidei
1352 1174 1498 1237 notitiam
1519 1174 1718 1251 ordinantur,

56 1288 160 1333 acanu-
174 1272 232 1335 boo
247 1272 367 1334 donum
382 1271 496 1349 sortiti,
513 1272 602 1335 ibant
622 1273 796 1355 gaudentes
810 1291 829 1334 a
843 1290 919 1335 con·
973 1271 1137 1353 ipsamque
1150 1272 1163 1334 l
1165 1271 1247 1335 idem
1260 1270 1433 1353 perficiunt
1445 1272 1618 1334 secundum
1635 1270 1719 1353 quod

173 1376 285 1451 spectu
299 1368 441 1448 aoncilii,
457 1369 609 1450 quoniam
624 1370 712 1451 digni
727 1370 828 1432 habiti
844 1376 919 1431 sunt
973 1369 1055 1433 lides
1076 1370 1115 1433 ad
1135 1370 1332 1433 intellectum
1352 1370 1630 1451 cognitionemque
1651 1388 1720 1450 per-

173 1485 229 1548 pro
256 1466 388 1529 nomine
415 1466 488 1529 lesu
516 1467 741 1530 contumeliam
771 1466 857 1548 pati3
886 1474 919 1529 et
973 1468 1073 1545 tinet;
1095 1468 1141 1531 sic
1166 1468 1362 1532 lortitudlnis
1385 1469 1504 1531 donum
1529 1466 1657 1550 perlicit
1680 1466 1720 1529 li-

172 1563 349 1626 beatissimi
377 1572 531 1645 martyres
564 1564 681 1627 virtute
717 1564 814 1644 hujus
841 1564 917 1627 doni
972 1567 1045 1629 dem
1065 1566 1097 1627 in
1122 1575 1274 1647 quantum
1300 1566 1585 1647 perdilectionem
1610 1584 1868 1647 aperueramus.

171 1681 244 1725 cum
259 1662 441 1725 incredibili
456 1660 620 1744 patientia,
637 1661 701 1726 imo
715 1680 788 1725 cum
802 1662 919 1744 gaudio
973 1671 1024 1726 tur
1052 1688 1061 1726 z
1091 1683 1165 1727 nam
1199 1664 1280 1727 lides
1316 1666 1384 1727 sine
1419 1664 1568 1746 operibus
1596 1673 1720 1727 mortua
1745 1680 1823 1725 aava.
1845 1695 1867 1731 l.

172 1762 370 1839 admirando,
393 1780 467 1823 cum
492 1760 683 1824 inconcussa
707 1760 838 1835 liducia,
860 1761 919 1823 im·
974 1761 1168 1843 perhibetur.
1185 1761 1314 1825 Perlicit
1339 1763 1435 1825 etiam
1457 1784 1558 1845 spem,
1574 1782 1615 1826 ne
1636 1747 1769 1825 frah-²⁶·

171 1859 360 1922 manissima
381 1858 582 1940 patiebantur
602 1859 771 1941 supplicia.
931 1860 1066 1942 llgatur
1094 1860 1246 1922 adversis.
1273 1860 1433 1942 Praecipue
1458 1870 1563 1924 autem
1594 1860 1722 1942 perlicit

210 1957 356 2038 Denique
384 1976 473 2020 sacra
501 1957 663 2039 Scriptura
686 1958 726 2019 ad
749 1957 831 2020 bane
859 1974 919 2019 nos
974 1958 1136 2020 caritatem
1155 1958 1294 2019 :caritas
1315 1958 1401 2020 enim
1417 1959 1443 2021 si
1459 1968 1517 2036 est,
1534 1978 1650 2041 magna
1671 1978 1723 2021 ex-

171 2055 394 2119 lortitudiuem
423 2055 560 2117 ubertim
589 2055 742 2118 hortatur.
769 2054 857 2118 Unde
885 2054 919 2115 in
973 2063 1071 2135 ercet,
1087 2074 1146 2117 nec
1170 2062 1272 2136 potest
1294 2055 1394 2119 otiosa
1419 2057 1602 2137 consistere,
1619 2075 1722 2139 neque

45 2174 157 2223 ranan.
171 2152 250 2215 lsaia
277 2153 431 2235 scriptum
457 2162 527 2215 est:
544 2152 647 2215 Nolite
671 2152 783 2216 timere
807 2171 921 2234 oppro
975 2152 1134 2216 inlormis.
1158 2152 1235 2229 lmo,
1257 2152 1283 2215 si
1309 2154 1432 2233 operari
1458 2154 1586 2231 desinit,
1607 2154 1722 2217 caritas

170 2250 279 2313 buum
305 2250 472 2314 hominum
496 2259 528 2314 et
549 2251 765 2333 blasphemias
786 2270 918 2327 eorum,
975 2270 1051 2315 vera
1081 2270 1144 2314 non
1179 2259 1237 2331 est,
1267 2252 1534 2332 quemadmodum
1568 2254 1721 2334 scriptum

171 2350 243 2430 quis
258 2358 307 2428 tu,
324 2358 361 2411 ut
374 2349 485 2412 timeas
504 2349 544 2412 ab
564 2349 695 2413 homine
716 2349 853 2428 mortali,
870 2350 920 2412 vel
976 2357 1024 2413 est
1040 2373 1047 2411 z
1063 2348 1132 2413 Non
1146 2348 1317 2431 diligamus
1333 2348 1430 2413 verbo
1449 2368 1508 2413 neo
1530 2351 1649 2433 lingua,
1667 2352 1722 2414 sed
1737 2368 1869 2419 tranen.

171 2448 277 2511 alilio
292 2447 502 2529 hominisqui
521 2448 611 2529 quasi
632 2447 753 2511 loenum
776 2451 920 2510 arescett
976 2466 1071 2527 opere
1096 2456 1129 2509 et
1153 2447 1294 2509 veritate.
1322 2446 1399 2509 Nam
1423 2448 1512 2530 juxta
1536 2447 1720 2530 praehablts,
1736 2434 1830 2537 2¹1„

50 2546 208 2617 neraellt
235 2546 310 2627 ipse
334 2544 523 2627 Unigenitus
547 2546 603 2608 Dei
630 2570 637 2607 z
664 2544 767 2608 Nolite
791 2546 921 2627 (inquit)
977 2545 1130 2608 lortitudo
1154 2564 1223 2627 quae
1246 2546 1365 2609 donum
1392 2554 1531 2623 vocatur,
1553 2546 1586 2608 in
1612 2546 1723 2609 eodem

43 2631 70 2671 ²⁸·
170 2644 288 2706 timere
315 2662 370 2706 eos
398 2642 453 2725 qui
483 2662 600 2725 corpus
631 2643 792 2707 occidunt.
822 2644 860 2706 Et
888 2644 919 2705 in
977 2644 1101 2706 exsistit
1133 2644 1278 2725 subjecto
1311 2663 1384 2707 cum
1413 2645 1555 2722 caritate,
1587 2652 1662 2725 puta
1691 2645 1723 2706 in

56 2740 267 2805 rm1.a.losue
290 2764 298 2802 z
321 2740 402 2803 Ecce
427 2740 577 2823 praecipio
600 2741 671 2819 tibi,
691 2741 871 2805 confortare
891 2750 923 2804 ot
977 2742 1150 2805 voluntate.
1167 2742 1206 2805 lit
1220 2742 1303 2805 sicut
1318 2742 1482 2825 sapientie
1503 2743 1622 2806 donum
1645 2744 1726 2805 cari·

170 2846 239 2901 esto
264 2838 416 2901 robustus
439 2839 552 2914 valde3
577 2839 643 2902 noli
669 2847 820 2917 metuere,
846 2859 923 2922 quo
977 2848 1074 2903 tatem
1091 2841 1342 2921 perlicit,actum
1358 2841 1428 2922 ejus
1444 2841 1626 2905 interiorem
1642 2842 1726 2905 exci-

170 2936 259 2999 niam
275 2944 382 2999 tecum
397 2944 445 2999 est
459 2936 610 2999 Dominus
625 2936 707 2998 Deus
721 2943 795 2998 tuus
810 2936 843 2997 in
858 2955 923 2999 om·
977 2941 1085 3019 tando,
1101 2940 1267 3022 dirigendo
1287 2948 1318 3001 et
1337 2939 1571 3015 conservando,
1595 2939 1641 3002 sic
1662 2938 1725 3003 lor-

170 3035 267 3097 nibns
284 3035 324 3097 ad
339 3052 546 3115 quaecumque
561 3034 784 3115 perrexerisln
798 3034 922 3099 Psalmo
937 3035 959 3098 G
979 3037 1124 3099 titudinis
1152 3037 1271 3100 donum
1300 3037 1463 3100 caritatem
1494 3036 1660 3100 concernit
1688 3056 1726 3099 ao

42 3153 158 3204 mmm.
171 3151 302 3214 quoque
319 3156 326 3194 ε
344 3132 484 3195 viriliter
497 3132 592 3213 agite,
608 3141 641 3196 ct
654 3132 850 3197 confortetur
868 3153 924 3197 cor
978 3134 1107 3215 perlicit
1121 3134 1222 3216 quoad
1239 3153 1334 3215 opera
1349 3134 1419 3216 ejus
1434 3135 1599 3213 exteriora,
1617 3153 1727 3216 quam-

171 3240 329 3307 vestrum,
346 3248 457 3293 omues
477 3230 532 3311 qui
558 3230 692 3311 speratis
718 3232 750 3292 in
775 3232 921 3295 Domino.
978 3233 1028 3296 vis
1063 3233 1160 3295 etiam
1190 3234 1355 3296 interiores
1383 3242 1472 3295 actus
1501 3233 1641 3295 caritatis
1671 3252 1728 3314 per

172 3328 230 3390 Per
244 3328 445 3391 lentitudinis
459 3328 556 3408 igitur
569 3328 688 3391 donum
703 3330 766 3391 [leo
782 3348 923 3392 reveren·
978 3332 1097 3394 donum
1113 3330 1309 3395 lortitudinis
1324 3331 1533 3412 expediantur
1551 3350 1608 3395 scu
1623 3350 1728 3412 prom-

171 3427 300 3489 tissime
323 3425 533 3505 deservimus,
552 3427 750 3490 daemonibus
775 3427 924 3509 praeuale·
978 3429 1064 3511 ptius
1089 3428 1180 3491 liant.
1201 3429 1331 3505 Rursus,
1354 3429 1509 3509 sapientia
1528 3429 1657 3511 perlicit
1677 3448 1727 3492 ca-

172 3546 256 3603 mus,
274 3524 616 3601 mundumcalcamus,
633 3525 793 3607 nosipsos
813 3526 925 3588 devin·
979 3528 1104 3590 ritatem
1130 3535 1280 3609 tanquam
1305 3527 1446 3607 dirigens
1471 3546 1552 3607 eam,
1574 3528 1727 3591 lortitudo

173 3626 294 3701 cimus,
314 3623 378 3687 Deo
400 3622 626 3685 assimilamur.
642 3623 686 3686 De
704 3643 767 3705 quo
788 3624 821 3685 in
842 3624 924 3688 libro
978 3634 1084 3688 autem
1100 3634 1250 3707 tanquam
1265 3625 1446 3688 ellicaciam
1466 3626 1656 3707 exsequendi
1673 3628 1726 3689 ad-

40 3740 159 3790 elmus
173 3722 233 3785 lob
257 3722 396 3785 habetur
412 3744 418 3783 :
436 3721 517 3784 Deus
542 3730 686 3803 potentes
710 3740 774 3785 non
799 3723 921 3804 abjicit,
979 3743 1110 3806 augens.

172 3841 275 3903 φιιιιιι
292 3820 334 3882 sit
353 3820 420 3901 ipse
442 3827 565 3899 potens.
582 3820 756 3883 Praesertim
772 3840 847 3885 vero
868 3841 925 3903 per
1019 3822 1344 3899 Verumtamen,sicut
1355 3830 1563 3885 monstratum
1579 3832 1627 3886 ast
1640 3825 1725 3906 quod
1739 3846 1779 3885 ur.
1795 3854 1810 3893 t,
1824 3853 1852 3883 n.

173 3918 375 3982 fortitudinis
395 3917 514 3980 donum
534 3917 696 3981 imitamur
720 3920 926 3983 immutabili·
978 3921 1098 3984 donum
1114 3920 1240 3983 consilii
1258 3921 1339 3984 inter
1354 3920 1486 3983 virtutes
1502 3921 1637 3985 morales
1653 3942 1726 4003 pre-

173 4028 273 4081 tatem
289 4016 407 4080 divinae
422 4025 553 4096 naturae,
564 4017 830 4097 stabilitatemque
845 4018 926 4080 divi·
980 4020 1073 4100 cipue
1098 4019 1248 4101 respiciat
1272 4019 1483 4101 perliciatque
1513 4021 1723 4102 pmdantiam,

173 4137 223 4180 nra
238 4115 417 4180 sententia.
434 4115 517 4177 Deus
530 4116 616 4177 enim
636 4134 694 4196 per
711 4115 923 4196 Prophetam:
979 4118 1026 4181 sic
1041 4119 1159 4181 donum
1180 4118 1374 4181 lortitudinis
1393 4128 1547 4199 quantum
1568 4121 1607 4183 ad
1628 4121 1729 4184 virtu-

51 4229 145 4273 aaut.
172 4216 241 4296 Ego
266 4214 399 4294 (inquit)
419 4231 489 4276 sum
509 4213 603 4289 Deus,
623 4222 655 4275 et
672 4232 736 4276 non
756 4222 871 4277 mutor.
889 4212 965 4277 ΕΗ)
980 4224 1027 4278 tes
1042 4216 1177 4279 morales
1193 4216 1374 4296 specialiter
1394 4216 1521 4298 perlicit
1539 4226 1633 4300 atque
1653 4238 1727 4282 con-

40 4296 111 4409 ”2'323'
124 4369 157 4401 η
174 4313 208 4374 in
227 4313 315 4375 libro
332 4311 453 4392 Regum
477 4311 522 4373 ait
544 4311 730 4392 Scriptura:
748 4312 842 4375 Porro
861 4313 927 4375 'lri-
981 4314 1082 4377 cemit
1108 4313 1328 4378 fortitudinem
1354 4315 1547 4378 cardinalem
1576 4316 1728 4380 exsisten-

38 4418 67 4457 ἢ·
174 4411 349 4493 umpbator
363 4409 396 4470 in
410 4408 505 4471 lsrael
526 4427 590 4472 non
611 4418 728 4490 parcet,
745 4430 806 4473 nec
825 4412 927 4493 poeni-
982 4420 1045 4475 tem
1071 4412 1231 4476 virtutem.
1249 4412 1411 4476 Fortitudo
1433 4414 1519 4475 enim
1544 4415 1726 4493 cardinalis,

174 4511 290 4572 tudine
305 4508 464 4572 llectetur.
481 4507 582 4582 Ouum
602 4507 738 4571 allectus
759 4529 815 4571 seu
837 4518 926 4572 actus
981 4519 1030 4573 est
1043 4510 1144 4573 virtus
1159 4510 1315 4591 acquisita
1328 4530 1365 4573 ac
1381 4512 1727 4589 naturalis,secundum

172 4608 251 4671 doni
269 4606 467 4670 lortitudinis
481 4606 523 4668 sit
536 4606 678 4668 animum
698 4606 872 4670 stabilitare
892 4607 926 4669 in
981 4607 1141 4670 dictamen
1155 4608 1309 4670 naturalis
1324 4607 1456 4671 rationis
1471 4615 1502 4670 et
1515 4608 1596 4690 juris
1618 4628 1726 4692 agens.

172 4706 250 4782 lleo,
269 4712 366 4786 atque
380 4708 428 4784 (ut
449 4704 497 4767 las
511 4706 573 4783 est)
588 4704 812 4769 immobilitare
827 4706 860 4768 in
875 4726 924 4784 eo,
981 4706 1143 4769 Fortitudo
1163 4724 1238 4769 vero
1260 4706 1378 4768 donum
1401 4707 1589 4785 consistens,
1606 4716 1655 4771 est
1674 4710 1730 4772 ha-

171 4805 305 4867 dicente
330 4802 481 4883 Gregorio
508 4803 658 4884 quoniam
687 4804 793 4865 Saneu
822 4805 925 4868 occidi
982 4804 1067 4866 bitus
1083 4804 1333 4885 supernaturalis
1348 4810 1441 4885 atque
1464 4804 1600 4882 inlusus,
1618 4826 1730 4869 secun-

172 4911 323 4985 possunt,
340 4902 395 4965 sed
410 4901 499 4965 llecti
514 4910 692 4983 nequeunt;
705 4910 828 4966 constat
842 4904 926 4985 quod
981 4904 1057 4965 dum
1074 4902 1233 4984 principia
1249 4902 1325 4965 lidai
1342 4902 1522 4983 divinaque
1538 4904 1617 4985 legis
1631 4923 1729 4987 agens

173 5010 320 5064 mentem
335 4999 534 5064 deiformiter
547 4999 694 5063 stabilem
709 5009 803 5081 atque
817 5002 928 5065 incon·
981 5021 1018 5063 ac
1039 5002 1174 5082 patiens
1191 5000 1297 5063 Nihilo
1322 5001 1428 5063 minus
1453 5000 1604 5065 fortitudo
1628 5004 1730 5065 cardi-

173 5100 365 5163 cussibilem
381 5099 500 5161 reddat.
517 5099 582 5162 iloc
596 5099 696 5161 sensit
709 5103 759 5178 (ut
774 5102 857 5178 reor)
872 5100 925 5180 qui
982 5100 1065 5161 nalis
1090 5105 1193 5180 potest
1216 5117 1285 5159 esse
1311 5095 1427 5175 inlusa,
1456 5098 1539 5160 sicut
1562 5106 1593 5161 et
1618 5119 1728 5165 omnes

37 5209 160 5263 mmai.
174 5197 299 5260 cecinit
324 5220 332 5259 ι
359 5196 424 5278 Sgo
447 5204 553 5260 autem
579 5196 643 5259 dixi
672 5198 705 5259 in
733 5196 929 5260 abundantia
982 5197 1126 5259 virtutes.
1143 5196 1247 5259 Potest
1265 5214 1391 5277 quoque
1411 5197 1586 5259 secundum
1611 5198 1728 5261 divine

174 5315 261 5373 mea,
275 5294 345 5359 Non
359 5294 511 5359 movebor
525 5294 557 5357 in
571 5303 740 5371 atemum3
753 5302 785 5357 et
799 5296 924 5359 denuo:
983 5294 1064 5376 legis
1093 5314 1148 5357 seu
1174 5292 1422 5376 supernaturalis
1450 5293 1532 5375 juris
1561 5314 1727 5360 censuram
