4309 6259
444 454 504 520 til
1002 482 1093 530 noan
1114 482 1154 529 nn
1174 482 1321 531 rasarone
1342 483 1450 530 norrun

703 653 858 712 Paclmua
871 653 930 713 21.
1204 652 1231 714 A
1285 652 1377 715 Solva
1399 672 1450 716 me
1474 672 1511 716 cx
1535 670 1588 717 cre
1612 651 1726 731 leonis,
1746 660 1778 716 et
1801 670 1820 715 a
1840 652 1979 717 cornibus

287 750 429 806 rama-aa
483 746 577 828 Deus,
593 746 676 811 Deus
697 766 799 829 meus,
816 749 937 832 respice
953 750 987 812 in
1000 769 1052 814 me
1067 772 1074 811 :
1092 769 1189 831 quare
1244 749 1447 815 unicornium
1463 749 1674 815 humilitatem
1689 769 1805 813 meam.

442 862 495 908 me
509 844 724 926 dereliquistil
738 846 846 929 Longe
860 866 879 910 a
893 848 993 911 salute
1008 867 1078 911 mea
1093 848 1190 912 verba
1284 847 1389 912 Gloria
1403 848 1496 927 Patri,
1513 856 1545 913 et
1558 848 1648 928 llilio,
1665 856 1696 912 et
1717 847 1848 931 Spiritui
1862 848 1977 912 Sancto.

442 942 632 1007 delictorum
653 962 808 1008 meorum.
1284 946 1373 1010 Sicut
1387 955 1454 1010 erat
1469 947 1502 1009 in
1517 947 1688 1030 principio,
1705 955 1737 1009 et
1750 965 1847 1025 nunc,
1864 954 1896 1009 et
1909 966 1980 1011 sem-

481 1042 565 1105 Deus
589 1062 691 1121 meus,
713 1043 857 1108 clamabo
876 1062 935 1127 per
954 1044 1051 1123 diem,
1073 1053 1104 1108 et
1125 1063 1189 1108 non
1244 1063 1312 1127 per,
1328 1054 1361 1108 ct
1374 1045 1407 1108 in
1423 1044 1540 1109 saecula
1554 1044 1753 1110 saeculorum.
1770 1046 1881 1108 Amen.

442 1140 611 1219 exaudies3
636 1149 668 1203 et
692 1150 797 1223 nocte,
823 1151 855 1205 et
878 1161 942 1207 non
970 1144 1009 1205 ad
1038 1142 1191 1224 insipien·
1283 1146 1364 1207 Aac.
1382 1144 1523 1207 Christus
1543 1143 1652 1206 dilexit
1670 1161 1739 1224 nos,
1755 1150 1788 1205 et
1800 1142 2082 1220 tradiditseapau

443 1239 522 1303 tiam
544 1238 634 1301 mihi.
1245 1240 1415 1331 metipsum
1427 1260 1484 1325 pro
1498 1241 1590 1306 nobis
1605 1241 1798 1306 oblationem
1812 1248 1845 1305 at
1854 1241 1981 1306 hostiam

483 1337 529 1399 'lu
544 1345 650 1400 autem
664 1336 697 1399 in
718 1346 828 1403 sancto
846 1339 981 1418 habitas,
999 1340 1067 1403 laus
1081 1340 1187 1403 lsrael.
1245 1339 1308 1403 Deo
1324 1339 1362 1431 iu.
1372 1340 1502 1404 odorem
1518 1340 1695 1403 suavitatis.

482 1436 518 1498 ln
532 1444 563 1498 te
577 1445 784 1519 speraverunt
797 1446 903 1519 patres
917 1438 1028 1520 nostri,
1045 1458 1190 1521 sperave·
1284 1448 1316 1501 t.
1341 1436 1474 1519 Adjutcr
1487 1456 1576 1500 mous
1591 1445 1671 1517 esto,
1687 1436 1830 1517 Domine,
1849 1439 2084 1512 cadorcorum.

442 1542 529 1613 runt,
545 1542 577 1597 et
597 1533 740 1598 liberasti
761 1554 827 1600 eos.
1245 1534 1371 1616 linquas
1386 1554 1448 1599 me.

482 1632 528 1694 Ad
547 1640 578 1695 te
597 1632 825 1713 clamaverunt,
847 1642 879 1697 et
898 1635 977 1698 salvi
997 1635 1075 1700 facti
1094 1644 1189 1713 sunt;
1284 1652 1317 1708 n.
1340 1631 1447 1715 Neque
1465 1632 1624 1716 despicias
1643 1652 1706 1713 me,
1727 1633 1820 1715 Deus,
1845 1633 1982 1697 salutaris

442 1730 476 1792 in
491 1738 521 1793 te
537 1739 755 1813 speraverunt,
771 1740 802 1795 et
817 1751 882 1797 non
897 1741 972 1796 sunt
985 1733 1123 1798 confusi.
1246 1748 1347 1793 meus

480 1828 547 1911 llgo
566 1837 672 1893 autem
691 1850 762 1893 sum
782 1832 912 1911 vermis,
934 1840 966 1895 et
986 1850 1050 1895 non
1069 1833 1187 1909 hom03
1207 1832 1231 1895 B
1286 1828 1375 1893 Pater
1389 1836 1507 1894 noster.

441 1926 648 2009 opprobrium
670 1928 836 1991 hominum
858 1938 890 1993 et
909 1930 1048 2012 abjectio
1072 1930 1187 2013 plebis.
1285 1938 1317 1991 r.
1333 1928 1372 1989 Et
1385 1947 1425 1991 nc
1441 1945 1498 1991 nos
1513 1927 1647 1992 inducas
1661 1927 1694 1991 in
1709 1926 1927 1993 tentationem.

479 2024 596 2087 Omnes
615 2025 759 2089 videntes
779 2047 831 2090 me
851 2027 1031 2091 deriserunt
1050 2048 1123 2108 me;
1146 2029 1191 2091 fo
1284 2046 1317 2102 n.
1334 2026 1395 2089 Sed
1410 2026 1511 2090 libera
1525 2044 1584 2091 nos
1599 2045 1618 2090 a
1632 2026 1727 2092 malo,

440 2122 506 2186 cuti
521 2131 596 2185 sunt
610 2122 715 2203 labiis,
732 2133 764 2187 et
776 2133 946 2189 moverunt
960 2135 1066 2210 caput.
1283 2135 1316 2188 v.
1339 2122 1384 2187 Ne
1398 2124 1511 2206 perdas
1526 2144 1599 2188 cum
1614 2124 1734 2208 impiis,
1744 2125 1838 2207 Deus,
1853 2125 1981 2189 animam
1993 2149 2087 2196 rima.

481 2221 626 2304 Speravit
649 2221 683 2283 in
706 2222 852 2302 Domino,
873 2223 988 2307 eripiat
1012 2244 1108 2305 eum3
1129 2224 1189 2288 sal-
1245 2241 1359 2286 meam.

439 2339 516 2383 vum
530 2319 628 2382 faciat
642 2339 726 2398 eum,
743 2322 894 2403 quoniam
910 2323 977 2385 vult
992 2343 1076 2386 eum.
1283 2342 1315 2397 a.
1329 2321 1451 2384 Etcum
1463 2319 1541 2385 viris
1557 2320 1748 2403 sanguinum
1760 2321 1861 2385 vitam
1874 2342 1981 2386 meam.

480 2416 634 2492 Quoniam
649 2426 683 2481 tu
698 2438 732 2481 es
747 2419 801 2501 qui
817 2420 978 2483 extraxisti
993 2440 1044 2484 me
1059 2422 1099 2485 de
1114 2443 1190 2485 ven·
1281 2418 1583 2499 Benedictioltaus,
1596 2419 1652 2482 Dei
1667 2418 1777 2501 lilius,
1790 2438 1850 2484 nos
1864 2420 1985 2485 bencdi-

440 2524 499 2594 tre,
521 2534 594 2598 spes
618 2534 689 2579 mea
713 2516 754 2579 ab
777 2517 930 2581 uberibus
954 2519 1065 2582 matris
1088 2540 1186 2599 meae3
1212 2566 1214 2570 -
1244 2537 1316 2581 cere
1335 2524 1367 2579 et
1385 2516 1536 2598 adjuvare
1557 2534 1683 2599 semper
1702 2516 1864 2599 dignatur.
1880 2518 1983 2581 Amen.

442 2614 476 2676 in
490 2621 521 2677 te
536 2613 698 2696 projectus
713 2634 784 2677 sum
799 2634 837 2678 ex
851 2623 951 2679 utero.

480 2713 524 2775 lle
540 2719 650 2775 ventre
664 2713 774 2777 matris
788 2733 867 2778 meae
881 2715 963 2778 Deus
978 2735 1068 2780 meus
1083 2736 1117 2781 es
1131 2727 1165 2781 tu
1179 2742 1187 2797 3

440 2830 481 2873 ne
496 2810 681 2873 discesseris
696 2831 714 2873 a
728 2831 790 2875 me.

480 2908 634 2983 Quoniam
654 2909 815 2975 tribulatio
834 2909 978 2993 proxima
997 2920 1055 2991 est,
1072 2921 1104 2975 et
1124 2932 1188 2977 nou

440 3006 557 3088 estqui
572 3007 713 3089 adjuvet.

481 3104 764 3169 Circumdederunt
784 3124 835 3169 me
859 3107 950 3169 vituli
978 3109 1082 3189 multi,
1107 3110 1189 3173 tauri

444 3204 579 3285 pingues
594 3202 786 3266 obsederunt
801 3223 863 3267 me.

482 3301 682 3383 Aperuerunt
696 3320 856 3383 superma
870 3320 907 3366 os
921 3322 1025 3383 suum,
1043 3304 1127 3367 sicut
1141 3306 1191 3369 leo

443 3400 571 3481 rapiens
586 3407 618 3461 et
631 3399 772 3482 rugiens.

483 3496 571 3559 Sicut
584 3516 666 3580 aqua
679 3497 803 3561 effusus
818 3518 900 3579 sum,
913 3509 945 3563 et
959 3500 1102 3582 dispersa
1118 3510 1192 3565 sunt

443 3594 552 3658 omnia
566 3612 638 3658 ossa
652 3614 733 3658 mea.

482 3693 612 3756 Factum
631 3702 680 3757 est
698 3713 879 3758 cormeum
897 3704 1048 3777 tanquam
1068 3717 1141 3762 cera
1154 3698 1192 3761 li-

443 3811 599 3874 quescens
614 3793 647 3854 in
662 3794 768 3857 medio
781 3794 903 3857 ventris
918 3795 994 3858 mei.

482 3892 737 3972 Aruittanquam
758 3899 837 3955 testa
859 3893 959 3956 virtus
980 3913 1062 3974 mea,
1078 3903 1111 3958 et
1131 3895 1192 3957 lin·

442 4009 505 4071 gua
519 4008 591 4052 mea
604 3990 737 4053 adhesit
750 3990 897 4053 faucibus
912 3992 1010 4070 meis3
1026 4001 1059 4055 et
1073 3993 1106 4055 in
1122 3994 1192 4076 pul·

443 4107 551 4151 vorem
567 4087 677 4151 mortis
693 4088 926 4153 deduxistime.

483 4187 637 4261 Quoniam
653 4187 931 4252 circumdederunt
941 4209 993 4253 me
1003 4210 1098 4254 canes
1113 4192 1190 4254 mul·
1206 4195 1231 4257 l)

442 4285 478 4365 ti,
495 4284 668 4349 concilium
682 4285 926 4369 malignantium
940 4289 1065 4351 obsedit
1079 4310 1141 4352 me.

482 4385 640 4449 Foderunt
663 4404 776 4447 manus
801 4405 887 4449 meas
911 4394 943 4449 et
965 4389 1063 4470 pedes
1087 4406 1187 4467 meos,

441 4482 724 4545 dinumeraverunt
737 4483 847 4547 omnia
859 4503 931 4548 ossa
945 4505 1027 4549 mea.

481 4580 544 4661 lpsi
574 4599 649 4644 vero
677 4582 959 4646 consideraverunt
986 4593 1019 4647 et
1046 4586 1190 4668 inspexe-

441 4686 516 4740 runt
530 4697 601 4757 me;
617 4678 796 4742 diviserunt
817 4680 878 4742 sibi
894 4681 1084 4744 vestimenta
1106 4702 1187 4765 mea,

442 4782 474 4839 et
488 4796 585 4858 super
598 4786 719 4841 vestem
734 4797 837 4841 meam
853 4779 1010 4842 miserunt
1024 4789 1152 4844 sortem.

482 4874 528 4937 'lu
543 4883 660 4953 autem,
677 4877 821 4955 Domine,
837 4896 878 4939 ne
892 4877 1093 4960 elongaveris
1108 4880 1191 4943 auxi·

441 4970 521 5033 lium
541 4979 633 5034 tuum
656 4992 675 5035 a
699 4992 760 5051 me,
781 4973 820 5036 ad
845 4972 1063 5039 defensionem
1086 4996 1189 5040 meam

441 5069 603 5152 conspice.

480 5168 562 5231 Erue
591 5188 609 5231 a
637 5168 758 5231 framea
785 5169 926 5233 animam
953 5191 1069 5253 meam,
1096 5182 1127 5235 ct
1149 5174 1188 5236 de

439 5285 537 5331 manu
552 5266 640 5332 canis
654 5267 782 5332 unicam
797 5287 912 5335 meam.

1493 2616 1602 2677 Lectio
1613 2618 1738 2691 prima.

1341 2711 1438 2776 Coena
1451 2712 1546 2789 facta,
1563 2730 1597 2775 es
1611 2732 1757 2793 egressus

1323 2811 1421 2874 'frans
1435 2818 1608 2875 torrentem
1623 2811 1756 2893 Gedron,
1772 2810 1906 2893 (lbriste,
1997 2828 2100 2871 rmus

1323 2908 1400 2973 Cum
1414 2907 1573 2992 Apostolis
1587 2908 1750 2991 ingressus

1324 3006 1450 3088 Villam,
1466 3024 1485 3070 o
1500 3007 1653 3088 Salvator,
1668 3007 1758 3070 triste

1324 3105 1383 3169 Cor
1397 3104 1620 3186 tunchabens,
1633 3104 1755 3172 intrans
1770 3107 1910 3187 hortum,

1324 3202 1382 3278 Qui
1398 3202 1509 3265 salutis
1525 3211 1654 3284 praestas
1667 3210 1805 3285 portum.

1324 3301 1446 3364 Patrem
1463 3308 1510 3363 ter
1524 3307 1600 3363 tunc
1615 3302 1762 3380 exorasti,

1325 3398 1383 3474 Qui
1400 3396 1445 3461 sic
1461 3406 1573 3480 sponte
1588 3396 1779 3481 formidasti,

1324 3499 1363 3561 Ut
1377 3498 1404 3560 si
1419 3505 1503 3560 esset
1517 3497 1680 3579 possibile,

1326 3595 1431 3659 Genus
1447 3595 1525 3658 illud
1542 3594 1683 3659 terribile

1325 3693 1430 3757 llortis
1445 3713 1464 3756 a
1479 3701 1509 3756 te
1524 3702 1697 3774 amoveret,

1325 3792 1389 3856 Nec
1404 3800 1435 3855 te
1449 3792 1551 3856 bostis
1567 3790 1613 3856 sic
1629 3800 1800 3875 torqueret.

1325 3892 1406 3954 lletu
1421 3890 1534 3955 mortis
1549 3890 1696 3969 naturali,

1325 3988 1447 4073 Agonia
1462 3989 1495 4051 in
1511 3987 1630 4072 poenali

1323 4088 1433 4152 Guttas
1449 4086 1613 4170 sanguinis
1629 4087 1761 4167 sudasti,

1326 4188 1414 4251 Tunc
1429 4185 1583 4270 prolixius
1597 4187 1703 4251 orasti.

1324 4288 1390 4349 Tua
1405 4285 1512 4349 anima
1525 4284 1719 4363 tristabatur,

1324 4386 1427 4467 Usque
1442 4393 1577 4448 mortem
1592 4384 1777 4449 lassabatur.

1324 4484 1455 4548 Obviam
1470 4483 1546 4546 hinc
1561 4482 1744 4566 processisti

1324 4581 1484 4659 HostibuS,
1500 4599 1559 4643 nec
1574 4579 1720 4643 timuisti.

1324 4680 1426 4755 Quum
1440 4687 1471 4742 te
1485 4679 1591 4742 lasum
1606 4678 1798 4760 affirmares,

1325 4779 1362 4841 Et
1376 4777 1543 4861 quaesitum
1559 4786 1588 4841 te
1605 4787 1808 4857 monstrareS,

1324 4878 1392 4941 llcx
1406 4884 1578 4940 retrorsum
1593 4876 1750 4955 abierunt,

1324 4977 1362 5039 ldt
1376 4976 1410 5039 in
1425 4984 1542 5039 terram
1558 4984 1756 5055 corruerunt,

1324 5074 1388 5138 Nec
1402 5075 1535 5157 quibant
1549 5093 1583 5137 se
1598 5074 1719 5156 erigere

1324 5173 1430 5236 Donec
1445 5171 1548 5235 sivisti
1564 5170 1673 5234 libere.

1325 5270 1363 5335 Ut
1376 5279 1410 5333 tu
1425 5270 1493 5354 ipse
1507 5268 1681 5349 asserebas,

1999 3080 2027 3120 ll.
