4309 6259
443 494 484 541 nn
504 493 707 544 semmuro
728 495 937 545 rumanrsrra
958 497 1115 547 snnaosns
1137 498 1203 546 snx.
1226 516 1266 529 -
1287 498 1385 547 snnrro
1405 498 1440 547 nr
1656 482 1716 547 teo

166 662 322 743 exhibere,
337 663 368 726 ei
390 663 592 728 familiariter
611 666 782 745 adherere,
805 667 910 749 ipsum
925 668 951 731 A
968 668 1076 751 loquia
1093 670 1198 751 :quod
1214 670 1344 733 estsine
1360 668 1598 733 intermissione
1612 684 1713 747 orare,
1737 686 1861 743 rrum,

166 761 449 825 intrateamorose
464 764 911 845 complecti,sinceritercon-
966 767 1103 849 Tempus
1132 767 1190 830 tibi
1220 768 1377 829 indultum
1412 775 1523 849 reputa
1554 766 1716 848 pretiosis·
1730 752 1762 793 ¹⁷·

164 859 320 941 templari,
349 860 502 941 omnique
529 862 582 924 die
612 863 714 944 magis
748 863 911 927 ferventer
965 863 1083 926 simum
1102 865 1243 943 donum,
1265 864 1297 925 in
1319 883 1356 929 eo
1376 864 1543 947 negotiari,
1567 863 1713 941 mercari,

164 956 305 1038 diligere.
321 956 492 1021 Considera
505 958 706 1023 altitudinem
720 960 822 1024 divini
839 980 911 1025 con·
966 960 1083 1023 lucrari
1099 980 1162 1025 non
1183 980 1288 1025 cesses
1306 986 1313 1023 ε
1330 962 1414 1044 quod
1436 970 1485 1025 est
1505 960 1715 1025 thesaurizare
1729 988 1816 1033 nest,
1831 1003 1859 1042 u.

164 1052 238 1129 silii,
263 1054 506 1135 dispositionem
531 1057 818 1138 snperbeatissime
842 1060 910 1121 l'ri·
965 1058 998 1121 in
1021 1060 1122 1123 coelis.
1144 1060 1220 1123 Cum
1243 1079 1358 1141 magno
1380 1060 1435 1123 illo
1455 1060 1524 1123 Elia
1543 1060 1595 1122 dic
1617 1078 1713 1141 sepe,
1727 1052 1761 1097 ²⁰·

164 1152 281 1229 nitatis,
304 1152 469 1215 decretum
492 1160 617 1219 eterne
639 1174 678 1219 ac
701 1155 837 1219 infinite
861 1176 909 1219 sa·
964 1157 1070 1239 cogita
1098 1158 1225 1241 sepius,
1254 1158 1470 1239 contemplare
1499 1156 1673 1238 sepissime
1704 1180 1711 1220 ε

162 1248 289 1332 pientie
316 1250 433 1312 summi
461 1250 517 1313 llei
545 1270 642 1333 super
670 1254 844 1317 salvatione
871 1274 908 1317 ac
965 1254 1052 1317 Vivit
1077 1256 1243 1335 Dominus,
1275 1256 1307 1317 in
1337 1255 1430 1337 cujus
1458 1262 1632 1337 conspectu
1665 1264 1713 1319 sto
1729 1278 1869 1338 runem,

163 1348 254 1411 modo
279 1348 508 1431 redemptionis
531 1350 660 1433 generis
684 1352 827 1433 humani,
852 1371 910 1435 per
965 1352 1069 1415 bodie.
1092 1353 1206 1435 Sicque
1230 1353 1374 1417 iudicem
1399 1352 1629 1436 sempiternum
1653 1352 1712 1416 tibi
1729 1346 1748 1386 ¹·

163 1445 412 1511 incarnationem
426 1455 459 1511 et
471 1449 653 1532 passionem
669 1452 825 1534 unigeniti
836 1452 908 1514 llilii
965 1449 1183 1515 indesinenter
1201 1460 1400 1534 presentem,
1422 1450 1591 1529 intentum,
1608 1450 1714 1514 immi-

162 1544 258 1608 Patris
278 1547 408 1626 eterni,
430 1554 551 1612 mutam
573 1551 908 1632 supergloriosissime
964 1556 1094 1611 nentem
1118 1568 1244 1632 semper
1269 1550 1450 1628 advertens,
1478 1549 1510 1611 in
1535 1549 1605 1630 ejus
1634 1568 1713 1632 pre-

163 1641 323 1707 Trinitatis
350 1645 527 1727 caritatem,
554 1647 769 1729 clementiam,
794 1648 909 1712 libera-
963 1646 1066 1709 sentia
1089 1654 1120 1709 te
1148 1648 1267 1728 ubique
1296 1654 1328 1710 et
1342 1665 1469 1728 semper
1496 1666 1576 1729 pure
1605 1655 1636 1709 et
1664 1666 1713 1710 re-

75 1751 80 1761 ·
162 1739 279 1803 litatem
306 1743 347 1805 ad
378 1760 438 1809 nos
470 1744 612 1827 adspice,
642 1746 812 1825 admirare,
841 1748 908 1828 glo-
962 1753 1120 1825 verenter,
1137 1746 1283 1810 timorate
1301 1753 1332 1808 et
1350 1744 1513 1809 fructuose
1532 1764 1569 1809 ac
1589 1745 1712 1809 fervide

162 1837 262 1920 rifica,
288 1860 452 1922 venerare,
479 1842 636 1922 collauda,
662 1852 694 1907 ct
722 1853 787 1909 toto
811 1846 906 1909 corde
924 1840 1057 1907 Bbabe.

161 1936 193 1999 in
216 1938 316 2001 llenrn
340 1940 420 2019 redi,
445 1941 623 2024 ingredere,
645 1943 815 2021 resolvere,
838 1944 908 2025 qui·
1001 1941 1155 2023 Denique,
1172 1942 1233 2006 boc
1252 1940 1460 2005 fundamento
1482 1942 1586 2025 posito
1601 1950 1633 2005 et
1647 1961 1712 2005 ser-

161 2054 241 2115 esce,
257 2036 416 2103 obdormi.
436 2039 472 2101 ln
493 2039 544 2102 bis
562 2040 722 2104 delectare
740 2050 774 2104 et
790 2041 904 2122 jubila,
961 2046 1046 2118 vato,
1062 2040 1089 2101 si
1110 2058 1337 2121 supererogare
1359 2040 1436 2121 quid
1455 2040 1608 2121 potueris,
1626 2041 1711 2103 etad

161 2152 195 2197 ac
209 2134 370 2201 indefesso
391 2145 422 2199 te
442 2154 587 2220 occupa3
602 2139 671 2202 bec
692 2138 908 2203 indelebiliter
961 2137 1208 2202 celebrationem
1233 2146 1263 2200 te
1291 2138 1460 2220 disponere
1483 2137 1625 2219 quiveris
1655 2156 1712 2219 per

161 2232 306 2314 imprime
329 2242 391 2298 tue
415 2236 578 2300 memorie
600 2236 783 2320 jugiterque
807 2257 908 2301 reme-
961 2236 1112 2299 exercitia
1139 2236 1264 2315 altiora,
1292 2254 1348 2317 per
1366 2244 1465 2299 actus
1493 2236 1648 2299 virtutum
1676 2236 1710 2297 in

161 2348 256 2397 mora.
961 2334 1098 2399 termino
1118 2334 1325 2415 excellentie,
1342 2354 1400 2417 per
1419 2334 1620 2399 heroicorum
1640 2334 1712 2397 imi·

197 2429 358 2509 Praeterea,
375 2440 494 2512 quanto
508 2432 695 2515 religiosum
710 2441 836 2517 oportet
850 2453 907 2497 se
961 2432 1114 2496 tationem
1138 2432 1291 2511 virorum,
1317 2431 1437 2515 optime
1462 2450 1512 2495 res
1539 2440 1627 2513 gesta
1651 2439 1709 2495 est.

160 2527 256 2591 culari
282 2528 415 2593 homine
442 2548 513 2593 esse
544 2530 805 2613 spiritualiorem,
836 2552 906 2615 per-
960 2529 1090 2612 Oportet
1111 2531 1230 2613 quippe
1251 2550 1270 2594 a
1290 2530 1344 2593 via
1365 2530 1531 2612 purgativa
1554 2530 1709 2612 incipere,

160 2622 323 2689 fectiorem
355 2645 393 2690 ae
425 2629 666 2693 custoditionem
701 2630 735 2691 in
768 2631 904 2711 cunctis,
960 2636 993 2689 et
1006 2629 1046 2691 ab
1060 2648 1098 2691 ea
1113 2629 1152 2691 ad
1168 2628 1412 2691 illuminativam
1425 2628 1511 2691 viam
1527 2629 1709 2708 escendere,

160 2730 243 2787 tauto
263 2732 296 2787 et
317 2731 361 2805 te,
383 2743 403 2789 o
424 2725 575 2808 religiose
599 2729 760 2807 sacerdos,
781 2737 907 2811 oportet
959 2734 1055 2807 atque
1077 2746 1135 2808 per
1155 2745 1226 2789 eam
1245 2726 1284 2789 ad
1304 2725 1388 2789 viam
1409 2724 1619 2807 perfectivam
1640 2744 1711 2808 per-

159 2839 220 2903 pre
247 2822 453 2886 secularibus
481 2825 674 2905 presbyteris
698 2826 906 2889 excellentius
959 2823 1094 2905 tingere.
1119 2825 1198 2887 Sunt
1219 2842 1357 2906 namque
1378 2824 1413 2886 in
1434 2842 1624 2906 unaquaque
1647 2824 1711 2887 vir-

160 2927 188 2981 te
201 2938 378 3003 preparare
398 2921 438 2985 ad
459 2923 686 2986 celebrandum
707 2923 818 2987 divina
838 2945 906 3006 my·
960 2929 1063 2985 tutum
1092 2923 1188 2985 trium
1218 2924 1257 2985 ad
1285 2941 1365 3003 quas
1393 2930 1424 2985 te
1460 2930 1535 2985 voto
1562 2921 1710 3003 obligasti

160 3018 260 3081 steria.
276 3018 344 3082 lllis
362 3038 516 3101 magnum
535 3029 585 3084 est
604 3040 731 3085 servare
750 3022 806 3085 Dei
826 3021 941 3105 pre-C
959 3019 1097 3100 solenni,
1120 3020 1185 3083 imo
1207 3018 1241 3081 in
1262 3021 1377 3083 ceteris
1398 3038 1537 3101 quoque,
1558 3026 1621 3082 tres
1640 3039 1711 3101 gra-

160 3118 459 3201 cepta,Patrumque
474 3138 613 3183 canones
628 3139 666 3183 ac
680 3122 819 3201 decreta,
833 3141 904 3203 syn·
959 3119 1030 3196 dus,
1057 3125 1092 3181 ut
1113 3118 1189 3181 alibi
1214 3118 1246 3181 in
1272 3118 1419 3201 plurimis
1443 3117 1638 3181 declaratum
1663 3126 1712 3181 est

159 3216 258 3279 odalia
284 3235 413 3299 quoque
441 3226 568 3283 statuta.
595 3220 642 3281 'lu
665 3219 748 3283 ultra
771 3220 839 3284 hec
864 3222 904 3284 ad
959 3216 1049 3279 locis.
1065 3216 1101 3279 ln
1115 3216 1232 3297 quibus
1247 3216 1397 3299 gradibus
1418 3215 1444 3278 si
1465 3222 1593 3279 strenue
1613 3216 1712 3297 profi-

159 3314 332 3379 monastica
355 3323 437 3397 vote,
457 3318 497 3379 ad
517 3336 614 3381 sacre
633 3318 796 3399 religionis
815 3339 905 3382 man·
959 3334 1032 3378 cere
1046 3323 1141 3396 atque
1156 3315 1327 3379 ascendere
1343 3333 1435 3377 cures
1455 3321 1487 3377 et
1507 3320 1643 3395 satagas
1659 3333 1712 3376 ex-

158 3411 227 3475 data
258 3413 390 3493 teneris,
419 3415 467 3476 ad·
491 3415 710 3478 observantias
742 3416 903 3499 regulares
959 3411 1092 3494 perieris
1113 3413 1381 3493 quemadmodum
1403 3430 1460 3493 per
1474 3408 1709 3474 observantiam

159 3508 373 3592 adstringeris,
382 3512 421 3573 ad
435 3510 666 3593 perfectionem
681 3514 810 3577 tendere
823 3513 905 3577 obli·
958 3510 1148 3592 regularem,
1165 3530 1223 3592 per
1241 3509 1503 3592 adimpletionem
1525 3506 1709 3571 monastice

157 3607 249 3688 garis.
271 3608 304 3671 si
331 3625 406 3692 ergo
430 3628 505 3673 vere
528 3610 619 3692 cupis
644 3618 675 3673 te
700 3610 739 3673 ad
763 3610 904 3675 celebra·
957 3608 1166 3691 pmfessionis
1184 3607 1328 3687 fidelem,
1345 3625 1403 3689 per
1417 3606 1591 3670 sollicitum
1606 3603 1709 3686 quoti-

158 3703 272 3769 tioncm
306 3706 488 3789 disponere,
522 3710 584 3771 hoc
619 3709 724 3791 primo
757 3711 902 3773 omniurn
957 3707 1088 3770 dianum
1109 3705 1299 3788 profectum,
1315 3703 1518 3788 perveniatur
1539 3704 1579 3765 ad
1600 3720 1707 3765 arcem

159 3804 256 3885 stude,
277 3812 312 3867 ut
336 3824 374 3868 ea
396 3824 466 3887 que
487 3804 615 3869 Ordinis
639 3806 686 3869 tui
711 3815 786 3869 sunt
808 3816 839 3871 et
862 3808 902 3871 ad
957 3802 1246 3886 contemplationis,
1276 3804 1315 3865 ad
1346 3800 1575 3883 perfectionem
1603 3797 1706 3861 divini

158 3917 224 3981 que
243 3921 282 3965 ex
302 3902 503 3985 professione
523 3905 654 3983 teneris,
670 3904 841 3987 diligenter
860 3906 902 3970 ir·
956 3901 1085 3980 amoris,
1101 3902 1140 3964 ad
1156 3900 1320 3983 mysticam
1335 3898 1539 3979 theologiam,
1555 3915 1626 3978 que
1641 3913 1706 3958 non

157 4000 510 4084 reprehensibiliterqne
544 4001 705 4081 observes,
738 4004 903 4069 discretio-
956 4001 1041 4063 aliud
1055 4008 1209 4081 estquam
1223 4000 1341 4063 donum
1356 3996 1518 4080 sapientie
1533 3996 1706 4059 secundum

157 4116 227 4160 nem
246 4098 280 4161 in
300 4099 452 4164 omnibus
471 4109 592 4180 teneas,
612 4100 647 4163 in
668 4101 826 4184 profunda
844 4104 902 4166 hu·
955 4098 1089 4180 gradum
1112 4118 1204 4161 suurn
1230 4097 1419 4181 perfectum,
1443 4114 1500 4178 per
1524 4113 1620 4176 quern
1645 4101 1706 4156 stat

157 4196 297 4279 militate,
323 4198 549 4263 honestissima
571 4200 735 4283 patientia,
762 4201 902 4284 gloriosa
918 4208 942 4269 Ι)
956 4216 1046 4260 mens
1061 4197 1213 4279 depurata
1228 4205 1260 4260 et
1279 4196 1403 4261 fervida
1418 4194 1452 4256 in
1467 4198 1615 4257 contactu
1629 4191 1705 4256 solis

157 4296 397 4360 mansuetudine
422 4296 541 4361 invicte
564 4317 752 4381 permaneas
775 4307 808 4362 et
830 4320 902 4365 suc·
956 4296 1126 4379 Sapientie
1152 4295 1311 4375 increete,
1336 4296 1397 4357 hoc
1427 4301 1476 4357 est
1501 4292 1535 4354 in
1563 4291 1706 4375 proxima

158 4410 290 4475 crescas,
312 4396 408 4459 boras
437 4396 607 4460 canonicas
635 4404 753 4460 attente
782 4400 902 4480 persol-
956 4394 1166 4477 dispositione
1189 4396 1229 4457 ad
1252 4393 1410 4457 actualem
1438 4390 1705 4454 illuminationem

157 4510 220 4573 vas,
239 4502 272 4556 et
294 4512 358 4577 quo
382 4493 601 4558 dulcissimam
626 4495 801 4578 Virginem,
823 4516 902 4579 pre-
956 4512 1140 4575 supernam,
1173 4494 1212 4556 ad
1243 4492 1468 4556 vehementem
1499 4507 1536 4552 ac
1565 4488 1704 4551 validam

157 4591 381 4655 stantissimam
416 4592 532 4656 Christi
559 4594 700 4674 Matrem,
731 4594 901 4659 cordialius
956 4592 1245 4656 inflammationem
1264 4591 1434 4667 internam,
1455 4588 1495 4651 ad
1519 4587 1704 4652 continuam

157 4689 272 4773 diligis,
292 4710 331 4755 eo
351 4699 384 4755 et
402 4690 498 4755 horas
513 4692 616 4775 ipsius
635 4693 781 4758 devotius
800 4694 898 4776 legas.
956 4698 1010 4753 aut
1034 4690 1146 4753 saltem
1171 4690 1330 4753 assiduam
1356 4686 1583 4765 visitationem,
1610 4684 1703 4746 inun-

157 4788 344 4855 Obedientie
358 4799 476 4854 sancte
490 4791 537 4853 nil
548 4790 902 4875 preferas.Quempiam
955 4789 1115 4853 dationem
1131 4808 1168 4851 ao
1182 4785 1461 4869 locupletationem
1477 4782 1613 4865 Spiritus
1628 4782 1704 4845 San-

158 4888 366 4953 scandalizare
380 4890 533 4970 exhorre;
549 4890 610 4956 boc
623 4910 750 4975 quoque
764 4894 901 4957 sollicite
956 4889 1011 4969 cti,
1035 4886 1158 4950 babens
1181 4886 1400 4950 indesinenter
1424 4902 1531 4947 coram
1555 4902 1589 4945 se
1613 4882 1702 4964 quasi

157 5002 307 5065 precave,
322 5006 364 5050 ne
377 4987 480 5050 ullum
499 4991 652 5073 temporis
671 4991 767 5073 hujus
786 4991 900 5054 incerti
956 5006 1127 5069 expansam
1161 4986 1323 5068 regionem
1356 4984 1545 5047 immensam
1572 4980 1703 5043 luminis

157 5100 192 5144 ac
210 5084 328 5148 modici
346 5085 406 5148 tibi
425 5087 479 5169 pie
498 5087 612 5150 indulti
634 5097 830 5153 momentum
853 5090 903 5151 in·
955 5085 1101 5165 increati,
1132 5084 1165 5147 in
1200 5104 1296 5167 quarn
1330 5082 1454 5164 ingredi
1490 5080 1703 5162 intuitumque

158 5179 315 5246 fructuose
334 5192 545 5266 pertranseas.
561 5187 639 5249 Cum
661 5188 724 5252 Deo
739 5188 773 5250 in
795 5188 901 5252 cordis
955 5184 1097 5266 defigere
1117 5191 1220 5266 potest
1238 5183 1276 5246 ad
1300 5181 1424 5244 libitum
1447 5178 1581 5259 :sicque
1603 5186 1704 5241 trans-

158 5278 201 5340 tui
214 5285 330 5345 arcano
344 5282 562 5348 indesinenter
576 5284 667 5349 stude
681 5286 818 5351 miscere
832 5286 898 5352 col·
956 5285 1112 5349 formatur
1134 5290 1198 5345 tarn
1220 5281 1325 5345 valide
1350 5280 1384 5342 in
1410 5279 1574 5358 dilectum,
1598 5277 1632 5339 in
1653 5296 1705 5339 su·

280 5416 313 5469 T·
330 5418 370 5470 35.
1548 5411 1580 5465 30
