4309 6259
444 470 504 535 ata
739 482 780 530 nr
798 480 1046 531 nomme
1065 475 1186 535 sanem,
1207 474 1383 525 refermus
1404 475 1445 522 rv.
1468 492 1509 505 -
1529 473 1695 521 anomov

445 657 537 736 citur,
553 656 639 738 quod
660 674 721 739 pax
737 671 805 718 non
818 650 943 716 estnisi
964 650 1115 733 gaudium
1136 648 1194 711 im·
1207 647 1233 709 A
1247 642 1295 709 θεῖ
1320 645 1457 728 cognitio
1479 644 1703 708 altissimarum
1728 660 1903 705 causarum.
1930 642 1987 705 llas

304 775 430 820 tumet.
444 756 663 837 perturbatum
680 778 688 817 :
704 753 854 836 gaudium
869 759 976 814 autem
996 769 1059 813 non
1076 757 1124 811 est
1140 748 1193 809 ba·
1247 752 1352 807 autem
1386 743 1536 806 dicuntur
1565 760 1686 823 magnae
1719 749 1751 803 et
1786 740 1890 803 ardue
1925 739 1986 803 sive

301 840 431 952 ζωῗϊῗζ
446 852 540 930 bitus,
561 852 616 915 sed
642 850 711 932 ejus
730 850 878 913 effectus.
893 848 951 910 Sic
972 855 1004 910 et
1024 854 1193 929 paupertas
1246 841 1405 905 altissimae
1429 840 1607 923 dupliciter.
1634 839 1748 917 Primo,
1774 839 1807 899 in
1833 846 1918 901 certo
1941 856 1989 919 ge-

447 951 574 1033 spiritus
603 944 709 1012 verius
736 948 853 1010 dicitur
880 945 1003 1009 virtutis
1033 965 1090 1008 seu
1119 943 1193 1006 doni
1247 960 1322 1004 nere
1345 964 1352 1001 ι
1374 949 1405 1003 et
1425 940 1470 1001 sic
1490 938 1642 1021 sapientia
1661 938 1764 1020 primo
1786 935 1989 999 communiter

445 1046 583 1110 effectus
601 1065 698 1128 quam
718 1045 855 1108 habitus.
873 1044 989 1106 Verum
1011 1042 1060 1105 his
1082 1042 1194 1104 immo
1247 1038 1381 1101 sumitur
1409 1056 1466 1120 pro
1496 1036 1674 1119 cognitione
1699 1054 1805 1098 rerum
1829 1033 1988 1096 altissima-

446 1146 508 1208 rari
522 1146 583 1209 hoc
599 1144 670 1208 loco
685 1162 749 1207 non
764 1150 812 1205 est
826 1141 969 1204 intentio.
1248 1156 1318 1199 rum
1333 1136 1365 1197 in
1381 1144 1467 1199 certo
1483 1154 1609 1217 genere.
1620 1133 1778 1211 Secundo,
1791 1131 1986 1215 simpliciter:

484 1243 618 1325 Insuper
640 1260 717 1324 ergo
738 1241 814 1304 dicit
838 1240 891 1302 bic
911 1241 1023 1302 doctor
1046 1261 1052 1299 :
1076 1236 1192 1300 Divisio
1247 1234 1355 1315 sicque
1385 1233 1539 1315 sapientia
1567 1232 1683 1294 dicitur
1707 1230 1844 1313 cognitio
1870 1230 1988 1311 pmprie

445 1342 600 1404 donorum
625 1358 689 1403 uuo
714 1339 808 1402 modo
831 1337 985 1420 accipitur
1008 1354 1107 1417 penes
1131 1334 1194 1397 vir·
1247 1332 1425 1395 divinorum
1441 1339 1472 1394 et
1490 1339 1691 1394 atomorum.
1709 1329 1769 1392 Sed
1784 1329 1844 1390 ista
1860 1328 1988 1409 cognitio

444 1446 527 1501 tutes
548 1438 581 1501 in
602 1456 737 1524 quarum
758 1435 951 1517 adjutorium
971 1435 1097 1496 dantur.
1114 1431 1192 1495 Nam
1248 1438 1351 1512 potest
1374 1429 1483 1492 haberi
1507 1428 1675 1511 dupliciter
1696 1451 1703 1489 ι
1727 1426 1840 1510 primo,
1861 1445 1919 1508 per
1940 1446 1988 1487 na-

443 1538 587 1618 quaedam
616 1536 732 1598 dantur
758 1535 792 1597 in
820 1533 1012 1615 adjutorium
1041 1530 1193 1612 theologi·
1246 1526 1381 1590 turalem
1401 1526 1554 1590 rationem
1579 1535 1610 1589 et
1636 1525 1774 1587 studium
1796 1543 1833 1586 ac
1856 1524 1987 1586 laborem

444 1654 553 1697 carum
582 1634 734 1697 virtutum
762 1655 770 1694 ι
797 1640 833 1694 ιιῖ
857 1630 1011 1713 sapientia
1041 1629 1073 1690 in
1104 1628 1193 1709 adju·
1247 1645 1319 1688 cum
1335 1625 1501 1688 vivacitate
1516 1624 1654 1705 ingenii,
1672 1623 1824 1700 secundo,
1841 1640 1899 1704 per
1913 1620 1989 1682 inlu-

443 1733 560 1796 torium
580 1731 729 1809 caritatis,
747 1730 926 1793 intellectus
945 1728 977 1789 in
1000 1725 1191 1808 adjutorium
1247 1723 1368 1787 sionem
1384 1732 1416 1786 et
1431 1722 1688 1803 conjunctionem
1704 1720 1820 1783 mentis
1835 1738 1908 1783 cum
1920 1720 1988 1797 lleo,

444 1830 530 1910 fidei,
552 1830 647 1892 timor
669 1830 702 1891 in
728 1828 920 1910 adjutorium
944 1826 1023 1908 spei,
1050 1844 1090 1888 ne
1116 1842 1193 1905 praa-
1210 1822 1423 1887 Rsecundum
1448 1821 1532 1902 quod
1556 1820 1652 1883 bomo
1677 1838 1735 1902 per
1758 1818 1915 1881 internam
1939 1836 1990 1898 pu-

444 1937 558 1992 sumat.
575 1927 643 1990 Alia
662 1936 797 2008 quatuor
815 1926 930 1987 dantur
947 1924 980 1985 in
1000 1922 1192 2004 adjutorium
1249 1920 1371 1983 ritatem
1400 1919 1508 1982 divium
1533 1918 1646 1981 lumini
1669 1918 1777 1980 unitus
1802 1925 1834 1979 et
1859 1916 1990 1979 affectus

444 2026 597 2088 virtutum
627 2023 834 2087 cardinalium
860 2046 867 2084 :
895 2030 930 2083 ut
955 2021 1054 2103 pietas
1077 2020 1110 2082 in
1140 2020 1193 2081 ad·
1247 2016 1396 2080 efficitur.
1414 2017 1516 2079 Prima
1530 2015 1668 2098 cognitio
1683 2014 1876 2077 assimilatur
1890 2014 1990 2095 cogni-

442 2122 596 2203 jutorium
620 2121 759 2203 justitiae,
787 2120 918 2183 scientia
942 2118 975 2180 in
1000 2117 1193 2199 adjutorium
1247 2114 1325 2177 tioni
1339 2133 1408 2195 quae
1424 2121 1472 2177 est
1487 2133 1544 2196 per
1564 2113 1670 2176 lumen
1692 2112 1774 2175 lunae
1789 2120 1987 2189 nocturnum,

444 2221 670 2303 temperantia,
682 2218 849 2282 consilium
864 2218 896 2280 in
912 2217 1104 2297 adjutorium
1120 2234 1193 2297 pru·
1247 2232 1317 2294 quae
1335 2222 1384 2276 θεῖ
1404 2213 1472 2275 sine
1491 2211 1638 2291 fervore;
1655 2211 1805 2291 secunda,
1822 2209 1990 2292 cognitioni

444 2319 570 2397 dentiae,
601 2318 752 2382 fortitudo
780 2318 899 2381 donum
935 2317 968 2377 in
999 2314 1192 2395 adjutorium
1247 2330 1317 2392 quae
1345 2318 1394 2374 est
1422 2329 1479 2392 per
1507 2310 1615 2373 lumen
1639 2310 1714 2374 solis
1743 2309 1893 2372 diurnum
1923 2326 1989 2371 cum

443 2416 637 2480 fortitudinis
658 2415 792 2479 virtutis.
1246 2408 1381 2473 fervore.
1405 2409 1507 2471 Prima
1529 2416 1577 2471 est
1598 2407 1736 2490 cognitio
1757 2408 1848 2490 quasi
1870 2426 1927 2489 per
1949 2406 1991 2467 vi-

481 2514 785 2596 ltaque,secundum
800 2514 962 2577 doctorem
977 2511 1192 2587 istum‚unum
1247 2526 1328 2585 sum,
1346 2507 1485 2571 secunda
1500 2507 1590 2587 quasi
1603 2524 1662 2587 per
1682 2514 1821 2587 gustum.
1838 2506 1878 2567 Εῖ
1893 2505 1990 2587 prima

442 2611 573 2688 donum,
605 2608 726 2672 scilicet
754 2607 918 2690 sapientia,
949 2607 1042 2669 datur
1076 2605 1109 2666 in
1139 2605 1193 2667 ad·
1246 2605 1485 2689 aphilosopbis
1510 2604 1637 2686 ponitur
1663 2604 1826 2687 sapientia,
1853 2610 1992 2685 quaeest

440 2708 593 2791 jutorium
622 2707 770 2771 caritatis.
798 2706 837 2769 Et
860 2706 945 2769 idem
971 2705 1192 2768 Bonaventura
1246 2705 1345 2767 virtus
1374 2703 1615 2782 intellectualis;
1642 2704 1781 2766 secunda
1809 2721 1829 2765 a
1859 2701 1989 2777 Sanctis,

324 2806 592 2878 aauaaffirmat.
625 2807 686 2870 Sed
712 2806 872 2885 hibertus,
902 2812 938 2866 ut
967 2803 1077 2886 patuit,
1106 2808 1192 2864 tenet
1245 2821 1315 2883 quae
1343 2811 1392 2865 est
1419 2822 1518 2864 unum
1547 2802 1587 2864 de
1620 2809 1742 2884 septem
1774 2801 1878 2865 donis.
1910 2799 1990 2862 lstud

441 2906 633 2988 oppositum,
650 2924 689 2968 eo
708 2906 792 2986 quod
814 2903 927 2967 caritas
947 2903 987 2964 sit
1006 2900 1093 2966 omni
1107 2902 1191 2963 dono
1247 2899 1383 2982 theologi
1398 2900 1596 2963 concorditer
1610 2899 1731 2963 dcent.

441 3003 622 3087 perfectior.
654 3004 878 3066 Vemmtamen
913 3000 1095 3064 doctoribus
1123 2998 1228 3061 istisC
1286 2998 1345 3061 Sed
1371 2997 1467 3079 objici
1491 3006 1603 3080 potest,
1630 2998 1704 3078 quia
1728 2998 1906 3060 secundum
1930 2994 1993 3059 hri-

415 3103 474 3164 .in
496 3100 557 3164 boc
578 3100 679 3183 magis
700 3100 876 3163 consentio.
892 3099 1018 3162 terrum
1038 3106 1086 3161 est
1106 3097 1191 3160 enim
1245 3095 1401 3173 stotelem,
1433 3094 1632 3178 philosophia
1667 3095 1761 3158 habet
1789 3093 1991 3158 admirabiles

441 3199 526 3279 quod
549 3217 589 3261 ex
609 3216 769 3280 saporosa,
792 3198 877 3260 dulci
898 3204 930 3260 et
954 3195 1191 3279 experimentali
1245 3194 1469 3257 delectationes
1491 3193 1550 3255 sibi
1571 3192 1723 3256 admixtas
1746 3216 1752 3253 :
1773 3193 1860 3274 quod
1881 3212 1992 3255 secun-

441 3296 496 3359 Dci
526 3295 804 3377 contemplatione,
829 3313 900 3376 quae
930 3302 979 3358 est
1001 3301 1091 3357 actus
1116 3292 1191 3357 doni
1244 3294 1321 3354 dum
1356 3311 1440 3369 eum,
1459 3290 1633 3374 ¹potissime
1669 3291 1821 3372 competit
1856 3290 1885 3353 ei
1914 3288 1990 3373 parti

442 3394 614 3476 sapientie,
636 3393 749 3456 caritas
770 3393 950 3475 adjuvetur,
972 3392 1137 3456 roboretur
1160 3398 1192 3454 et
1244 3390 1451 3472 philosophiae
1474 3409 1543 3471 quaa
1568 3388 1783 3471 metaphysica
1808 3408 1866 3452 seu
1893 3390 1991 3471 prima

441 3490 634 3575 perficiatur.
651 3491 740 3555 Ratio
761 3510 887 3573 quoque
907 3492 1025 3555 Alberti
1049 3510 1114 3555 non
1135 3490 1191 3553 ob-
1244 3488 1443 3570 philosopbia
1458 3496 1513 3551 aut
1532 3487 1685 3569 sapientia
1703 3487 1829 3551 dicitur.
1847 3487 1931 3569 Ergo
1946 3505 1993 3548 se-

440 3592 519 3654 tinet
543 3614 551 3653 ε
573 3590 719 3672 quamvis
743 3590 829 3653 enim
853 3590 996 3654 absolute
1017 3590 1187 3670 loquendo,
1245 3587 1385 3649 cundum
1400 3586 1635 3669 Philosophum,
1650 3585 1803 3667 sapientia
1817 3585 1874 3648 illa
1887 3584 1992 3666 acqui-

442 3689 556 3751 caritas
580 3688 620 3751 sit
648 3688 809 3771 sapientiae
838 3690 922 3752 dono
951 3687 1132 3771 perfectior,
1158 3686 1189 3748 id
1245 3684 1303 3746 sita
1317 3692 1349 3746 et
1363 3683 1595 3761 intellectualiS,
1608 3692 1656 3747 est
1671 3683 1992 3767 per-experimentum

443 3795 548 3849 tamen
564 3806 628 3850 non
644 3786 791 3868 prohibet
810 3786 996 3869 sapientiam
1015 3786 1119 3867 quoad
1135 3785 1190 3847 ali·
1244 3790 1276 3845 et
1294 3790 1432 3863 gustum,
1455 3802 1511 3845 seu
1530 3780 1759 3861 admirabilem,
1781 3781 1813 3843 id
1833 3790 1883 3845 θεῖ
1904 3780 1993 3844 valde

440 3903 504 3966 qua
527 3885 650 3966 juvare,
678 3885 788 3948 fovere
812 3893 906 3965 atque
930 3884 1085 3968 perficere
1112 3882 1190 3947 cari-
1245 3898 1405 3961 magnam,
1421 3879 1674 3943 delectationem.
1692 3879 1856 3960 Praeterea,
1872 3880 1907 3941 in
1923 3887 1992 3942 actu

440 3991 548 4060 tatem,
576 3982 750 4063 prasertim
779 3991 909 4065 propter
935 3981 1129 4046 debilitatem
1159 3991 1191 4045 et
1244 3978 1404 4060 sapientie
1425 3978 1533 4059 hujus,
1553 3978 1704 4041 videlieet
1721 3977 1754 4040 in
1776 3978 1992 4060 speculatione

440 4078 714 4143 defectuositatem
744 4080 880 4161 subjecti
904 4081 1054 4160 caritatis,
1081 4088 1189 4163 utpote
1243 4076 1353 4159 optimi
1373 4075 1588 4158 speculabilis,
1605 4075 1694 4158 ponit
1714 4094 1872 4138 summam
1893 4075 1993 4139 homi-

440 4177 612 4241 voluntatis
637 4178 784 4241 humane
811 4202 818 4240 :
845 4178 909 4242 imo
934 4179 1047 4241 caritas
1070 4179 1103 4240 in
1128 4178 1187 4241 hac
1204 4174 1229 4236 D
1244 4174 1293 4237 nis
1322 4174 1516 4253 felicitatem,
1547 4174 1597 4237 cui
1627 4177 1677 4255 (ut
1704 4173 1760 4253 ait)
1791 4192 1870 4255 pura
1899 4184 1992 4255 atque

440 4274 504 4337 vita
523 4275 643 4357 indiget
662 4274 727 4338 fide
746 4294 803 4339 sau
822 4274 898 4338 fidei
919 4276 1103 4339 directione.
1122 4276 1189 4337 Vir·
1243 4274 1401 4356 praecipua
1429 4272 1595 4336 delectatio
1623 4282 1671 4335 est
1699 4290 1831 4335 annexa.
1862 4272 1990 4351 ltemm,

440 4381 522 4436 tutes
550 4392 678 4455 quoque
705 4393 741 4437 se
768 4374 906 4437 invicem
933 4373 1046 4454 juvant
1081 4382 1112 4436 et
1141 4392 1191 4436 ro·
1243 4379 1433 4453 protestatur
1457 4370 1676 4454 Philosophus,
1702 4370 1786 4452 quod
1810 4370 1875 4434 vita
1902 4370 1993 4433 intel-

440 4471 564 4552 borant,
580 4471 654 4553 quia
676 4471 865 4535 coordinata
885 4480 969 4551 sunt,
985 4472 1190 4552 quemadmo
1243 4468 1343 4531 lectus
1367 4468 1466 4532 nostri
1491 4469 1649 4531 interdum
1673 4470 1713 4531 ad
1734 4468 1895 4532 modicum
1923 4468 1992 4531 talis

440 4569 516 4631 dum
545 4569 576 4630 in
611 4570 751 4632 exercitu
785 4569 901 4632 milites
935 4568 1066 4631 faciunt.
1096 4570 1187 4647 Item,
1242 4577 1291 4630 est
1318 4567 1420 4648 qualis
1449 4566 1638 4631 aeternaliter
1667 4576 1715 4630 est
1743 4567 1807 4630 vita
1830 4567 1928 4650 primi
1956 4585 1992 4629 ac

440 4668 535 4730 etiam
559 4668 592 4730 in
611 4668 818 4731 exterioribus
841 4668 1001 4731 cernimus
1023 4667 1188 4731 fortiorem
1241 4666 1476 4729 honoratissimi
1504 4665 1697 4746 intellectus,
1724 4664 1872 4729 videlicet
1900 4665 1957 4728 Dei
1983 4688 1991 4727 τ

441 4765 617 4848 perminus
632 4765 856 4848 fortemposse
869 4766 986 4847 juvari.
1242 4765 1326 4845 quod
1341 4764 1417 4827 dicit
1432 4772 1561 4846 propter
1580 4764 1677 4827 vitam
1697 4764 1992 4847 contemplativam,

479 4866 519 4926 Αῖ
536 4882 613 4927 vero
632 4865 672 4927 de
691 4865 774 4927 dono
792 4866 963 4941 sapientire
977 4872 1115 4927 tractans
1135 4865 1189 4928 Pe·
1240 4864 1273 4925 in
1288 4883 1352 4945 qua
1371 4864 1529 4927 interdum
1550 4863 1715 4927 actualiter
1734 4872 1829 4945 atque
1850 4864 1994 4927 sublimi-

437 4969 506 5024 tms
530 4985 538 5024 :
562 4961 730 5045 Sapientia,
756 4962 869 5043 inquit,
895 4962 1022 5045 proprie
1046 4964 1189 5026 nominat
1240 4972 1290 5026 ter
1313 4981 1433 5026 sumus.
1455 4962 1555 5038 Quum
1583 4982 1658 5045 ergo
1687 4962 1916 5043 contemplatio
1941 4961 1994 5025 Dei

438 5060 609 5141 quamdam
639 5068 759 5123 certam
787 5068 819 5122 et
844 5059 1018 5142 perfectam
1043 5060 1187 5124 notitiam
1241 5062 1329 5124 inse
1354 5062 1423 5144 ipsa
1447 5061 1487 5123 sit
1512 5080 1635 5124 summe
1657 5079 1802 5124 amorosa
1823 5070 1856 5123 et
1876 5061 1992 5141 dulcis,

438 5159 478 5221 de
493 5158 588 5221 rebus
599 5157 722 5240 magnis
737 5167 769 5221 et
783 5157 996 5221 arduis.Unde
1012 5160 1187 5222 secundum
1241 5159 1335 5222 etiam
1361 5160 1584 5243 contemplatio
1609 5178 1705 5241 quam
1729 5158 1918 5222 naturahtar
1939 5159 1993 5221 ha-

439 5257 664 5345 Pbilosophum
699 5256 781 5321 libro
793 5318 795 5322 ,
808 5254 1002 5336 Ethicorum,
1033 5256 1187 5340 sapientia
1241 5259 1353 5321 bemm
1368 5258 1407 5321 de
1422 5259 1486 5321 Deo
1500 5258 1681 5340 aliquando,
1691 5258 1762 5322 talis
1776 5265 1834 5321 est.
1844 5257 1991 5341 Insuper,
