4309 6259
436 469 496 536 212
747 487 788 533 nn
808 485 898 533 nouis
919 483 1054 531 seranus
1075 482 1193 539 srucrr,
1215 480 1389 528 raxarrrus
1410 482 1454 527 m.
1477 500 1518 511 —
1537 481 1607 527 aar.
1630 482 1673 527 vn

435 664 563 719 ternum
592 656 762 719 intractum
797 656 866 718 sive
898 660 1020 717 tactum
1048 650 1225 733 SpiritusA
1440 709 1684 773 ARTICULUS
1707 710 1769 773 VH

436 755 556 833 Sancti,
586 764 725 819 nostram
754 772 933 818 amorosam
961 752 1122 827 virtutem,
1154 749 1186 811 id
1507 766 1508 769 ¹
1774 758 1780 771 ·

437 862 485 915 est
500 855 694 917 voluntatem
708 852 837 915 caritate
852 858 1069 927 amatam,seu
1085 848 1185 929 ipsam
1240 869 1287 927 D,
1306 866 1467 942 madibus
1492 868 1572 925 gom·
1596 869 1751 935 Commi,
1770 876 1800 925 e,
1825 870 1911 945 quod
1930 870 1975 927 g,

438 952 613 1029 caritatem,
630 950 873 1033 tangensffltfffl
887 948 973 1010 enim
989 946 1184 1009 voluntatem
1274 976 1358 1015 ‚num
1390 958 1481 1015 istud
1503 957 1653 1015 omnibus
1676 958 1823 1032 qratiam
1850 965 1974 1033 §rufum

439 1049 478 1111 ad
501 1058 607 1111 actum
637 1056 742 1111 movet
769 1055 800 1109 ct
828 1047 967 1123 excitat),
993 1043 1122 1124 exigens
1150 1048 1185 1103 ut
1278 1047 1452 1121 facientem
1480 1046 1672 1123 habentibus
1698 1047 1779 1105 insit
1808 1048 1973 1105 secandam

439 1165 566 1210 omnem
595 1145 705 1209 mundi
730 1142 1034 1226 concupiscentiam,
1059 1158 1185 1203 omnes·
1279 1136 1421 1211 aliquem
1440 1135 1595 1210 aradam.

438 1263 500 1325 que
515 1244 661 1307 homines
681 1243 721 1305 ad
742 1241 898 1305 exteriora
919 1240 1091 1314 trahentes,
1109 1254 1185 1298 cun·
2113 1286 2114 1309 ,

439 1350 521 1404 ctam
545 1341 675 1422 insuper
693 1341 876 1404 interiorem
901 1338 1181 1419 multiplicitatem,
1310 1336 1453 1400 UONlAhf
1486 1337 1592 1417 itaque
1627 1336 1836 1418 cogitationes
1872 1346 2082 1416 morta-span.
2113 1386 2114 1397 ι

438 1440 470 1501 id
485 1447 534 1502 est
548 1440 651 1501 varias
666 1439 770 1503 cordis
789 1438 1004 1519 dispersiones
1026 1444 1057 1498 et
1078 1454 1181 1511 curas,
1242 1334 1401 1595 Qlium
1418 1443 1492 1497 sunt
1507 1435 1635 1515 timidae,
1652 1443 1746 1515 atque
1766 1435 1895 1499 incertae
1914 1456 1977 1518 pro
2113 1456 2114 1527 ρ

438 1538 586 1600 vitemus.
615 1537 680 1600 Hoc
709 1538 813 1618 palam
846 1543 894 1598 est
927 1534 992 1597 dici
1026 1534 1066 1595 de
1101 1533 1184 1595 dono
1238 1533 1270 1595 vi
1293 1534 1386 1595 entia
1402 1542 1528 1610 nostra,
1545 1551 1604 1595 nec
1627 1534 1710 1595 valet
1731 1534 1892 1616 quispiam
1916 1534 1976 1597 sinc
2113 1536 2114 1625 l

438 1635 563 1699 consilii
586 1644 679 1717 prout
695 1643 838 1698 versatur
858 1634 944 1696 circa
964 1652 1060 1714 opera
1082 1630 1185 1712 pcrfc-
1239 1631 1373 1694 consilio
1398 1630 1498 1693 divini
1524 1631 1694 1694 instinctus
1719 1641 1828 1694 nostra
1852 1633 1977 1695 consilia

437 1734 552 1798 ctionis
567 1752 603 1796 ac
618 1732 917 1816 supererogationis,
933 1731 984 1794 Sic
999 1730 1085 1793 enim
1100 1729 1184 1792 douo
1238 1729 1416 1810 dirigentis,
1426 1728 1466 1790 ad
1482 1737 1596 1791 terram
1611 1728 1789 1792 viventium
1804 1731 1976 1812 pervenire,

437 1832 563 1895 consilii
589 1832 809 1912 informamur,
826 1839 861 1893 ιιι
879 1830 957 1891 illud
976 1828 1060 1909 quod
1081 1827 1183 1890 solum
1201 1830 1225 1891 B
1239 1827 1328 1907 juxta
1359 1827 1437 1889 illud
1471 1826 1719 1909 Psalmographi,
1749 1827 1886 1909 Spiritus
1913 1838 2090 1900 tuusneaa.

435 1928 653 1992 necessarium
668 1936 778 2005 exstat,
796 1936 861 1991 tota
874 1926 1051 1988 intentione
1065 1942 1185 2005 quara·
1239 1926 1341 1988 honus
1359 1926 1495 1988 deducet
1510 1944 1560 1987 mc
1581 1925 1615 1987 in
1634 1933 1750 1987 terram
1766 1926 1979 2007 viventium'3
1992 1956 2060 1995 m

436 2046 508 2089 mus
532 2047 590 2109 per
612 2026 912 2107 contemplationem
938 2024 1106 2100 sinceram,
1128 2040 1185 2103 per

436 2126 641 2189 dilectionem
657 2125 831 2201 ardentem,
839 2143 896 2205 per
910 2121 1183 2185 conversationem

436 2223 623 2307 perfectam,
641 2223 674 2283 in
689 2222 756 2285 solo
775 2222 839 2283 Deo
861 2239 971 2301 pacem
993 2226 1181 2301 quarentes,

436 2322 576 2402 quietem
598 2327 755 2402 optantes,
773 2319 919 2381 unientes
934 2317 963 2380 ei
979 2335 1106 2399 semper
1127 2334 1183 2397 pro

437 2419 559 2483 viribus
591 2426 707 2482 nostra
742 2416 924 2498 fragilitatis
952 2415 1100 2497 spiritum
1128 2432 1184 2477 no-

288 2534 422 2582 rcomaa.
437 2527 549 2597 strum,
566 2523 601 2578 ut
615 2516 715 2579 simus
730 2535 828 2577 unum
844 2534 916 2577 cum
932 2514 996 2576 Deo
1014 2536 1020 2573 :
1038 2532 1112 2574 nam
1128 2512 1182 2593 qui

436 2617 465 2679 ei
494 2616 642 2693 adheret,
675 2634 756 2676 unus
785 2613 915 2695 spiritus
943 2620 1002 2692 est,
1032 2630 1098 2673 non
1128 2629 1184 2692 per

435 2714 617 2792 essentiam,
648 2714 701 2775 sed
737 2730 793 2793 per
827 2710 992 2773 affectum.
1027 2708 1115 2771 Unde
1149 2707 1182 2769 in

435 2811 641 2894 sequentibus
676 2810 782 2873 verbis
811 2810 986 2871 secundum
1015 2808 1181 2871 Doctorem

434 2911 531 2973 istum
559 2908 711 2986 inductiS,
741 2907 892 2987 adjicitur
919 2906 1003 2987 quod
1032 2924 1070 2967 ex
1098 2904 1182 2967 dono

1239 2031 1405 2105 propterea
1419 2024 1541 2105 primus
1556 2024 1672 2105 gradus
1686 2023 1761 2086 doni
1779 2025 1906 2087 consilii
1925 2036 1978 2105 est,

1239 2140 1296 2202 pcr
1316 2140 1409 2202 quem
1430 2122 1630 2203 susceptivus
1650 2122 1813 2184 esthemo
1838 2124 1981 2187 consilio

1240 2238 1308 2279 rum
1329 2218 1464 2299 Spiritus
1484 2218 1590 2281 Sancti
1611 2226 1765 2299 quantum
1790 2220 1829 2281 ad
1856 2240 1894 2283 ea
1917 2240 1980 2302 qua

1238 2316 1417 2379 necessaria
1432 2325 1505 2378 sunt
1526 2316 1631 2393 saluti,
1649 2316 1797 2380 videlicet
1818 2318 1858 2380 ad
1881 2319 1982 2382 obser·

1239 2416 1341 2477 vvanda
1356 2423 1524 2496 precepta.
1540 2415 1606 2476 lmo
1621 2414 1675 2495 qui
1691 2414 1751 2477 isto
1767 2416 1896 2479 consilii
1918 2437 1982 2499 gra-

1238 2514 1280 2575 du
1295 2532 1359 2575 uon
1374 2514 1551 2593 decoratur,
1562 2512 1594 2573 in
1611 2520 1692 2575 statu
1708 2514 1981 2578 condemnationis

1238 2611 1394 2689 consistit,
1404 2611 1671 2692 quemadmodum
1686 2610 1719 2672 in
1733 2612 1814 2673 isaia
1830 2613 1980 2695 scriptum

1238 2718 1285 2771 est
1311 2733 1318 2771 ι
1347 2709 1409 2789 Va,
1425 2708 1487 2770 filii
1513 2709 1701 2790 desertores,
1716 2710 1795 2772 dicit
1819 2708 2085 2791 Dominusauer.

1237 2814 1272 2868 ut
1293 2805 1437 2869 faceretis
1458 2805 1639 2887 consilium,
1656 2816 1687 2870 et
1710 2825 1775 2870 non
1799 2826 1838 2870 ex
1863 2827 1934 2885 me3
1953 2817 1981 2871 et

1236 2903 1422 2967 ordiremini
1456 2905 1562 2984 telam,
1593 2913 1624 2966 et
1658 2923 1723 2968 non
1751 2924 1809 2987 per
1837 2907 1979 2988 spiritum

435 3006 561 3070 consilii
576 3014 608 3068 et
621 3005 746 3069 actione
767 3004 879 3085 ipsius,
896 3003 1016 3066 furiosa
1037 3002 1180 3084 quaedam
1199 3002 1221 3065 C
1238 3022 1354 3065 meum.
1380 3002 1420 3064 m
1448 3002 1480 3063 in
1508 3002 1686 3065 Proverbiis
1715 3003 1877 3085 Sapientia
1905 3005 1948 3067 ait
1971 3028 1977 3065 :

435 3105 500 3166 vita
514 3111 662 3166 causatur
675 3110 707 3164 et
721 3101 943 3183 importunitas
958 3101 996 3163 ad
1012 3100 1106 3163 intra.
1123 3099 1181 3174 Qui

435 3201 521 3264 enim
550 3199 676 3263 consilii
702 3199 799 3280 hujus
823 3199 1030 3261 directionem
1055 3198 1180 3280 recipit,

434 3299 640 3361 vehementer
653 3296 839 3360 accenditur
852 3296 891 3358 ad
907 3296 1059 3358 imitanda
1078 3296 1183 3359 consi-

435 3396 479 3459 lia
506 3396 633 3474 Christi,
663 3395 697 3457 in
731 3394 848 3475 quibus
882 3394 1033 3457 docemur
1067 3402 1182 3456 cuncta

436 3494 628 3575 relinquere,
657 3500 822 3573 totumque
850 3491 1003 3555 affectum
1032 3492 1096 3555 Deo
1125 3492 1183 3555 im-

435 3610 589 3674 mergere,
605 3591 652 3653 nil
676 3609 803 3671 quoque
827 3591 910 3672 quod
930 3608 949 3651 a
967 3590 1031 3653 Deo
1055 3591 1183 3672 elongat

435 3690 613 3753 admittere.
641 3689 702 3751 Sed
730 3690 824 3752 dehet
851 3689 948 3752 homo
976 3688 1036 3750 iste
1065 3708 1099 3751 se
1127 3708 1184 3771 per

436 3787 589 3850 rationem
605 3795 738 3864 arctare,
754 3794 785 3847 ct
799 3804 862 3849 non
878 3786 1008 3867 spiritus
1022 3785 1184 3848 estuantis

436 3885 594 3948 fervorem
623 3883 736 3946 sectari
770 3892 924 3965 quantum
952 3884 991 3945 ad
1019 3884 1184 3946 exterioris

289 3983 578 4051 aom.1u.r.h01ninis
602 3981 859 4045 exercitationem
881 3991 1066 4062 :quatenus
1091 3982 1184 4045 ratio

291 4098 339 4141 rer.
354 4111 424 4148 ava,
438 4080 545 4143 nahile
560 4079 601 4141 sit
615 4097 708 4140 suum
722 4079 923 4159 obsequium,
939 4099 998 4142 nec
1013 4080 1086 4162 plus
1100 4080 1185 4142 face-

1236 3099 1314 3174 outa
1336 3100 1445 3163 vocavi
1463 3109 1494 3163 et
1509 3100 1670 3181 renuistis,
1687 3101 1876 3183 despexistis
1891 3122 1979 3166 omne
1992 3131 2039 3173 m
2050 3131 2093 3172 ,a

1237 3200 1407 3262 consilium
1432 3218 1550 3277 meum,
1577 3206 1608 3261 et
1635 3199 1871 3282 increpationes
1900 3196 2019 3265 measffl·

1237 3298 1432 3379 neglexistis,
1449 3316 1507 3379 ego
1522 3316 1649 3379 quoque
1671 3298 1704 3358 in
1726 3298 1859 3363 interitu
1881 3310 1981 3363 vestro

1238 3396 1356 3460 ridebo.
1387 3432 1428 3441 -
1455 3396 1549 3459 Porro
1578 3396 1737 3458 secundus
1765 3398 1883 3478 gradus
1911 3400 1981 3462 doni

1238 3494 1364 3559 consilii
1384 3502 1442 3571 est,
1460 3512 1517 3575 per
1537 3512 1633 3574 quem
1655 3494 1850 3575 evangelicis
1871 3496 1982 3559 Christi

1239 3592 1380 3656 consiliis
1395 3610 1505 3654 aurem
1524 3591 1640 3653 mentis
1660 3591 1865 3674 inclinamus,
1882 3604 1914 3657 ct
1931 3595 1983 3657 illa

1238 3697 1391 3773 quantum
1430 3688 1586 3770 professio
1624 3689 1721 3770 exigit
1760 3691 1982 3774 adimplemus,

1238 3788 1383 3870 quamvis
1404 3788 1443 3849 ad
1464 3787 1598 3850 consilia
1617 3786 1798 3851 immediate
1817 3808 1883 3853 uon
1909 3791 1986 3854 ohli-

1237 3906 1360 3969 gemur.
1378 3886 1465 3949 Unde
1485 3885 1540 3967 qui
1564 3886 1740 3967 regularem
1763 3895 1857 3968 atque
1879 3908 1986 3953 mona·

1239 3985 1350 4047 sticam
1371 3984 1468 4046 vitam
1493 3983 1695 4065 profitentur,
1712 3985 1751 4046 ad
1777 4004 1813 4047 ea
1838 3994 1987 4050 tenentur

1239 4090 1391 4164 quantum
1407 4082 1476 4164 ipsa
1491 4081 1655 4163 religionis
1671 4089 1787 4145 statuta
1802 4102 1861 4145 seu
1881 4086 1987 4167 regula

440 4198 474 4240 rc
493 4177 569 4239 velit
588 4195 683 4258 quam
703 4177 796 4238 valet.
812 4212 853 4223 —
866 4178 1008 4258 Longum
1028 4186 1133 4241 autem
1154 4186 1185 4240 et
1199 4184 1224 4245 D
1239 4180 1420 4261 postulant;
1437 4187 1469 4241 et
1488 4178 1570 4241 sicut
1590 4197 1701 4243 omnes
1721 4181 1898 4245 mortaliter
1917 4202 1988 4264 pce-

439 4275 531 4338 valde
545 4274 701 4357 prolixum
725 4273 806 4337 foret
825 4276 973 4337 universa
992 4276 1088 4337 verba
1107 4295 1185 4357 prae-

438 4374 524 4436 dicta
536 4391 709 4454 exponere,
727 4374 781 4435 sed
798 4373 867 4435 istis
882 4373 1064 4453 intellectis,
1081 4384 1186 4437 cetera

439 4472 575 4536 arbitror
596 4490 689 4554 posse
710 4471 838 4534 facilius
860 4472 942 4553 capi.

479 4571 629 4633 Praeterea
643 4577 766 4633 constat
780 4589 818 4631 ex
833 4569 893 4649 his,
909 4572 992 4650 qnod
1008 4572 1046 4633 ad
1065 4572 1184 4635 donum

439 4667 563 4733 consilii
581 4667 716 4749 pertinet
731 4667 874 4729 veritatis
888 4669 1111 4750 apprehensio,
1129 4670 1185 4732 sic·

1240 4286 1313 4341 cant
1335 4277 1389 4358 qui
1414 4284 1571 4359 precepta
1598 4296 1662 4339 non
1692 4288 1830 4357 servant,
1858 4280 1906 4343 sic
1934 4282 1987 4363 qui

1239 4375 1373 4439 consilia
1388 4375 1426 4436 ad
1443 4373 1674 4455 professionem
1693 4378 1871 4457 spectantia
1893 4387 1988 4441 trans-

1240 4473 1436 4555 grediuntur,
1445 4471 1619 4535 mortaliter
1633 4475 1904 4555 prevaricantur:
1919 4494 1989 4539 con·

1241 4571 1346 4633 silium
1375 4570 1462 4633 enim
1498 4580 1570 4652 post
1597 4580 1704 4635 votum
1741 4574 1807 4635 vim
1838 4574 1988 4656 precepti

1240 4670 1495 4749 sortitur.ltaquc
1511 4688 1567 4751 per
1581 4671 1755 4733 secundum
1769 4671 1845 4734 doni
1862 4672 1989 4735 consilii

284 4795 424 4850 eumer.
440 4775 474 4829 ut
502 4765 534 4827 in
563 4765 666 4846 prima
691 4765 837 4827 secunda
865 4766 1016 4829 'thomam
1045 4786 1185 4831 asserere

310 4897 374 4937 pm,
406 4863 544 4942 1,fassus
570 4882 651 4925 sum.
673 4865 721 4924 An
742 4881 816 4926 vero
835 4864 884 4925 vel
905 4865 1041 4944 qualiter
1065 4873 1186 4947 spectat

289 4960 372 5000 Μ
439 4964 478 5026 ad
504 4962 622 5025 donum
647 4960 772 5023 consilii
800 4961 957 5041 judicium
985 4963 1024 5026 dc
1054 4964 1184 5027 veritate

438 5061 504 5143 jam
540 5059 678 5141 cognita,
707 5060 791 5139 quod
821 5060 956 5123 Thomas
984 5061 1017 5123 in
1046 5066 1186 5126 secunda

291 5192 393 5238 qanta
403 5181 424 5223 e.
439 5158 585 5222 secunda
600 5156 629 5219 ei
645 5155 807 5236 adscribit,
823 5176 888 5221 non
902 5159 1033 5240 planum
1054 5169 1113 5241 est,
1131 5163 1185 5224 sed

438 5256 566 5339 plenius
588 5254 776 5336 inquiretur.

1240 4769 1372 4850 gradum
1394 4767 1437 4829 ita
1462 4786 1479 4828 a
1500 4767 1617 4849 Spiritu
1641 4768 1757 4831 Sancto
1781 4770 1814 4831 in
1837 4770 1990 4834 cavendis

1240 4865 1391 4948 periculis
1426 4863 1645 4946 faciendisque
1680 4866 1773 4930 honis
1806 4867 1989 4949 dirigimur,

1241 4966 1324 5046 quod
1354 4964 1423 5045 ipsa
1446 4963 1580 5025 consilia
1602 4972 1756 5044 quantum
1785 4966 1824 5027 ad
1854 4966 1991 5029 salutem

1241 5062 1412 5144 requiritur
1426 5060 1633 5124 custodimus.
1646 5098 1686 5107 —
1700 5062 1861 5127 Postremo
1878 5065 1992 5127 tertius

1240 5161 1356 5243 gradus
1371 5159 1445 5223 doni
1461 5158 1587 5222 consilii
1610 5166 1667 5237 est,
1685 5160 1756 5241 ipsa
1776 5162 1892 5223 Christi
1915 5181 1993 5227 con-

1242 5259 1313 5321 silia
1332 5258 1472 5341 perfecte
1494 5258 1626 5339 implere
1648 5266 1800 5339 quantum
1822 5262 1993 5341 praesentis
