4309 6259
447 505 487 551 ll!
507 504 657 552 PASSlONE
678 503 786 551 nomi
807 504 994 552 sstvaroats
1015 504 1175 553 blateolis.
1197 523 1238 533 -
1258 505 1328 550 ant.
1351 504 1424 549 xxm
1648 483 1708 547 305

168 676 197 737 in
213 692 307 755 quem
326 682 432 736 tamen
455 682 518 737 tam
538 673 661 737 lervide
680 672 793 752 lertur,
808 692 904 755 quem
918 674 945 736 A
959 674 1018 753 ire,
1029 674 1267 756 apprehendere
1289 682 1321 737 et
1334 674 1502 755 degustare
1522 671 1705 735 theoricam.

167 780 224 835 tarn
238 772 360 835 intenta
380 772 449 835 acie
469 771 620 852 intuetur,
635 773 676 835 de
695 771 788 852 cujus
807 771 906 852 maje-
959 771 1088 853 Oportet
1111 780 1251 835 menum
1275 772 1315 835 ab
1340 772 1426 835 omni
1451 771 1576 853 privato
1602 787 1707 831 amore

168 879 240 934 state
258 872 425 947 immensa,
440 869 628 933 excellentia
647 869 785 945 infinita,
803 868 906 932 felici·
959 869 1110 932 radicitus
1126 870 1305 951 expurgari,
1323 878 1357 931 ut
1379 886 1579 949 nequaquam
1594 866 1708 946 diligas

167 978 234 1047 tate,
251 967 446 1050 perfectione
460 975 492 1029 et
504 967 607 1049 gloria
620 985 750 1049 prorsus
765 966 906 1030 illimita-
959 976 991 1029 te
1013 967 1047 1028 in
1070 974 1113 1047 te,
1130 968 1184 1029 sed
1208 986 1286 1049 pure
1307 967 1338 1029 in
1359 966 1433 1041 Deo,
1450 972 1544 1045 atque
1562 964 1603 1026 ab
1621 962 1708 1026 omui

167 1076 195 1129 ta
211 1074 274 1127 tarn
293 1066 500 1128 vehementer
517 1073 550 1128 et
568 1065 705 1128 dulciter
719 1065 903 1141 admiratur,
959 1063 1090 1145 obliqua
1105 1063 1277 1127 reflexione
1293 1064 1330 1126 ad
1346 1072 1388 1141 te,
1404 1062 1444 1125 ab
1464 1062 1550 1124 omni
1574 1060 1709 1144 propriae

166 1164 201 1228 ad
223 1163 317 1244 cujus
334 1163 552 1226 amoenitatem
570 1161 905 1245 pulchritudinemque
960 1162 1181 1244 promotionis,
1209 1180 1298 1224 vanae
1326 1158 1545 1223 delectationis
1570 1174 1710 1220 commo-

166 1263 361 1341 immensam,
381 1268 446 1323 um
470 1279 594 1343 puram,
621 1279 779 1323 summam
803 1270 835 1324 et
858 1261 907 1323 in·
960 1259 1057 1341 dique
1072 1259 1209 1323 carnalis
1230 1258 1373 1341 appetitu
1389 1257 1433 1319 sis
1448 1258 1632 1338 depuratus,
1650 1254 1710 1317 sic-

166 1359 406 1442 comparabilem
417 1358 682 1441 complacentiam
694 1358 908 1442 concipit,ha-
960 1376 1022 1439 que
1046 1358 1113 1421 zelo
1139 1356 1214 1421 boni
1239 1356 1430 1435 communis,
1458 1353 1582 1418 fervore
1608 1352 1709 1417 divini

164 1459 212 1523 bet
227 1476 265 1520 ac
279 1465 377 1537 tenet,
393 1458 478 1539 quod
499 1457 637 1520 alienata
656 1456 867 1538 defluensque
887 1476 906 1519 a
961 1456 1103 1534 honoris,
1124 1455 1245 1518 ellectu
1265 1454 1370 1518 omnis
1391 1452 1466 1517 boni
1489 1470 1563 1515 vere
1583 1450 1709 1515 honesti

164 1578 195 1621 se
208 1557 288 1637 ipsa,
305 1556 339 1619 in
353 1555 481 1620 deitatis
495 1556 582 1619 illius
600 1575 756 1621 oceanum
776 1574 906 1637 prorsus
961 1554 1100 1617 totaliter
1127 1554 1323 1631 accendaris,
1348 1571 1405 1615 nec
1431 1550 1516 1613 aliud
1540 1569 1636 1632 quam
1659 1549 1710 1630 ju·

162 1655 362 1736 demergitur,
378 1663 410 1717 et
430 1654 561 1718 increati
583 1654 668 1735 ignis
687 1654 777 1716 suavi
798 1653 907 1716 incen-
961 1651 1079 1713 stitiam
1099 1650 1219 1714 esurire
1239 1650 1391 1731 sitireque
1411 1648 1549 1712 noveris.
1571 1647 1639 1711 Non
1662 1666 1710 1711 so—

163 1755 212 1817 dio
233 1752 562 1834 inconsumptibiliter
580 1752 694 1831 uritur,
710 1771 747 1815 ac
770 1752 903 1829 urendo,
961 1749 1027 1811 lum
1049 1768 1068 1811 a
1093 1757 1234 1831 peccate,
1256 1749 1312 1810 sed
1333 1748 1372 1811 ab
1394 1746 1562 1811 occasione
1584 1764 1709 1827 quoque

162 1854 199 1915 ab
216 1870 253 1915 eo
273 1852 358 1933 quod
378 1850 557 1915 inordinate
580 1869 674 1912 suum
698 1858 758 1929 est,
774 1849 905 1913 omnino
922 1852 947 1916 Β
963 1847 1128 1928 peccandi,
1158 1846 1247 1927 quasi
1276 1866 1295 1907 a
1323 1844 1405 1908 lacie
1433 1844 1539 1925 fugias
1572 1844 1706 1907 colubri.
1724 1865 1865 1917 recitans.

162 1952 367 2013 consumitur.
382 1948 428 2011 lbi
445 1956 520 2011 tunc
535 1948 608 2029 plus
629 1956 662 2010 et
682 1947 801 2010 clarius
819 1946 906 2009 videt
962 1943 1105 2006 l'enialia
1129 1944 1219 2025 quasi
1246 1942 1390 2005 mortalia
1412 1942 1582 2005 abhorreas
1602 1959 1638 2002 ac
1657 1939 1712 2000 de·

163 2068 252 2129 quam
267 2066 396 2109 reversa
410 2047 450 2110 ad
465 2066 499 2109 se
513 2045 692 2128 exprimere
713 2054 818 2127 queat.
835 2045 907 2108 Por·
962 2042 1042 2103 vites
1064 2050 1196 2124 peccata
1213 2065 1219 2103 :
1236 2040 1311 2124 quia
1332 2040 1386 2124 qui
1409 2041 1499 2103 timet
1514 2040 1612 2102 Deum
1628 2036 1708 2099 nihil
1725 2050 1801 2096 scere.
1819 2064 1855 2101 aa,

163 2165 206 2223 ro,
221 2164 285 2227 quo
301 2144 335 2207 in
349 2144 491 2209 caritatis
504 2144 616 2208 ardore
630 2162 668 2206 ac
682 2145 767 2207 dono
782 2142 907 2225 sapien·
961 2138 1113 2221 negligit;
1140 2147 1172 2202 et
1195 2138 1257 2201 nisi
1287 2139 1442 2201 instanter
1466 2136 1605 2199 tenueris
1627 2143 1656 2197 te
1677 2134 1710 2195 in
1724 2124 1790 2227 23⁶„
1792 2197 1864 2236 ¹¹¹¹¹¹¹

164 2244 210 2307 tie
237 2250 339 2306 exstat
362 2240 544 2324 perfectior,
570 2260 608 2305 eo
632 2242 753 2305 diutius
777 2260 906 2304 manere
961 2236 1075 2301 timore
1101 2238 1167 2317 Dei,
1190 2236 1253 2299 cito
1278 2236 1479 2299 subvertetur
1502 2235 1615 2297 domus
1637 2249 1746 2296 con-s.

163 2350 262 2422 potest
289 2340 324 2402 in
349 2339 571 2420 hujuscemodi
597 2338 787 2417 elevatione,
812 2346 907 2419 raptu
962 2334 1105 2397 scientias
1125 2342 1207 2410 tua,
1225 2354 1283 2396 nec
1305 2334 1362 2396 diu
1383 2333 1461 2396 vitat
1482 2331 1639 2411 mortalia,
1656 2330 1711 2411 qui

162 2437 459 2521 regionequelucis,
475 2444 584 2519 atquo
599 2436 661 2517 ipsi
676 2437 799 2519 Sponso
818 2444 908 2499 aeter-
962 2452 1036 2495 cum
1063 2432 1185 2515 ingenti
1214 2431 1380 2514 diligentia
1407 2428 1546 2494 venialia
1569 2448 1634 2492 non
1660 2429 1714 2491 de-

161 2556 200 2601 no
218 2535 377 2620 placuerit
393 2554 464 2598 eam
484 2536 528 2598 ita
545 2535 727 2598 diuturnius
751 2534 904 2611 detincre,
962 2531 1052 2593 vitat.
1074 2530 1109 2592 ln
1132 2531 1215 2607 cibo,
1239 2537 1326 2613 potu,
1353 2546 1475 2609 somno,
1497 2528 1625 2605 vestitu,
1649 2526 1714 2589 col-

161 2634 311 2717 amplecti
333 2653 371 2697 ac
392 2633 576 2697 fecundare.
964 2627 1072 2709 loquio
1087 2635 1180 2710 atque
1196 2627 1308 2691 solatio
1323 2627 1363 2690 ab
1377 2626 1464 2691 omni
1481 2634 1511 2688 te
1526 2643 1711 2706 compescas

197 2732 364 2815 Quumque
376 2731 465 2813 juxta
483 2730 666 2813 praehabita,
683 2730 799 2793 debeas
820 2728 907 2793 Chri-
963 2746 1105 2789 excessu.
1122 2727 1176 2789 Dei
1193 2726 1392 2809 presentiam
1408 2724 1624 2787 indesinenter
1643 2742 1713 2805 per-

161 2830 199 2895 sti
218 2830 401 2913 passionem
426 2828 522 2891 variis
546 2828 649 2892 modis
674 2828 824 2905 recolere,
841 2846 908 2891 mo-
963 2827 1067 2907 pende
1081 2848 1089 2903 3
1105 2842 1296 2905 omnemque
1318 2822 1424 2887 locum
1440 2840 1504 2903 quo
1518 2821 1628 2899 tueris,
1646 2839 1713 2884 om-

162 2929 218 2991 dus
232 2928 288 2991 ille
303 2946 367 3009 quo
382 2926 559 2990 recordaris
570 2926 610 2989 ad
621 2926 855 2990 condolendum
869 2944 907 2989 ac
964 2942 1038 2985 nem
1052 2931 1158 2985 actum
1180 2940 1276 3003 quem
1297 2920 1423 2999 leceris,
1440 2939 1520 2984 voca
1537 2943 1543 2981 :
1561 2918 1713 2983 Dominus
1736 2938 1791 2981 cen.
1808 2950 1858 2988 xxti,

161 3026 362 3103 imitandum,
370 3024 529 3107 praecipue
543 3032 659 3107 purgat
673 3043 692 3086 a
706 3024 907 3105 passionibus
927 3026 949 3091 C
964 3021 1061 3083 videt.
1077 3021 1179 3103 Atque
1194 3038 1267 3083 curn
1282 3019 1351 3082 Elia
1365 3019 1453 3082 dicas
1468 3018 1592 3081 assidue
1606 3040 1613 3079 :
1628 3018 1714 3079 Vivit
1727 3004 1865 3118 ,ulmum

161 3132 191 3185 et
214 3122 403 3207 peccatis,a
424 3122 639 3204 negligentiis,
656 3122 838 3184 levitatibus
862 3130 908 3185 at-
964 3119 1128 3198 Dcminus,
1155 3119 1187 3181 in
1216 3118 1309 3200 cujus
1334 3125 1507 3199 conspectu
1532 3124 1580 3179 ste
1605 3115 1710 3179 hodie.
1728 3128 1747 3167 ¹·

160 3238 220 3301 que
254 3220 405 3303 ignavus,
435 3239 472 3283 ac
501 3238 558 3301 per
584 3220 646 3283 hoc
674 3219 708 3281 in
737 3219 908 3282 virtutibus
963 3217 1028 3281 Hoc
1056 3217 1190 3281 verbum
1219 3216 1252 3277 in
1280 3216 1433 3278 memoria
1461 3215 1624 3277 ruminare
1649 3231 1713 3276 non

160 3318 347 3397 moralibus,
376 3318 553 3400 presertim
581 3317 615 3379 in
644 3317 714 3399 ipsa
741 3316 906 3399 patientia,
964 3334 1082 3392 cesses,
1094 3322 1129 3377 ut
1143 3314 1187 3377 sis
1202 3313 1320 3377 animal
1340 3313 1510 3389 mundum;
1528 3319 1559 3375 et
1577 3312 1610 3374 in
1625 3310 1712 3375 omni
1727 3327 1777 3371 aaa.
1795 3340 1822 3377 n
1838 3329 1858 3377 a,

159 3413 909 3493 mausuetudine,bumilitate,iortitudine,obe-
964 3412 1170 3476 distractione
1192 3413 1230 3475 ad
1252 3411 1385 3474 verbum
1406 3412 1467 3475 hoc
1490 3411 1587 3473 reduc
1609 3408 1713 3472 cordis
1727 3392 1762 3433 ²⁰·

159 3515 289 3593 denua,
307 3522 338 3577 te
353 3513 514 3593 exercitat,
529 3513 619 3577 lovet
638 3532 675 3576 ac
697 3532 841 3577 crescere
861 3513 909 3575 la·
965 3512 1011 3575 tui
1036 3510 1200 3589 intuitum,
1221 3512 1330 3592 sicque
1355 3509 1461 3573 eleves
1486 3518 1515 3571 te
1541 3510 1579 3571 ad
1601 3507 1711 3569 licum.

159 3613 212 3693 cit,
241 3612 357 3694 sicque
388 3613 429 3675 ad
463 3611 731 3675 illuminationem
762 3620 794 3674 te
821 3619 909 3693 aptat
1003 3609 1112 3692 ltaque
1134 3618 1239 3671 mente
1261 3616 1315 3671 tua
1336 3607 1382 3669 sic
1405 3614 1589 3689 praeparata,
1610 3603 1715 3667 Domi-

158 3710 317 3773 divinam.
332 3708 439 3772 llodus
459 3727 536 3773 vero
555 3708 715 3773 recolendi
736 3710 818 3772 hanc
838 3729 909 3792 pas-
965 3727 1026 3770 nus
1037 3706 1209 3788 gratiarum
1225 3724 1299 3768 cum
1313 3704 1425 3786 grandi
1441 3702 1646 3767 exuberantia
1661 3703 1715 3765 de·

159 3807 283 3871 sionem
299 3808 340 3870 ad
355 3806 588 3886 exsultandum,
598 3808 845 3889 regratiandum,
855 3809 909 3871 ad·
966 3806 1097 3870 scendet
1118 3804 1151 3867 in
1174 3822 1255 3881 eam,
1272 3812 1303 3865 et
1324 3810 1418 3865 erunt
1437 3801 1546 3865 omnia
1566 3802 1599 3863 in
1618 3800 1713 3864 corde

160 3906 355 3983 mirandum,
372 3904 582 3987 propinquius
605 3902 782 3987 fortiusque
803 3904 909 3987 dispo
965 3914 1020 3968 tuo
1049 3902 1237 3980 clarissima,
1262 3918 1385 3978 serena,
1410 3900 1572 3981 jucunda3
1605 3898 1714 3979 sicque

159 4005 207 4066 nit
237 4006 279 4068 ad
316 4003 389 4067 boc.
418 4002 524 4084 ltaque
553 4009 671 4085 quanto
698 4002 770 4084 quis
797 4001 831 4063 in
859 4002 910 4065 bis
965 4004 1037 4067 luce
1065 4000 1240 4083 sapientiae,
1266 3999 1331 4062 imo
1356 3998 1511 4061 donorum
1537 3996 1713 4059 luminibus

159 4102 263 4164 modis
278 4100 441 4165 recolendi
457 4102 638 4183 passionem
652 4099 910 4181 meamquotidie
966 4102 1148 4166 divinorum
1172 4098 1301 4181 copiose
1325 4096 1465 4179 impleta,
1488 4095 1521 4159 in
1545 4094 1647 4177 ipsam
1667 4094 1714 4156 in-

158 4200 321 4263 intensius
352 4206 385 4263 ct
419 4198 589 4262 instantius
623 4196 844 4262 exercitaverit
878 4198 1232 4267 etltcreatamlucem
1257 4195 1345 4259 etin
1370 4192 1713 4278 superpulcherrimam

159 4297 367 4381 occupaverit
385 4316 419 4360 se
441 4296 531 4378 juxta
554 4295 691 4361 iormam
714 4315 908 4378 expressam,
965 4296 1131 4376 Deitatem,
1153 4294 1187 4357 in
1212 4291 1621 4376 supervoluptuosissimam
1647 4290 1713 4353 Tri-

157 4416 195 4461 eo
209 4396 362 4476 celerius,
374 4396 439 4459 imo
454 4403 485 4458 et
498 4393 672 4477 perfectius
686 4402 781 4476 atque
795 4396 911 4459 erube
964 4396 1098 4458 nitatem
1125 4394 1208 4475 liges
1237 4393 1339 4455 aciem
1368 4390 1548 4453 intellectus
1577 4388 1711 4468 sincere,

157 4496 294 4574 cantius,
312 4496 351 4557 ad
365 4494 490 4576 apicem
508 4501 540 4557 et
560 4512 695 4557 acumen
717 4495 911 4577 contempla·
966 4494 1124 4557 luminose
1139 4511 1176 4554 ac
1190 4490 1326 4569 lervide,
1332 4498 1426 4571 prout
1439 4488 1514 4551 huic
1530 4487 1602 4549 vitea
1614 4494 1713 4549 exstat

157 4596 266 4673 tionis,
295 4594 337 4657 ad
364 4592 553 4676 sapientiam
582 4592 750 4671 unitivam,
776 4593 838 4657 boc
862 4603 912 4657 est
966 4590 1130 4675 possibile.
1154 4590 1241 4651 'lunc
1264 4588 1349 4650 clare
1369 4587 1543 4669 perspicies
1564 4585 1713 4668 quemad-

157 4694 197 4757 ad
220 4693 356 4757 tertium
380 4710 417 4755 ac
443 4710 618 4774 supernum
642 4691 718 4755 doni
747 4692 911 4775 sapientiae
966 4691 1096 4755 modum
1111 4686 1264 4752 Dominus
1279 4685 1361 4748 lleus
1383 4692 1456 4746 tuus
1476 4683 1517 4745 sit
1536 4684 1570 4745 in
1591 4702 1625 4745 se
1644 4683 1713 4766 ipso

157 4792 308 4873 madum,
325 4798 402 4871 puta
414 4790 455 4852 ad
469 4790 636 4872 mysticam
651 4789 855 4873 theologiam,
870 4792 911 4854 ad
967 4785 1253 4872 simplicissimum,
1275 4780 1544 4865 perfectissimum
1566 4800 1602 4843 ac
1627 4799 1714 4863 pror-

158 4890 328 4953 caritatem
357 4908 487 4971 prorsus
521 4888 768 4970 flammigeram,
798 4892 913 4972 perdu-
967 4907 1021 4951 sus
1045 4880 1382 4964 incircumscriptibile
1407 4898 1488 4959 esse,
1509 4878 1542 4940 in
1567 4895 1629 4959 quo
1654 4886 1713 4957 est,

159 4996 262 5052 cetur.
968 4989 1033 5049 imo
1047 4984 1131 5068 quod
1146 4990 1205 5063 est,
1221 4980 1327 5045 omnis
1342 4979 1388 5059 (id
1409 4985 1457 5041 cst
1475 4974 1628 5060 perlecta)
1643 4975 1716 5038 bea·

49 5112 145 5165 acuat
199 5087 335 5166 Verum,
351 5095 386 5150 nt
406 5095 526 5151 tactum
540 5095 599 5168 est,
614 5106 745 5151 necesse
766 5095 814 5150 est
827 5088 912 5150 viam
967 5084 1069 5148 titudo
1104 5090 1135 5144 et
1162 5080 1275 5163 gloria,
1305 5076 1409 5140 omnis
1444 5074 1647 5157 pulchritudo
1678 5094 1715 5137 ac

159 5188 368 5270 purgativam
392 5188 582 5268 precedere,
604 5194 636 5249 et
660 5204 717 5267 per
739 5186 913 5268 practicam
968 5180 1142 5264 opulentia,
1171 5177 1276 5241 omnis
1305 5174 1440 5238 dulcedo
1472 5181 1504 5235 et
1531 5171 1714 5254 sapientia;

159 5306 217 5349 seu
240 5286 385 5351 ethicam
406 5295 557 5367 tanquam
583 5304 640 5369 per
661 5284 792 5367 januam
817 5284 915 5348 intro-
969 5289 1001 5345 et
1027 5277 1182 5361 quidquid
1213 5273 1384 5356 excogitari
1414 5278 1517 5354 potest
1548 5270 1586 5333 ad
1614 5270 1717 5335 excel-

288 5418 325 5470 Τ.
343 5419 383 5470 35.
1230 5409 1234 5417 ’
1559 5403 1591 5456 20
