4309 6259
643 512 802 561 srrosmo
823 512 922 561 nrum
944 516 953 559 ε
976 512 1048 573 srn,
1069 514 1165 561 usnrs
1185 514 1297 562 smnus
1703 503 1744 568 83

199 680 240 744 εἰῖ
264 690 379 746 nostre
404 683 568 765 religionis
593 684 737 747 mnicusf
761 685 867 766 ltaque
892 684 985 749 τῖε-Α
1001 684 1168 767 respirant,
1184 686 1363 767 confidunt,
1378 694 1472 769 atque
1487 705 1506 749 a
1520 693 1550 749 te
1566 688 1746 751 clementis·

198 788 272 843 vota
291 800 327 843 ae
348 781 441 843 hilari
467 790 571 845 mente
592 782 736 846 dicamus
760 791 853 865 atque
873 802 947 846 can·
1000 784 1079 845 sime
1107 785 1337 866 adspiciuntur,
1366 786 1528 865 juvantur,
1552 784 1744 867 diriguntur,

198 886 326 939 temus:
1000 880 1110 962 sicque
1128 883 1167 944 ad
1192 890 1317 964 portum
1344 882 1529 965 pertingunt
1547 882 1658 945 salutis
1677 902 1748 965 per·

238 981 318 1047 Ave,
327 980 432 1037 maris
447 982 551 1039 stella.
561 978 632 1041 llaec
647 987 694 1041 est
709 978 857 1042 salutatio
872 998 946 1042 con·
1000 986 1113 1060 petuae.

197 1073 418 1155 gratulationis
446 1076 522 1156 quia
555 1077 601 1139 sic
630 1084 689 1157 est,
719 1077 820 1157 magis
849 1096 944 1157 quam
1038 1079 1102 1139 Det
1114 1080 1226 1139 Mater
1240 1082 1340 1147 alma,
1356 1078 1388 1139 id
1408 1085 1456 1140 est
1475 1086 1584 1141 sancta
1604 1076 1746 1141 Genitrix

196 1169 430 1251 deprecationis
446 1179 481 1234 ut
495 1172 541 1235 sic
557 1173 609 1235 sit.
625 1172 744 1255 Nempe
764 1174 830 1237 haec
850 1174 945 1236 unica
1000 1172 1158 1253 Unigeniti
1182 1174 1237 1236 Dei
1263 1174 1373 1253 Patris,
1394 1174 1449 1257 qni
1474 1194 1573 1257 quum
1597 1176 1747 1239 essentia-

196 1276 229 1329 et
243 1268 503 1351 incomparabilis
513 1272 609 1352 Virgo
624 1290 709 1333 nunc
725 1290 798 1333 vere
813 1278 861 1333 cst
876 1272 944 1333 sine
1000 1270 1073 1333 liter
1096 1280 1225 1335 sanctus
1248 1273 1289 1335 sit
1316 1282 1348 1335 et
1376 1274 1526 1337 sanctitas
1555 1275 1683 1337 infinita
1712 1275 1746 1337 in

195 1366 284 1429 omni
300 1386 357 1447 rm,
376 1367 444 1429 sine
459 1368 546 1431 omni
563 1369 692 1431 miseria
711 1368 812 1451 culpas
828 1388 864 1431 ac
880 1388 946 1451 poe-
998 1369 1125 1431 deitatis
1139 1390 1204 1433 snae
1217 1378 1340 1449 natura,
1353 1391 1417 1435 non
1433 1372 1495 1434 nisi
1511 1373 1745 1436 sanctissimam

196 1484 266 1545 nae3
282 1474 314 1528 et
331 1475 367 1529 ut
390 1466 615 1530 devotissimus
638 1468 709 1547 ejus
732 1476 855 1531 amator
878 1488 945 1531 san
999 1467 1102 1530 voluit
1114 1476 1247 1531 matrem
1262 1469 1390 1547 habere,
1399 1479 1485 1533 tanto
1496 1470 1618 1533 Sanctis
1631 1472 1746 1534 ceteris

197 1572 267 1626 ctus
287 1572 421 1627 testatur
439 1564 627 1636 Bernardus,
646 1564 707 1627 luci
729 1566 942 1629 inaccessibili
999 1566 1328 1648 sanctiorem,qnanto
1342 1567 1534 1632 Genitricem
1549 1568 1656 1632 Sancti
1673 1570 1747 1632 San-

196 1662 544 1743 snpcrdeliciosissimm
567 1682 602 1725 ac
626 1663 944 1745 superpulcherrirnoe
998 1672 1121 1727 clerum
1135 1665 1243 1727 decuit
1257 1667 1386 1729 famulis
1405 1674 1437 1729 et
1454 1668 1581 1730 ancillis
1600 1667 1745 1747 ejusdem

195 1760 326 1823 Deitatis
346 1768 409 1823 tem
435 1761 683 1843 profundissime
708 1770 756 1824 est
782 1762 941 1843 immersa,
998 1762 1117 1839 Sancti,
1134 1764 1198 1827 imo
1212 1772 1244 1826 et
1258 1764 1401 1845 ejusdem
1417 1766 1625 1829 sanctissimae
1639 1768 1744 1831 lfatris

194 1868 348 1939 qnantum
374 1859 442 1921 sine
467 1859 625 1941 personali
655 1861 774 1924 unione
803 1861 943 1925 conditio
958 1858 981 1921 B
999 1862 1096 1939 illius,
1113 1863 1287 1925 consistere
1309 1863 1511 1927 sanctiorem.
1528 1864 1652 1927 Etenim
1674 1866 1746 1927 nni-

195 1956 314 2039 patitnr
338 1966 499 2021 creaturae.
517 1958 572 2021 Cui
594 1958 794 2023 versificator
813 1960 941 2041 quidam
998 1960 1082 2022 versi
1097 1960 1215 2037 Sancti,
1232 1961 1287 2041 qui
1309 1962 1418 2042 ntique
1438 1962 1575 2025 ministri
1597 1970 1671 2025 sunt
1692 1964 1742 2027 vel

194 2054 421 2137 compendiosa
443 2056 631 2121 salutatione
652 2058 873 2141 deprompsit:
997 2056 1122 2119 ancillae
1137 2057 1242 2120 Sancti
1259 2058 1456 2136 Sanctorum,
1473 2060 1568 2122 etiam
1590 2068 1665 2123 sunt
1685 2060 1745 2122 mi-

998 2153 1090 2216 nistri
1104 2164 1159 2217 aut
1174 2156 1299 2219 famule
1314 2156 1418 2219 Matris
1433 2157 1530 2238 illins,
1543 2157 1574 2220 id
1589 2166 1639 2221 est
1651 2158 1744 2221 Geni·

351 2236 428 2287 Felix
443 2236 545 2293 Mater.
560 2250 621 2297 are,
996 2252 1086 2315 tricis
1100 2254 1155 2315 Dei
1171 2261 1203 2315 et
1220 2254 1376 2317 Crantoris
1395 2255 1456 2335 sui,
1472 2275 1543 2338 quae
1562 2257 1741 2339 privilegio,

349 2317 419 2455 332
428 2318 687 2461 mmmm
701 2333 718 2369 ἃ
733 2334 783 2379 vae,
995 2350 1066 2430 jure
1089 2358 1122 2412 et
1144 2353 1330 2415 anctoritate
1354 2353 1565 2417 maternitatis
1589 2375 1664 2433 suae,
1679 2375 1743 2438 qua

348 2478 396 2527 vra
409 2478 480 2529 facts
496 2492 559 2529 m,
575 2478 667 2529 breve
996 2447 1092 2511 Mater
1105 2458 1153 2511 est
1167 2451 1234 2511 veri
1249 2451 1304 2513 Dei
1319 2460 1352 2513 θῖ
1366 2453 1611 2535 comparentalis
1625 2462 1743 2518 aeterno

996 2546 1090 2627 Patri,
1116 2557 1229 2629 preest
1257 2569 1294 2613 ac
1322 2549 1494 2633 precipere
1524 2560 1628 2633 potest
1654 2554 1742 2616 omni

190 2650 300 2731 ltaque
315 2668 378 2731 quc
394 2658 470 2730 te,o
491 2650 693 2713 serenissima
714 2650 859 2731 Domina,
877 2672 942 2715 me·
996 2654 1147 2711 creatura
1167 2647 1200 2709 in
1225 2651 1306 2713 coeln
1325 2658 1357 2712 et
1375 2650 1409 2711 in
1428 2659 1521 2713 terra,
1537 2654 1646 2731 Atque
1664 2673 1744 2713 scm-

191 2748 242 2829 gis
267 2748 443 2829 diligimus,
469 2766 507 2810 eo
528 2748 643 2828 majori
669 2750 940 2830 congratulatione
991 2764 1054 2821 per
1068 2749 1162 2824 vireo
1183 2765 1312 2828 prorsus
1334 2748 1610 2830 superpnrissima,
1627 2747 1660 2811 in
1679 2768 1742 2831 qna

191 2866 229 2909 ac
246 2846 477 2927 complacentia
494 2846 549 2909 tihi
566 2845 758 2929 proferimus
778 2854 872 2929 teque
893 2868 940 2910 sa·
995 2861 1159 2922 nunquam
1183 2844 1381 2907 inordinatus
1409 2846 1482 2926 quis
1506 2845 1567 2907 fnit
1591 2845 1740 2925 affectus,

190 2944 719 3022 lutamus,diccntes,uhve,maris
736 2945 940 3028 stellamque]
995 2940 1150 3021 cogitatus
1174 2951 1228 3004 aut
1252 2950 1367 3024 motus,
1390 2943 1480 3025 virgo
1504 2952 1578 3007 ante
1602 2953 1739 3026 partum,

191 3042 395 3107 convenienti
414 3042 507 3105 valde
528 3043 710 3125 metaphora
731 3044 822 3105 stella
842 3044 939 3107 maris
956 3042 978 3107 c
995 3039 1028 3101 in
1050 3048 1142 3121 partu
1163 3048 1195 3103 et
1215 3049 1287 3123 post
1306 3049 1445 3124 partum.

190 3140 328 3203 vocaris.
344 3139 449 3218 Porro,
465 3140 499 3201 in
525 3140 636 3221 primis
653 3162 669 3200 ι(
687 3141 778 3203 stella
795 3164 811 3201 r>
826 3144 939 3207 merito
1034 3141 1133 3199 Felix
1155 3143 1229 3200 celi
1248 3150 1360 3217 porca,
1386 3160 1450 3204 non
1475 3148 1540 3204 tam
1563 3140 1743 3205 eminenter

189 3237 474 3320 appellaris,stella
490 3238 599 3319 utique
616 3238 851 3303 radiantissima
866 3241 938 3304 eoeli
995 3242 1028 3297 ut
1043 3236 1155 3299 mundi
1171 3236 1323 3317 Salvator,
1340 3238 1439 3301 Filius
1458 3246 1543 3320 tuns,
1560 3241 1615 3302 sed
1635 3239 1743 3321 dispo

189 3336 344 3418 empyrei,
365 3354 436 3416 qne
460 3343 560 3399 totum
585 3336 675 3398 illum
701 3337 810 3400 orbem
831 3358 939 3421 super·
995 3334 1088 3397 sitive
1102 3343 1135 3397 θῖ
1154 3336 1366 3417 cooperative,
1383 3336 1458 3419 quia
1477 3356 1534 3419 per
1551 3346 1582 3400 te
1601 3346 1633 3401 et
1651 3357 1690 3401 ex
1710 3346 1741 3400 te

189 3435 399 3512 mundanum,
417 3434 598 3515 paradisum
615 3454 810 3516 supremum,
828 3436 940 3499 trium·
994 3441 1087 3494 natus
1101 3440 1150 3495 θεῖ
1164 3432 1256 3496 nohis
1271 3434 1343 3497 coeli
1359 3442 1495 3516 apertor,
1512 3444 1544 3497 et
1562 3444 1597 3498 tu
1618 3435 1741 3499 meritis

189 3532 341 3613 phantom
376 3532 551 3594 Ecclesiam
585 3531 796 3596 ineffabiliter
830 3553 936 3617 ornas,
994 3532 1057 3593 tuis
1077 3532 1306 3613 copiosissimis
1325 3540 1356 3594 ct
1377 3532 1613 3597 efficacissimis
1638 3535 1741 3616 preci-

189 3629 815 3711 pulchrilicas,illustras,enhilaras.Nec
830 3642 878 3696 est
893 3634 937 3696 ihi
995 3629 1054 3691 bns
1073 3628 1207 3711 gratiam
1227 3637 1259 3691 et
1283 3648 1430 3692 securum
1450 3630 1630 3711 ingressum
1649 3632 1740 3714 regni

189 3728 282 3791 stella
307 3736 336 3790 te
361 3726 534 3809 pulchrior,
556 3728 619 3789 nisi
640 3728 826 3810 Unigenitus
852 3739 935 3811 tuus,
993 3728 1137 3790 mereris.
1153 3727 1281 3807 lterum,
1302 3747 1359 3811 per
1377 3728 1651 3810 praeclarissimam
1672 3731 1741 3793 Vir·

82 3864 138 3895 ,ει
188 3827 243 3908 qni
266 3826 299 3888 in
317 3826 506 3909 Apocalypsi
528 3825 611 3888 fatur
628 3849 634 3885 :
651 3825 716 3908 Ego
742 3848 812 3891 sum
837 3848 937 3911 genus
993 3827 1113 3909 ginem,
1130 3834 1165 3889 nt
1187 3834 1294 3889 cantat
1317 3825 1469 3906 Ecclesia,
1485 3827 1660 3891 meruimus
1686 3849 1741 3892 an-

188 3932 220 3987 et
235 3925 324 3987 radix
348 3923 458 4001 David,
476 3923 567 3985 stella
592 3923 758 4004 splendida
783 3934 815 3988 et
839 3936 939 3991 matu·
994 3933 1113 3988 ctorem
1137 3924 1210 3987 vita
1235 3924 1417 4006 suscipere,
1445 3924 1513 4007 ipsa
1541 3944 1667 4007 quoqne
1691 3936 1740 3989 cst

188 4022 267 4085 tina.
286 4022 404 4084 Deinde
426 4022 485 4083 rito
505 4021 668 4084 nominata
683 4042 717 4085 es
732 4046 749 4083 u
766 4025 858 4087 stella
874 4046 939 4089 ma·
992 4022 1160 4085 mediatrix
1184 4030 1291 4085 nostra
1314 4031 1347 4085 et
1371 4023 1605 4087 reconciliatrix
1633 4025 1739 4106 piissi-

187 4121 234 4182 ris
265 4144 281 4180 r
313 4144 320 4181 ι
351 4120 616 4199 quemadmodum
647 4120 733 4183 enim
764 4123 855 4185 stella
883 4124 938 4188 illa
993 4140 1044 4183 ma
1062 4144 1068 4182 :
1087 4120 1196 4202 sieque
1219 4129 1304 4183 recte
1327 4120 1446 4183 dicitur
1464 4144 1482 4181 ι(
1504 4122 1576 4185 coeli
1601 4130 1692 4205 porta
1708 4146 1736 4206 p,

189 4217 386 4281 finnamcnti
406 4236 476 4298 qnae
496 4218 588 4301 polus
613 4219 750 4281 arcticus
775 4240 938 4305 nuncupa·
952 4224 977 4287 D
993 4220 1051 4281 hoc
1072 4227 1120 4281 est
1139 4218 1241 4280 viaet
1260 4218 1401 4280 medinm
1426 4219 1606 4283 introeundi
1632 4220 1666 4283 in
1690 4241 1739 4284 re-

187 4326 252 4396 tur,
282 4324 343 4379 stat
370 4318 460 4397 qnasi
489 4316 554 4379 fixa
583 4316 767 4400 immobilis,
796 4320 937 4403 dirigens
992 4336 1102 4399 gnum,
1129 4316 1285 4399 Amplius,
1311 4316 1393 4380 sicut
1419 4336 1477 4401 per
1503 4318 1601 4381 Evam
1630 4320 1739 4383 clausa

187 4416 388 4497 navigantes,
404 4416 443 4478 ad
463 4416 555 4496 cujus
574 4417 758 4499 adspectum
778 4428 881 4483 nautea
902 4422 935 4483 in
992 4415 1053 4477 fuit
1074 4422 1164 4497 porte
1189 4414 1328 4496 peradisi
1353 4416 1521 4496 terrestria
1536 4436 1607 4497 quae
1631 4425 1737 4481 umen

186 4512 341 4597 periculis
367 4514 581 4593 consolantur,
607 4523 639 4576 et
662 4534 725 4597 qno
753 4536 786 4579 se
814 4527 936 4582 vertere
992 4533 1049 4596 per
1064 4513 1346 4595 transgressionem
1362 4514 1435 4575 Ado
1449 4514 1557 4577 clausa
1576 4515 1637 4576 fnit
1655 4516 1739 4579 diro-

184 4613 325 4676 deheant
352 4613 607 4695 contemplantur
624 4636 632 4692 ;
661 4614 706 4676 sic
736 4615 843 4678 miseri
870 4618 937 4680 via·
992 4620 1041 4675 cte
1056 4619 1087 4673 et
1101 4618 1339 4688 consummate,
1356 4609 1403 4672 sic
1422 4629 1480 4692 per
1493 4611 1655 4693 Virginem
1670 4614 1738 4695 glo-

182 4718 271 4775 tores
306 4711 339 4772 in
373 4710 433 4773 hoc
466 4710 582 4774 saeculo
612 4730 749 4793 nequam
784 4722 935 4797 tanquam
992 4710 1107 4773 tiosam
1122 4718 1231 4791 aperta
1244 4709 1362 4772 dicitnr
1380 4717 1471 4791 porta
1489 4710 1573 4790 coeli,
1589 4730 1660 4792 qna
1679 4732 1736 4794 per

183 4810 219 4873 in
237 4808 506 4891 procellosissimo
520 4818 552 4871 et
567 4810 801 4892 inquietissimo
816 4831 934 4879 oceano
990 4810 1149 4873 Christum
1165 4808 1323 4890 complete
1338 4816 1369 4870 et
1384 4809 1511 4890 proprie
1525 4809 1642 4872 dicitur
1655 4830 1736 4874 rese·

183 4908 380 4971 fluctuantes
394 4914 426 4969 θῖ
441 4906 667 4989 periclitantes,
677 4910 715 4972 ad
731 4916 801 4989 te,o
816 4911 936 4974 miseri·
991 4917 1068 4988 rata,
1085 4914 1121 4969 ut
1139 4908 1260 4970 dictum
1281 4913 1330 4969 est
1349 4925 1456 4987 supra.
1746 4932 1840 4987 purg,

183 5006 934 5089 cordissimaadvocata,olfaterdulcissima‚o
1028 5012 1170 5071 Sarmens
1187 5010 1275 5067 illud
1293 5010 1374 5077 Ave,
1393 5005 1425 5068 id
1446 5014 1494 5067 θεῖ
1513 5006 1734 5071 salutationem
1800 5018 1818 5071 2

182 5112 289 5167 tutum
306 5103 594 5185 fidelissimumque
610 5104 780 5187 refugium,
792 5108 935 5190 dirigunt
988 5106 1166 5188 angelicam
1194 5123 1358 5186 nunqnam
1387 5111 1460 5167 ante
1490 5105 1642 5186 auditam,
1675 5111 1872 5177 (sa-mum.

182 5204 218 5265 in
234 5202 322 5264 omni
338 5201 481 5283 periculo
503 5202 681 5266 desolatum
701 5206 816 5267 mentis
839 5206 933 5269 intui·
989 5209 1103 5267 brietis
1116 5225 1183 5275 ore,
1198 5203 1253 5285 qni
1276 5204 1309 5265 in
1329 5211 1492 5284 assumpto
1511 5221 1642 5285 corpore
1662 5205 1736 5267 visi·

181 5309 264 5381 tum,
284 5307 317 5362 et
340 5318 378 5362 ex
402 5301 447 5363 tui
473 5301 688 5383 speculatione
716 5305 931 5389 consolantur,
990 5304 1097 5367 biliter
1109 5303 1166 5366 tihi
1177 5302 1323 5384 apparuit
1337 5321 1373 5364 ac
1389 5301 1578 5382 loquebatur
1592 5302 1625 5363 in
1640 5302 1734 5384 plena
