4309 6259
476 503 536 570 att
773 520 922 568 nunonis
943 518 1077 565 seramus
1100 516 1218 577 seueri,
1241 515 1414 561 reserares
1435 513 1479 561 ru.
1503 534 1544 543 -
1563 515 1632 561 aar.
1655 516 1728 562 xiix

477 690 1029 871 ostemationem
1046 686 1267 865 {cisitu

481 896 539 963 ret,
551 886 687 949 inaniter
701 885 747 947 eis
761 883 1027 963 inesset.0portet
1041 900 1116 963 ergo
1131 881 1228 943 alium
1283 902 1444 968 Quomodo
1459 902 1607 978 qwdam
1623 902 1710 959 dom,
1723 901 1878 961 dicam„
1887 903 1995 960 locanda

482 994 588 1047 actum
609 985 693 1047 dono
717 982 838 1045 limotiS
863 982 895 1043 in
921 980 1021 1062 patria
1045 979 1226 1041 convellite·
1322 992 1366 1049 ad
1390 992 1572 1058 dexteram,
1597 991 1746 1067 quoedam
1770 992 1815 1049 ad
1837 991 1980 1049 sinistram
1987 1010 1997 1057 ,-

335 1102 469 1160 manee.
481 1083 605 1145 Dictum
624 1091 672 1145 est
691 1081 848 1161 equidem,
866 1079 949 1159 quod
969 1078 1088 1140 donum
1107 1076 1228 1138 timoris
1322 1080 1522 1157 ecquomodo
1538 1097 1579 1137 aaa
1598 1086 1716 1153 septem
1734 1078 1831 1137 donis
1849 1087 1997 1137 nascentur

481 1180 557 1244 lacit
585 1199 643 1243 nos
666 1180 730 1242 Deo
755 1185 935 1240 reverenter
964 1176 1136 1256 subjectos,
1164 1193 1228 1237 non
1321 1174 1439 1241 septem
1452 1167 1788 1241 proecleroevirtutes.

480 1284 693 1359 repugnantes
708 1294 767 1338 nec
787 1294 910 1356 segnes,
928 1274 1058 1350 ldcirco,
1075 1272 1109 1334 in
1129 1290 1229 1353 quan-

480 1383 547 1437 tum
572 1383 660 1437 actus
680 1374 778 1455 ipsius
797 1381 846 1435 est
864 1373 962 1434 ileum
982 1370 1131 1447 revereri,
1149 1378 1180 1432 et
1199 1370 1227 1431 ei

481 1472 733 1535 reverentialiter
761 1470 888 1551 subjici,
916 1476 1023 1532 manet
1051 1468 1084 1529 in
1114 1469 1223 1549 patria.

480 1570 531 1632 Sic
549 1588 676 1651 quoque
695 1567 926 1651 perfectissime
951 1567 1010 1630 luit
1033 1566 1067 1629 in
1091 1566 1224 1628 Christo.
1282 1575 1403 1649 septem
1419 1585 1522 1629 aurea
1538 1566 1710 1648 lampades,
1728 1566 1761 1627 in
1777 1566 1912 1647 quolibet
1924 1567 1999 1627 latere

481 1666 548 1730 Non
574 1674 678 1728 autem
704 1665 879 1728 eratineo
902 1683 962 1727 nec
987 1664 1019 1725 in
1042 1662 1146 1725 Beatis
1170 1682 1228 1724 un·
1282 1672 1356 1743 tres,
1372 1672 1404 1725 et
1422 1683 1486 1726 una
1508 1664 1540 1725 in
1561 1682 1706 1741 summo;
1724 1663 1768 1726 sic
1789 1664 1821 1725 in
1842 1662 2000 1727 candelabro

1285 1368 1641 1567 OUEMADMODUM
1671 1379 1778 1432 autem
1810 1370 1843 1432 in
1872 1368 1996 1433 materiali

1368 1468 1558 1531 candelabro
1582 1468 1777 1531 tabernaculi
1804 1468 1910 1550 Moysis
1931 1474 2088 1591 emmffiim'

481 1784 589 1846 quam,
602 1772 695 1846 prout
709 1772 798 1826 actus
814 1763 883 1843 ejus
899 1770 948 1825 est
962 1763 1072 1824 timere
1088 1760 1226 1843 separari
1282 1761 1396 1823 animae
1417 1768 1533 1825 nostrat
1555 1780 1624 1824 esse
1648 1768 1773 1842 oportet
1795 1760 1944 1842 lampades
1961 1779 2002 1821 au-

481 1883 499 1927 a
519 1864 582 1925 [leo
597 1862 648 1924 vel
667 1862 739 1942 ejus
758 1859 907 1923 fruitione
923 1878 1041 1922 carere.
1058 1859 1128 1921 Haec
1150 1854 1263 1938 quoB
1284 1881 1352 1925 raas
1376 1870 1509 1943 septem,
1531 1861 1564 1923 id
1583 1869 1631 1923 est
1650 1868 1772 1941 septem
1792 1861 1876 1925 dona
1893 1860 2000 1943 Spiritus

482 1979 544 2041 que
573 1958 737 2041 responsio
771 1965 923 2020 consonat
958 1956 1064 2019 verbis
1093 1954 1227 2037 Magistri
1283 1960 1413 2021 Sancti:
1432 1978 1566 2040 quorum
1589 1958 1739 2040 primum,
1763 1959 1884 2022 scilicet
1904 1958 2003 2040 sapien·

389 2082 442 2125 arti.
483 2078 540 2141 per
561 2056 667 2121 omnia
689 2056 769 2119 libro
790 2056 894 2118 tertio.
1285 2058 1338 2136 tia,
1356 2058 1388 2118 in
1404 2076 1527 2119 summo
1548 2064 1698 2137 tanquam
1718 2056 1750 2117 in
1771 2056 1840 2119 line
1856 2066 2002 2119 ceterorum
2091 2098 2092 2101 ,

348 2144 443 2189 ΜΚ·
523 2156 695 2232 Postremo,
712 2154 855 2234 sequitur
869 2155 952 2234 quod
974 2154 1076 2235 prima
1097 2152 1229 2216 beatitu-
1284 2158 1440 2219 donorum
1475 2155 1644 2217 locandum
1679 2163 1737 2217 est.
1769 2155 1940 2219 Cetemrum
1963 2173 2004 2214 ser
2091 2150 2092 2155 ’

335 2271 467 2322 necessa.
483 2254 535 2332 do,
553 2252 711 2328 videlicet,
729 2250 813 2313 Beati
830 2269 984 2331 pauperes
1006 2250 1128 2331 spiritu,
1145 2250 1228 2312 dono
1285 2255 1441 2317 donorum
1457 2254 1516 2316 tria
1531 2253 1688 2334 digniora,
1703 2253 1826 2316 scilicet
1842 2253 2003 2326 intellectus,
2091 2296 2092 2299 κ

481 2350 603 2413 timoris
628 2350 863 2431 correspondet,
890 2348 1112 2430 appropriatur
1134 2356 1228 2428 atque

481 2448 638 2511 tribuitur.
661 2447 766 2509 Timor
788 2445 884 2523 enim,
906 2445 1056 2527 quoniam
1081 2445 1144 2508 Deo
1169 2463 1228 2509 nos

482 2545 584 2609 allicit
599 2552 781 2607 reverenter
795 2543 967 2624 subjectos,
984 2541 1061 2606 lacit
1083 2562 1141 2605 nos
1162 2562 1228 2605 om-

481 2645 533 2707 nia
558 2663 640 2706 vana
664 2651 867 2706 contemnere
891 2666 898 2702 z
920 2640 1051 2720 lamam,
1077 2640 1225 2719 honoias,

480 2743 625 2818 divitias;
651 2750 683 2804 et
707 2741 738 2802 in
762 2740 830 2803 solo
854 2740 917 2803 lleo
940 2740 1024 2803 velle
1048 2739 1225 2802 sublimari.

479 2840 544 2903 Hoc
568 2845 673 2901 autem
693 2838 732 2899 ad
752 2838 880 2918 spiritus
904 2838 1041 2917 pertinet
1065 2844 1229 2917 pauperta-

480 2945 555 3000 tem.
586 2937 721 2998 Primam
754 2936 872 3017 quippe
907 2934 1133 2997 beatitudinem
1167 2936 1228 2997 Au-

1285 2352 1467 2432 consilium,
1498 2351 1660 2430 fortitudo,
1691 2350 1724 2412 in
1760 2352 1887 2414 dextera
1915 2350 2004 2413 anima

1285 2458 1359 2511 sunt
1390 2450 1547 2531 ponenda,
1577 2448 1653 2529 quia
1686 2456 1829 2511 nostram
1860 2450 1945 2511 vitam
1970 2447 2006 2509 in-

1284 2556 1406 2609 ternam
1436 2565 1549 2609 ornare
1583 2554 1677 2627 atque
1706 2546 1864 2629 perlicere
1894 2546 2004 2621 dehent3

1286 2654 1390 2709 cetera
1414 2664 1489 2707 vero
1513 2644 1583 2721 tria,
1611 2652 1720 2725 utpote
1749 2644 1892 2726 scientia,
1915 2644 2004 2727 pietas,

1287 2744 1391 2821 timor,
1412 2742 1445 2803 in
1468 2741 1597 2805 sinistra
1618 2751 1792 2824 ponuntur,
1815 2742 1954 2824 quoniam
1972 2742 2007 2803 ri-

1285 2849 1348 2919 tem
1378 2849 1517 2902 nostram
1547 2847 1707 2902 artemam
1739 2841 1902 2903 adornant.
1930 2842 2006 2901 Actus

1285 2938 1403 3019 quippe
1417 2938 1573 3000 donorum
1589 2955 1658 3018 quaa
1674 2936 1707 2999 in
1721 2937 1851 3000 dextera
1865 2939 2005 3013 situantur,

481 3035 625 3117 gustinus
661 3035 701 3096 de
734 3033 950 3096 humiliatione
985 3032 1087 3095 inllati
1123 3033 1264 3097 eordisG
1285 3035 1370 3097 circa
1386 3053 1442 3098 nos
1459 3033 1545 3115 ipsos
1560 3043 1737 3114 versantur,
1755 3034 2007 3115 convertimurquc

481 3132 632 3214 exponit:
650 3131 842 3212 quantique
862 3132 1038 3194 humiliatio
1059 3150 1097 3192 ex
1118 3132 1229 3212 praedi-

483 3238 533 3293 cta
548 3229 670 3291 timoris
689 3227 888 3310 subjectione
908 3229 1060 3310 procedit.
1078 3229 1229 3309 Hierony-

483 3347 554 3389 mus
569 3345 644 3390 vero
665 3335 759 3408 atoue
774 3326 959 3389 Ambrosius
979 3328 1113 3409 primam
1133 3327 1230 3389 beati-

482 3426 626 3489 tudinem
641 3432 802 3505 exponunt
820 3424 860 3486 de
879 3426 1100 3505 temporalium
1123 3444 1228 3487 rerum

483 3530 668 3605 contemptu
683 3522 886 3604 spiritualiter
899 3542 934 3585 ac
951 3531 1096 3605 prompte
1111 3522 1229 3586 exhibi-

483 3632 515 3686 to
528 3647 534 3683 ι
548 3621 621 3683 talis
635 3638 710 3684 vcro
725 3629 926 3701 contemptus
941 3641 978 3683 ex
995 3621 1106 3684 timore
1122 3640 1230 3684 causa-

482 3728 544 3784 tur.
570 3719 605 3781 ln
630 3718 823 3782 beatitudine
846 3736 971 3799 quoque
994 3719 1142 3800 predicta
1166 3721 1230 3783 duo

461 3825 467 3837 '
484 3826 645 3902 ponuntur
662 3840 669 3877 ε
688 3835 786 3879 unum
801 3836 858 3899 per
872 3818 1002 3879 modum
1017 3818 1132 3896 meriti,
1146 3818 1231 3880 scili-

485 3925 535 3980 cet
556 3923 723 3998 paupertas
749 3914 898 3994 spiritus,
914 3915 999 3977 aliud
1020 3935 1077 3997 per
1101 3917 1230 3979 modum

485 4013 616 4094 premii,
652 4012 785 4090 scilicet,
817 4011 970 4085 Quoniam
1006 4014 1147 4096 ipsorum
1184 4024 1231 4077 est

485 4129 618 4191 rognum
633 4111 797 4172 coelorum.
815 4109 852 4170 Et
867 4110 927 4172 hoc
942 4112 1106 4191 praemium
1126 4112 1230 4175 timori

486 4306 639 4369 rationem
664 4306 802 4384 inducat,
825 4307 880 4369 sed
900 4307 1003 4389 potius
1024 4316 1162 4371 mentem
1184 4308 1232 4369 in-

485 4405 566 4468 tuitu
595 4404 808 4467 retributionis
836 4404 982 4467 delectet.
1009 4406 1095 4467 Unde
1125 4406 1232 4469 Eccle-

338 4524 470 4574 βιαιως.
485 4502 604 4565 siastici
641 4502 686 4565 ait
723 4502 880 4584 scriptura
918 4526 925 4562 :
962 4502 1069 4566 Timor
1106 4505 1230 4566 Domini

2091 2532 2092 2569 l

2091 2620 2092 2643 t

2091 2652 2092 2697 t

1284 3153 1341 3215 per
1359 3151 1414 3196 eos
1437 3133 1476 3194 ad
1498 3131 1647 3195 interiora
1666 3140 1760 3213 atque
1780 3133 1819 3195 ed
1841 3132 1951 3209 Deum,
1965 3132 2006 3193 scd

1283 3231 1418 3293 aliorum
1442 3228 1539 3292 trium
1564 3238 1653 3292 actus
1676 3230 1833 3293 donorum
1863 3228 2007 3313 perficiunt

1284 3348 1342 3391 nos
1358 3328 1390 3389 in
1406 3327 1530 3390 actibus
1545 3346 1624 3407 quos
1639 3326 1724 3390 circa
1737 3327 1817 3390 alios
1837 3346 2007 3403 exercemus,

1284 3426 1552 3508 quemadmodum
1567 3445 1605 3488 ex
1619 3424 1712 3488 dictis
1728 3425 1834 3489 lucide
1848 3434 1969 3489 constat.
2027 3454 2066 3495 aa

1325 3524 1478 3604 Denique,
1495 3542 1552 3605 per
1566 3524 1650 3586 dona
1664 3523 1825 3605 predicta,
1842 3532 1955 3606 septem
1970 3520 2060 3620 unffi

1285 3623 1396 3704 pitales
1418 3622 1550 3683 virtutes
1572 3620 1744 3701 recipimus
1768 3644 1775 3682 :
1799 3630 1921 3703 oportet
1940 3640 2066 3683 nem-atr.

1284 3739 1347 3801 que
1367 3722 1443 3784 istas
1464 3720 1608 3799 virtutes,
1625 3719 1689 3782 imo
1704 3726 1736 3781 et
1757 3738 1869 3783 omnes
1888 3714 2057 3807 tristatasssfssf

1286 3820 1318 3882 in
1342 3819 1433 3882 donis
1454 3818 1576 3895 vivere,
1593 3818 1618 3879 si
1640 3818 1774 3881 virtutes
1794 3818 1929 3881 debeant
1946 3836 2009 3880 esse.
2091 3848 2092 3895 ;

1284 3917 1392 3998 ltaque
1421 3935 1458 3977 ex
1481 3917 1565 3979 dono
1589 3915 1752 3997 sapientiae
1777 3916 1878 3978 virtus
1902 3934 2012 3977 summa

1284 4015 1415 4095 justitiae
1445 4013 1585 4076 nascitur
1611 4036 1617 4074 :
1644 4013 1708 4075 imo
1735 4021 1843 4075 actum
1872 4013 2013 4095 sapientia

1285 4112 1472 4191 exercendo,
1498 4112 1579 4173 hanc
1610 4129 1767 4173 summam
1794 4129 1958 4193 operamur
1976 4111 2014 4191 ju

1285 4308 1417 4389 justitia.
1440 4306 1562 4368 Primus
1586 4306 1699 4369 modus
1723 4324 1780 4368 seu
1804 4307 1906 4387 prima
1928 4324 2015 4368 mane

1286 4406 1360 4483 ries,
1382 4406 1414 4467 in
1434 4423 1497 4486 qua
1516 4422 1644 4467 omnem
1668 4404 1816 4467 virtutem
1838 4405 2014 4481 ordinamus,

2091 3934 2092 3979 t

2091 4016 2092 4063 l

486 4217 697 4289 congruenter
718 4207 921 4289 promittitur,
939 4228 979 4271 ne
1004 4210 1098 4272 timor
1120 4208 1270 4292 despe-D
1286 4211 1414 4272 stitiam.
1441 4209 1542 4271 Prima
1567 4227 1754 4290 summaque
1776 4210 1876 4271 virtus
1901 4218 1947 4271 est
1969 4210 2014 4270 ista

2091 4538 2092 4565 t

485 4600 654 4663 delectabit
687 4618 752 4678 cor,
784 4609 816 4663 et
843 4600 929 4663 dabit
958 4601 1107 4681 gaudium
1138 4611 1231 4684 atque

486 4699 624 4761 laetitiam
658 4698 690 4759 in
727 4698 957 4778 longitudinem
986 4699 1120 4762 dierum.
1151 4701 1231 4763 Vere

485 4797 570 4859 enim
599 4805 675 4860 tunc
699 4796 867 4875 timebunt,
897 4797 950 4877 qui
979 4798 1073 4860 modo
1102 4817 1166 4861 non
1195 4798 1232 4860 ti-

485 4903 594 4971 ment,
611 4904 685 4957 tunc
701 4895 806 4957 denno
822 4902 915 4957 erunt
929 4895 1044 4973 securi,
1061 4898 1116 4977 qui
1138 4898 1231 4961 modo

380 5020 447 5062 pm„
485 5001 559 5053 sunt
587 4992 737 5055 timorati.
762 4991 882 5073 Nempe
910 4993 1021 5056 beatus
1051 4996 1146 5057 homo
1175 4996 1230 5076 qui

349 5096 422 5132 xxviii,
437 5085 470 5124 tt.

338 5144 415 5189 Eccle.
434 5157 470 5195 ιιι,

485 5110 612 5172 semper
634 5098 682 5153 est
706 5090 850 5170 pavidus.
871 5090 945 5153 ldeo
971 5092 1068 5155 Deum
1089 5094 1176 5169 time,
1201 5103 1232 5156 et

485 5190 632 5252 mandata
647 5188 718 5270 ejus
737 5188 871 5251 observa
888 5212 895 5249 :
912 5190 972 5252 hoc
992 5199 1040 5253 est
1059 5190 1144 5253 enim
1165 5210 1232 5256 om-

485 5287 535 5350 nis
557 5288 663 5352 homo.

1286 4513 1335 4567 est
1355 4503 1556 4581 innocentia3
1580 4502 1694 4565 ultima
1714 4521 1841 4585 quoque
1865 4504 2013 4579 maneries,

1288 4605 1320 4665 in
1354 4621 1416 4684 qua
1444 4620 1555 4665 omnes
1584 4601 1715 4663 virtutes
1749 4601 1953 4683 complemus,
1979 4610 2016 4662 est
2091 4592 2092 4647 l

1287 4699 1469 4764 innocentia
1486 4700 1615 4761 caritate
1632 4708 1751 4779 operta.
1764 4698 1966 4781 Explanatum
1978 4708 2015 4760 est
2035 4722 2074 4765 aa.

1286 4799 1443 4879 equidem,
1469 4796 1545 4878 quia
1570 4796 1733 4876 sapientias
1761 4798 1845 4860 dono
1868 4816 1887 4860 a
1909 4790 2092 4860 euneosfflr

1286 4895 1490 4959 sensibilibus
1519 4903 1613 4975 atque
1648 4894 1762 4957 creatis
1794 4896 1963 4977 praesertim
1986 4913 2014 4955 ac
2091 4866 2092 4959 i

1286 5013 1409 5057 summe
1444 4992 1667 5070 abstrahimur,
1703 5001 1734 5055 et
1767 4992 1831 5055 Deo
1866 4992 2016 5056 benedicto

1286 5112 1322 5155 ac
1348 5101 1457 5154 sancto
1482 5090 1761 5154 vehementissime
1787 5092 1968 5173 copulamur
1987 5108 2015 5152 ac

1285 5190 1513 5270 immergimur.
1530 5189 1565 5251 ln
1580 5188 1641 5251 hoc
1655 5196 1761 5251 autem
1771 5188 1895 5269 rjustitia
1908 5208 2015 5251 sumna

1286 5288 1429 5353 consistit
1445 5312 1451 5349 :
1469 5288 1533 5350 Deo
1553 5286 1638 5349 enim
1657 5288 1811 5371 debemus
1833 5306 1927 5351 omne
1947 5286 2014 5369 quod
