4309 6259
83 5316 97 5371 l

574 524 732 573 ΕΧΡΟΒΙΤΙΟ
754 524 851 571 ulum
876 530 882 571 :
906 526 989 583 VENl,
1012 524 1151 573 mennon
1171 526 1306 575 SPlRlTUS

456 980 549 1102 IN
601 981 750 1103 DIE
804 980 1423 1107 PENTECOSTES

595 1335 672 1429 ΑΙ)
706 1334 1005 1432 vusruals
1038 1335 1279 1431 HYMNUS

277 1687 308 1749 l.
327 1684 422 1761 Veni,
444 1682 578 1746 Creator
595 1682 751 1763 Spiritus,
1055 1682 1191 1747 Infirma
1207 1684 1312 1746 nostri
1331 1685 1479 1765 corporis

254 1783 381 1847 Mentes
401 1786 533 1845 tuorum
553 1780 662 1859 visita,
1055 1780 1188 1845 Virtute
1206 1780 1341 1845 firmans
1358 1783 1497 1864 perpeti.

257 1880 362 1962 lmple
380 1896 524 1960 superna
542 1878 646 1959 gratia

254 1980 335 2053 Quae
355 1980 391 2041 tu
410 1977 528 2041 creasti
547 1978 691 2057 pectora.
1079 1980 1111 2040 5.
1127 1976 1266 2041 Hostem
1287 1978 1426 2058 repellas
1445 1978 1588 2061 longius,

1055 2075 1242 2156 Pacemqne
1260 2076 1364 2139 dones
1382 2078 1552 2158 protinus3

275 2176 307 2237 2.
326 2173 390 2247 Qui
409 2171 598 2235 Paracletus
617 2172 748 2251 diceris,
1055 2174 1199 2237 Ductore
1217 2174 1266 2236 sic
1284 2175 1317 2237 te
1335 2174 1472 2255 praevio,

255 2274 386 2337 Donum
407 2272 469 2335 Dei
488 2270 655 2351 altissimi,
1056 2271 1209 2334 Vitemns
1227 2288 1325 2334 omne
1343 2271 1494 2335 noxium.

254 2372 343 2436 Fons
360 2372 470 2449 vivus,
491 2369 590 2451 igniS,
611 2371 741 2449 caritas,

253 2470 295 2533 ut
313 2469 473 2550 spiritalis
490 2468 616 2531 unctio.
1078 2467 1111 2531 6.
1127 2468 1192 2531 Per
1210 2468 1242 2530 tc
1260 2468 1407 2531 sciamus
1424 2468 1467 2530 da
1484 2466 1629 2547 Patrem,

1055 2566 1240 2629 Noscamns
1258 2566 1357 2647 atque
1375 2565 1510 2643 Filium,

275 2666 306 2729 3.
323 2664 373 2727 Tu
392 2664 596 2745 septiformis
611 2664 727 2744 gratia,
1054 2662 1101 2726 Te
1119 2664 1292 2744 utriusque
1311 2663 1473 2744 Spiritum

255 2764 387 2827 Dextrae
406 2762 467 2825 Dei
487 2762 523 2823 tn
541 2760 678 2842 digitus,
1055 2760 1237 2825 Credamus
1254 2760 1346 2823 omni
1365 2761 1524 2841 tempore.

252 2860 302 2924 Tu
322 2860 384 2923 rite
404 2860 606 2940 promissum
625 2859 746 2939 Petris,

257 2960 414 3023 Sermone
432 2956 542 3021 ditans
560 2958 704 3038 guttura.
1079 2958 1111 3019 7.
1128 2957 1178 3021 Sit
1197 2956 1271 3020 laus
1288 2956 1379 3019 Patri
1399 2973 1475 3019 cnm
1494 2955 1593 3035 Filio,

1055 3054 1176 3118 Sancto
1195 3054 1297 3117 simul
1315 3054 1506 3135 Paraclet03

277 3155 308 3215 l.
326 3151 475 3217 Ascende
495 3151 607 3217 lumen
626 3155 790 3233 censione,
1056 3152 1227 3231 Nobisqne
1245 3152 1356 3214 mittat
1374 3151 1481 3214 Filius

256 3250 397 3315 Inlunde
416 3268 561 3315 amorem
582 3252 748 3331 cordibus
1056 3249 1230 3312 Charisma
1247 3248 1358 3312 Sancti
1378 3248 1533 3330 Spiritus.
1549 3248 1669 3311 Amen.

670 3620 980 3707 EXPOSITIO
1023 3620 1213 3705 HYMNI

206 3934 238 3997 ln
254 3952 291 3997 eo
306 3933 345 3995 lit
360 3933 411 4014 pia
426 3932 533 3994 Sancti
549 3930 684 4013 Spiritus
699 3929 858 3993 invocatio
877 3937 910 3991 ut
924 3928 949 3987 A
966 3929 1075 3993 blimis
1102 3930 1238 3993 Persona
1266 3930 1299 3991 in
1327 3929 1445 3992 divinis
1473 3939 1578 4011 potest
1603 3930 1710 3993 vocari

168 4032 262 4095 corda
276 4031 421 4093 fidelium
436 4030 528 4093 donis
548 4048 611 4091 sun
630 4028 739 4109 gratiae
759 4028 908 4109 impleat,
965 4028 1104 4105 Creator,
1120 4029 1203 4091 sient
1221 4028 1254 4089 in
1273 4028 1469 4110 expositione
1487 4028 1581 4109 primi
1600 4027 1710 4110 hymni
1724 4042 1815 4097 preca

167 4130 253 4192 varia
268 4129 338 4210 ejus
353 4128 483 4191 nomina
497 4127 613 4209 quibus
628 4128 660 4189 in
676 4126 774 4189 sacris
789 4145 911 4188 nuncu·
965 4146 1148 4209 expressum
1173 4134 1241 4204 est;
1268 4135 1300 4189 et
1321 4126 1417 4189 etiam
1442 4127 1588 4208 Spiritus,
1611 4146 1710 4208 quum

168 4238 259 4311 palur
279 4227 420 4309 Eloqniis
440 4226 657 4308 explicantur3
673 4234 705 4287 et
723 4225 850 4287 demum
871 4224 908 4286 ad
965 4226 1049 4307 apud
1074 4226 1226 4289 loannem
1251 4232 1370 4287 asserat
1393 4224 1558 4287 Christus:
1575 4226 1710 4306 Spiritus
1736 4248 1855 4298 omnem,

167 4328 314 4389 eumdem
340 4326 377 4387 lit
402 4324 592 4407 supplicatio
617 4331 651 4385 ut
672 4324 779 4385 lumen
804 4323 911 4404 gratiae
965 4333 1014 4387 est
1029 4324 1120 4387 Deus.
1138 4324 1190 4385 Sic
1205 4323 1292 4386 enirn
1307 4322 1437 4404 spiritus
1453 4323 1485 4385 in
1504 4322 1622 4385 divinis
1636 4322 1710 4385 dici·
1724 4314 1757 4355 ²⁸·

167 4444 242 4501 suae,
252 4433 284 4487 et
299 4424 403 4506 ignem
419 4422 520 4485 saneti
535 4422 652 4485 amoris
667 4440 728 4504 quo
744 4421 912 4483 succenda-
966 4431 1017 4485 tur
1031 4421 1347 4485 absolutesnnllinr
1360 4440 1556 4502 unaquaeqne
1571 4422 1711 4483 increata

167 4542 249 4600 mur,
267 4522 416 4583 immittat
436 4520 540 4584 nobis.
966 4522 1103 4583 Persona
1130 4521 1194 4582 dici
1224 4519 1308 4581 valet
1331 4519 1467 4601 Spiritus
1495 4526 1634 4598 sanctus,
1661 4539 1713 4582 su-

207 4620 323 4682 Auctor
346 4618 495 4680 incertus.
512 4616 644 4679 Carmen
670 4616 839 4679 iambicum
866 4616 913 4679 di·
967 4618 1083 4680 mendo
1103 4618 1303 4699 complexum
1327 4616 1388 4679 hoc
1413 4616 1446 4679 in
1466 4616 1582 4679 virtute
1603 4616 1715 4681 dictio

168 4724 317 4779 metrum.
968 4736 1044 4777 num
1073 4716 1208 4777 duarum
1235 4738 1242 4777 :
1268 4714 1419 4795 qualibet
1441 4715 1528 4777 euim
1556 4715 1716 4779 adoranda

968 4814 1105 4877 Persona
1118 4822 1167 4876 est
1185 4813 1326 4894 spiritus,
1342 4822 1374 4875 et
1392 4812 1487 4875 etiarn
1506 4821 1635 4875 sanctus
1656 4814 1717 4877 nti-

207 4914 277 4977 STE
301 4922 349 4976 est
373 4913 560 4995 profundus,
584 4913 796 4976 sententiosus
819 4922 912 4993 atque
969 4932 1042 4993 que,
1077 4914 1141 4976 imo
1178 4920 1403 4993 supersanctns
1435 4912 1575 4993 spiritns.
1608 4913 1714 4989 Porro,

222 5011 455 5095 pulcherrimus
466 5010 790 5093 hymnusprnroniis
805 5030 840 5073 ac
856 5012 915 5074 ier·
969 5012 1045 5072 dum
1061 5012 1262 5093 complexum
1278 5011 1338 5073 hoc
1354 5010 1490 5073 sumitur
1504 5020 1539 5073 ut
1553 5011 1716 5093 proprium

172 5110 367 5173 ventissimis
384 5108 638 5173 invocationibus
653 5109 787 5191 Spiritus
808 5109 913 5171 Sancti
930 5111 952 5173 B
970 5129 1087 5172 nomen
1102 5110 1245 5172 Persona
1260 5110 1358 5172 tortia
1373 5109 1406 5171 in
1420 5108 1550 5188 divinis,
1563 5109 1718 5191 accipitur

171 5209 293 5291 plenus
973 5208 1005 5271 in
1031 5208 1147 5271 virtute
1170 5207 1319 5271 dictionis
1345 5207 1451 5286 unius,
1477 5216 1509 5269 et
1533 5207 1716 5270 colationem

222 5310 311 5378 Veni,
341 5310 474 5369 Creator
497 5308 657 5383 Spiritus.
689 5306 841 5380 Qualibet
869 5326 919 5369 su·
973 5306 1121 5386 includit,
1142 5305 1291 5370 videlicet
1315 5304 1520 5387 spirationem
1544 5304 1715 5387 passivam.
