4309 6259
460 488 500 536 ns
519 490 667 537 rasarone
687 490 796 539 oorrrru
817 490 1004 539 sauvxrosrs
1023 492 1185 541 numum.
1206 510 1248 523 -
1264 492 1335 539 ur.
1357 492 1422 541 xvrr
1655 471 1716 541 Μ

177 660 256 741 lique
270 659 384 737 salute
400 668 495 741 atque
515 680 554 724 ex
574 661 828 725 consideratione
851 662 957 725 tama
969 662 1134 744 potissime
1172 663 1390 727 translormari
1431 669 1588 745 censetur,
1625 663 1718 745 cujus

176 758 400 822 ardentissime
414 758 555 822 cantatis
568 779 632 843 qiu
645 769 677 823 tc
694 760 826 825 omnino
847 780 917 842 gra·
970 761 1111 823 actiones
1125 770 1157 823 et
1176 762 1384 845 proprietates
1406 760 1543 844 amplius
1563 761 1716 825 imitatur.

176 858 213 921 tis
226 856 377 937 pmveni,
394 876 413 919 a
434 858 531 920 tantis
544 866 575 921 tc
589 860 682 921 malis
702 859 835 937 redemi,
851 868 915 921 tam
969 858 1054 937 ideo,
1070 858 1154 921 sicut
1169 860 1264 923 homo
1285 860 1421 923 carnalis
1436 868 1467 921 et
1487 858 1600 941 turpis,
1616 859 1718 922 bestia

176 956 405 1019 inestimabilia
418 956 501 1020 bona
519 958 676 1037 concessi,
691 959 789 1022 debes
802 959 917 1022 merito
970 956 1159 1038 appellatur,
1188 966 1221 1020 et
1247 957 1391 1021 bestialis
1420 957 1522 1039 magis
1550 976 1587 1020 ac
1616 957 1720 1039 magis

176 1054 310 1117 caritatis
323 1073 403 1118 mee
416 1056 528 1119 ardore
549 1056 688 1120 totaliter
708 1056 914 1134 inflammari,
970 1054 1133 1134 sllicitum
1160 1056 1206 1119 sic
1234 1056 1331 1119 homo
1360 1054 1547 1139 spiritualis,
1577 1056 1717 1135 fervens,

175 1152 376 1215 vehementer
397 1154 541 1231 accendi,
557 1153 623 1218 imo
646 1155 680 1217 in
706 1155 846 1218 caritatis
870 1156 917 1217 vi·
971 1152 1101 1215 imitans
1121 1171 1172 1216 mc
1192 1153 1439 1233 cruciformiter‚
1455 1152 1585 1215 divinus
1607 1160 1638 1215 ct
1652 1152 1719 1215 dei·

176 1271 261 1315 soora
283 1251 514 1329 transformari,
540 1262 572 1315 et
596 1272 653 1335 per
680 1254 797 1317 amoris
822 1254 917 1317 rebe
969 1250 1083 1315 formis
1098 1250 1252 1331 efficitur,
1268 1251 1343 1333 quia
1358 1270 1428 1334 quae
1443 1251 1497 1314 Ilei
1512 1257 1586 1313 sunt
1599 1250 1719 1333 iugiter

176 1350 323 1412 mentiam
337 1369 420 1413 unus
435 1370 561 1414 mecum
576 1352 707 1433 spiritus
723 1351 806 1431 lieri,
823 1352 867 1415 ita
881 1360 917 1415 ut
969 1358 1128 1431 operatur.
1158 1350 1210 1413 Sic
1238 1368 1314 1432 crgo
1342 1350 1518 1413 resolvatur
1545 1366 1601 1413 cor
1628 1355 1717 1411 tuum

119 1470 161 1507 ·1¹.
174 1449 277 1512 dicere
295 1467 395 1529 queas
411 1473 418 1511 :
436 1449 517 1512 Vivo
537 1458 654 1528 autem,
669 1449 735 1532 jam
757 1468 822 1515 non
843 1470 913 1532 ego,
971 1446 1004 1509 in
1032 1466 1095 1528 me,
1125 1456 1156 1510 et
1183 1456 1271 1510 extra
1299 1466 1332 1511 se
1359 1448 1533 1511 collocetur
1560 1446 1594 1509 in
1623 1446 1718 1509 corde

76 1551 80 1560 “
174 1547 250 1611 vivit
272 1565 348 1610 vero
368 1548 403 1610 in
423 1567 475 1610 me
495 1547 661 1611 Christusl
970 1564 1053 1623 meo,
1069 1554 1105 1609 ut
1119 1546 1173 1609 ubi
1194 1546 1361 1609 thesaurus
1382 1554 1467 1624 tuus,
1484 1544 1527 1608 ibi
1550 1544 1591 1607 sit
1613 1550 1645 1607 et
1663 1562 1718 1608 cor
1738 1568 1864 1623 nutam.

209 1646 333 1708 Etenim
348 1665 438 1711 amor
451 1645 579 1709 divinus
593 1647 742 1710 ecstasim
757 1646 843 1727 iacit,
855 1668 915 1711 nec
970 1644 1153 1719 tuum.0uis
1168 1644 1254 1707 enim
1270 1644 1436 1707 thesaurus
1452 1642 1607 1722 tuus,nisi
1622 1660 1717 1723 quem
1733 1636 1767 1678 ²¹·

173 1743 244 1805 sinit
266 1752 422 1806 amatores
442 1762 513 1807 esse
532 1743 583 1806 sui
604 1744 915 1827 ipsomm,sede1us
970 1740 1108 1804 maxime
1129 1741 1249 1823 diligis,
1265 1740 1355 1804 Jesus
1375 1740 1538 1804 Christusl
1553 1740 1591 1803 Et
1612 1741 1718 1803 verius

170 1860 263 1922 quem
288 1839 434 1922 diligunt.
459 1839 578 1923 ltaque,
605 1842 687 1904 sicut
709 1861 799 1907 amor
825 1862 915 1906 meus
932 1843 956 1905 B
971 1846 1019 1903 cst
1037 1839 1144 1901 anima
1167 1839 1221 1901 ubi
1243 1846 1339 1917 amat,
1355 1858 1450 1921 quam
1469 1837 1525 1901 ubi
1546 1838 1676 1902 animet.

171 1940 207 2001 ad
222 1948 252 2001 te
269 1947 330 2001 tuae
344 1958 395 2001 me
409 1939 576 2021 conjunxit
593 1948 724 2018 naturas,
741 1950 834 2023 atquc
849 1950 916 2005 tua·
1010 1936 1112 2011 Quum
1140 1937 1183 2000 ita
1206 1936 1354 1999 dilexeris
1380 1955 1442 2016 me,
1467 1954 1522 1999 ero
1547 1935 1634 1999 cordi
1665 1943 1720 1999 tuo

171 2056 238 2099 mm
272 2037 435 2101 actionum
470 2045 502 2100 et
536 2038 720 2120 passionum
754 2059 805 2102 me
841 2040 918 2103 iecit
971 2034 1158 2113 itainiixus,
1175 2034 1362 2117 impressus,
1380 2033 1602 2113 invisceratus,
1618 2033 1721 2097 utrix

170 2143 372 2213 consortcm3
397 2135 444 2198 sic
468 2154 558 2199 amor
581 2145 655 2199 tuus
678 2137 718 2200 ad
741 2157 793 2201 me
816 2146 917 2201 trans·
971 2131 1058 2195 aliud
1087 2132 1226 2213 cogitare
1261 2132 1367 2195 valeas
1401 2132 1464 2195 nisi
1500 2150 1572 2210 me;
1602 2150 1720 2213 eroque

170 2234 286 2297 lormet
300 2243 330 2297 te
347 2234 379 2296 in
394 2254 457 2313 me,
473 2244 505 2298 ct
519 2244 550 2298 te
564 2236 643 2299 mihi
663 2236 918 2319 inseparabiliter
971 2230 1074 2294 oculis
1089 2229 1194 2294 cordis
1209 2230 1254 2293 tui
1269 2238 1301 2293 et
1322 2228 1559 2311 imaginationis
1581 2238 1641 2293 tum
1656 2236 1721 2292 tam

171 2333 280 2395 reddat
303 2333 441 2411 unitum,
462 2334 509 2396 sic
529 2342 565 2397 ut
587 2335 627 2397 de
653 2343 758 2399 cetero
783 2354 847 2399 non
870 2337 917 2397 in·
972 2336 1130 2411 prompte,
1160 2328 1286 2391 assidue
1323 2326 1599 2409 indelebiliterque
1633 2328 1722 2409 obje-

50 2442 157 2493 κω.
170 2430 292 2506 tendas,
322 2449 387 2493 non
414 2449 536 2511 quaeras
564 2450 634 2513 qua
661 2440 716 2495 tua
742 2441 827 2509 sunt,
857 2453 916 2496 nec
973 2436 1054 2505 ctus,
1075 2433 1295 2508 presentatus,
1319 2425 1523 2508 conspicuus,
1544 2432 1579 2487 ut
1603 2425 1720 2508 ubique

168 2547 311 2609 unquam
334 2528 513 2592 inordinate
534 2529 710 2592 rollectaris
731 2531 771 2593 ad
795 2540 837 2607 te,
860 2533 917 2595 sed
972 2535 1005 2589 et
1031 2544 1168 2607 semper,
1198 2524 1233 2587 in
1264 2524 1351 2588 omni
1383 2532 1467 2603 actu,
1497 2524 1719 2606 occupatione,

167 2634 266 2688 meet
280 2645 387 2688 meum
402 2626 557 2691 bonorem
571 2646 609 2690 ac
623 2628 767 2709 gloriam,
784 2638 816 2690 et
830 2637 916 2691 tuam
973 2622 1113 2705 nogotio,
1136 2623 1283 2687 volvatur
1306 2629 1338 2685 et
1366 2629 1513 2686 occurrat
1536 2622 1645 2685 animo
1667 2630 1721 2685 tuo

167 2724 198 2785 in
217 2743 273 2786 me
290 2723 563 2788 beatificationem
581 2726 621 2787 ad
641 2726 817 2807 pleniorem
840 2746 917 2791 mee
973 2720 1120 2785 crucifixi
1147 2720 1263 2801 imago,
1280 2720 1430 2802 dictoque
1456 2720 1551 2784 citius
1573 2720 1606 2782 in
1632 2720 1719 2783 omni

165 2821 343 2903 majestatis
365 2821 641 2886 honorificentiam
661 2832 693 2887 et
712 2824 917 2905 glorificatio-
972 2820 1146 2883 tentatione
1161 2828 1193 2881 ct
1212 2819 1418 2882 distractione
1430 2826 1461 2882 et
1481 2826 1553 2881 actu
1568 2818 1607 2881 ed
1621 2817 1722 2881 domi-

166 2939 238 2982 nem
260 2943 269 2981 :
292 2928 451 3001 quatenus
476 2920 561 2983 sicut
583 2940 643 3003 ego
664 2921 761 2984 dilexi
785 2930 828 2999 te,
850 2943 914 2986 non
973 2918 1053 2981 nicae
1068 2916 1228 2999 passionis
1242 2919 1398 2982 actualem
1421 2916 1582 2981 reducaris
1602 2935 1722 2979 memo

166 3026 296 3101 propter
320 3019 524 3082 commodum
547 3038 666 3097 meum,
688 3019 743 3081 sed
765 3021 806 3083 ob
827 3018 952 3083 tuamC
973 3015 1053 3078 riam
1071 3039 1078 3077 :
1096 3034 1153 3097 per
1167 3034 1262 3097 quam
1278 3014 1442 3078 tentationi
1459 3014 1628 3079 confestim
1643 3033 1722 3096 prm-

165 3115 313 3195 salutem,
335 3134 395 3178 nec
418 3125 547 3198 propter
570 3116 683 3179 merita
707 3125 771 3196 tua,
797 3119 852 3181 sed
876 3139 914 3181 cx
972 3115 1091 3191 valcas,
1117 3114 1278 3177 devotioni
1308 3114 1497 3191 restituaris,
1520 3120 1551 3175 et
1580 3113 1663 3176 intra
1690 3120 1720 3175 te

163 3212 306 3277 bonitate
322 3232 393 3276 mea
406 3214 541 3295 gratuita
554 3223 586 3276 et
599 3213 824 3278 munificentia
844 3235 916 3298 pro
971 3214 1092 3276 redeas.

165 3311 253 3391 pria;
275 3313 322 3373 ita
344 3321 379 3374 tu
403 3311 516 3393 diligas
537 3332 600 3392 me,
620 3330 684 3376 non
709 3322 839 3395 propter
862 3322 915 3377 tua
1010 3311 1180 3373 quvsrus.
1197 3346 1237 3357 -
1258 3309 1345 3372 Felix
1366 3309 1419 3392 qui
1442 3308 1596 3393 pertingit
1616 3316 1649 3371 et
1669 3328 1720 3371 ex-

165 3411 346 3487 commoda,
373 3430 432 3472 nec
462 3410 680 3492 principaliter
706 3422 836 3494 propter
862 3414 915 3475 be
970 3409 1112 3491 peritur3
1143 3408 1197 3490 qui
1225 3408 1272 3488 (ni
1302 3407 1408 3487 fallor)
1436 3408 1542 3471 dicere
1576 3414 1680 3488 potest
1710 3430 1717 3467 ε

166 3508 287 3571 nclicia
300 3526 374 3571 mea
387 3507 443 3570 tibi
457 3508 582 3585 collata,
590 3509 645 3571 sed
660 3518 790 3591 propter
804 3529 914 3592 puram
969 3507 1077 3587 Neque
1106 3514 1249 3569 creatura
1274 3506 1380 3587 aliqua
1406 3524 1464 3569 nos
1489 3506 1605 3587 poterit
1630 3524 1719 3585 sepa·
1742 3536 1864 3591 1,„„„„‚

165 3624 201 3667 ac
222 3606 385 3668 inlicitam
406 3624 511 3668 meam
532 3606 717 3685 bonitatem,
733 3608 848 3670 deinde
869 3607 915 3671 di·
971 3624 1040 3667 rare
1068 3626 1086 3667 a
1114 3604 1243 3667 caritate
1272 3604 1338 3665 Dei.
1368 3603 1487 3685 Nempe
1515 3602 1560 3665 nil
1589 3603 1715 3679 durum,
1732 3603 1766 3643 ³⁹·

114 3734 152 3771 x«,
166 3702 246 3785 ligas
265 3723 320 3766 mc
338 3703 489 3784 quoniam
509 3704 596 3785 prior
612 3704 707 3767 dilexi
731 3713 772 3782 te,
794 3714 825 3768 et
845 3724 917 3787 pro-
970 3704 1016 3766 nil
1031 3722 1186 3779 amarum,
1203 3702 1247 3763 nil
1263 3720 1369 3783 grave,
1387 3701 1431 3761 nil
1447 3700 1540 3763 letale
1556 3707 1719 3781 computat

60 3814 65 3823 ·
165 3811 236 3883 pter
269 3801 432 3865 benelicia
464 3820 536 3865 mea
566 3809 661 3883 atque
689 3804 854 3885 promissa,
882 3804 915 3866 in
970 3799 1154 3882 hujusmodi
1177 3817 1275 3863 emor.
1296 3800 1384 3875 Quod
1406 3799 1537 3879 lerrum,
1560 3816 1630 3881 qum
1650 3799 1719 3862 vul-

164 3909 324 3981 quantum
339 3900 397 3963 tibi
413 3900 502 3963 utilia
517 3908 601 3981 sunt,
613 3901 678 3964 imo
692 3910 725 3964 ct
738 3902 917 3965 neccssaria
971 3918 1059 3975 nera,
1088 3916 1159 3979 quae
1188 3916 1293 3979 poena,
1323 3916 1392 3979 qum
1427 3903 1545 3960 mortes
1577 3913 1718 3959 amorem

162 3999 201 4061 ad
230 4000 455 4062 inherendum
483 3998 563 4061 mihi
591 3998 743 4081 perlecto,
774 4001 813 4063 ad
846 3999 918 4062 dili·
971 4004 1121 4079 poterunt
1148 4014 1298 4078 superare
1327 3994 1516 4078 perlectum,
1541 4002 1634 4077 prout
1658 3994 1719 4058 hoc

161 4097 306 4177 gendum
335 4116 387 4159 me
412 4096 518 4177 plene,
544 4097 584 4159 ad
608 4096 838 4179 perfruendum
867 4118 917 4159 me
973 4096 1005 4159 in
1028 4094 1220 4159 beatissimis
1242 4094 1344 4177 patuit
1365 4093 1428 4157 tuis
1450 4092 1664 4175 martyribust

162 4195 233 4257 sine
258 4196 341 4273 line,
362 4196 402 4257 ad
427 4194 621 4258 laudandum
643 4202 673 4257 et
697 4196 957 4259 honorandumll

162 4312 214 4355 me
228 4293 308 4358 totis
324 4292 388 4354 tuis
403 4293 524 4356 viribus
546 4300 774 4356 consummate.
791 4293 838 4357 hd
856 4294 917 4357 boc

162 4399 193 4453 ct
221 4400 359 4474 propter
386 4392 447 4456 hoc
474 4410 533 4474 pro
559 4400 591 4455 te
616 4392 680 4474 pati
706 4399 736 4454 et
764 4392 845 4455 mori
872 4391 919 4455 di·
1157 4359 1402 4424 ARTICULUS
1425 4360 1533 4423 XVII·

161 4498 282 4570 Ulmus
305 4510 388 4553 sum·
1015 4509 1167 4577 Qualiter
1185 4509 1345 4567 intuenda
1365 4508 1408 4567 sit
1423 4508 1532 4583 passio
1556 4508 1681 4568 Christi

202 4588 283 4651 licis
305 4588 483 4652 obediendo
504 4588 683 4670 praeceptis,
699 4590 780 4651 meis
798 4589 919 4653 obtem·
1166 4599 1211 4657 cd
1230 4597 1524 4672 contemplandum.

76 4712 151 4752 em,
164 4686 314 4767 perando
328 4685 472 4749 consiliis
486 4694 519 4749 et
529 4686 732 4767 passionibus
745 4688 826 4749 meis
837 4706 921 4751 corn·

57 4789 62 4799 ‘
164 4784 378 4861 municando,
400 4803 452 4846 mc
476 4783 597 4845 iervide
621 4784 793 4865 diligendo,
819 4787 921 4849 sincc-
1016 4783 1356 4847 Sicinius-Dicunt
1370 4782 1508 4863 theologi
1523 4782 1639 4864 duplex
1654 4802 1723 4846 csse

165 4882 243 4945 riter
257 4882 519 4963 contemplando,
537 4882 748 4945 conformaris
762 4884 840 4945 mihi
856 4886 922 4966 plc—
977 4882 1183 4947 simulacrum
1207 4881 1498 4963 contemplationis,
1514 4880 1665 4944 videlicet
1685 4882 1727 4944 si-

164 4981 257 5044 narie
272 4989 308 5044 ct
322 4979 558 5044 transformaris
572 4981 605 5041 in
626 5000 690 5057 me,
705 4990 737 5043 et
755 4981 837 5043 rivis
855 4982 922 5062 jam
977 4982 1155 5044 mulacrum
1179 4988 1298 5043 naturae
1323 4988 1354 5043 et
1375 4979 1581 5043 simulacrum
1603 4980 1722 5061 gratiae.

164 5098 232 5142 non
253 5089 291 5142 tu
318 5079 351 5140 in
372 5087 414 5155 te,
437 5080 493 5141 sed
507 5096 567 5159 ego
585 5078 619 5141 in
635 5086 665 5139 te
688 5086 720 5139 et
739 5086 773 5140 tu
793 5080 826 5141 in
848 5099 920 5155 me,
976 5080 1064 5154 Quod
1086 5078 1164 5141 mihi
1183 5078 1337 5159 digneris,
1353 5096 1372 5141 ο
1391 5078 1533 5155 Domine,
1550 5078 1723 5155 declarare,

42 5190 95 5233 aas.
110 5208 150 5245 vm
164 5196 203 5239 ac
224 5178 339 5240 dicere
362 5176 480 5258 poteris
502 5199 510 5237 τ
532 5176 607 5250 Quis
635 5195 693 5239 nos
724 5178 882 5257 separabit
905 5197 925 5240 a
978 5186 1010 5240 et
1035 5197 1091 5240 cur
1115 5197 1179 5241 non
1203 5177 1323 5239 addunt
1346 5184 1379 5239 et
1398 5176 1536 5253 tertium,
1554 5183 1661 5257 utpote
1684 5176 1725 5237 si-

43 5256 60 5295 ⁵'
165 5276 304 5341 caritate
326 5274 403 5339 beit
419 5274 668 5357 Unumquodque
689 5275 775 5337 enim
797 5275 829 5337 in
845 5275 925 5339 illud
979 5276 1156 5341 mulacrum
1172 5275 1290 5357 gloriae,
1308 5293 1405 5356 quum
1421 5273 1455 5336 in
1475 5272 1612 5337 doniset
1633 5274 1725 5338 bonis
