4309 6259
516 742 662 895 DE
736 740 1350 895 PRAEGONIO

264 1117 398 1268 ET
485 1116 1108 1269 DIGNITATE
1196 1118 1601 1315 MARIAE

588 1488 823 1597 LIBER
870 1488 1274 1601 SECUNDUS

400 2171 660 2238 PROOEMIUM·
916 2141 1096 2225 Aplatione
1116 2142 1190 2223 fixa,
1206 2142 1438 2226 dilectioneque
1457 2145 1576 2227 stabili,
1593 2147 1705 2211 buma-

956 2259 999 2304 na
1017 2249 1067 2303 est
1089 2242 1271 2323 reponenda
1291 2241 1441 2305 felicitas.

229 2342 344 2402 ARIA
360 2347 469 2399 autem
483 2340 691 2398 conservabat
705 2340 816 2399 omnio
832 2359 902 2400 ver·
995 2339 1097 2414 Quum
1121 2339 1228 2422 itaque
1257 2340 1290 2401 in
1318 2340 1465 2407 editionis
1494 2342 1593 2423 hujus
1623 2342 1705 2407 libro

246 2440 286 2498 ba
310 2454 380 2518 qua
402 2435 443 2498 de
466 2434 591 2499 Christo
615 2444 716 2515 erant,
733 2439 902 2514 conparens
957 2436 1071 2519 primo,
1089 2438 1128 2499 de
1150 2438 1308 2519 praeconio
1322 2457 1359 2501 ac
1374 2439 1527 2521 dignitate
1541 2440 1641 2504 Maria
1666 2441 1706 2505 ad

146 2555 186 2597 ea
206 2538 247 2596 in
268 2538 366 2595 corde
385 2554 453 2595 stro.
468 2534 544 2595 Luc.
562 2550 596 2613 ιι,
613 2531 662 2595 lb.
956 2534 1155 2599 benedictam
1180 2535 1424 2619 deificatamque
1450 2537 1549 2621 ipsius
1576 2557 1705 2602 earnem

186 2632 382 2696 Immortalis
397 2631 662 2713 omnipotensque
683 2632 778 2713 Deus,
795 2632 899 2713 cujus,
955 2634 1131 2714 presertim
1146 2633 1389 2715 pertinentibus,
1402 2644 1438 2699 ut
1450 2635 1520 2719 ipsa
1535 2644 1706 2719 praestanto

148 2732 176 2795 si
206 2733 270 2796 rite
299 2730 509 2814 contemplor,
538 2729 711 2811 superfelix
743 2730 809 2794 rita
837 2751 903 2795 sue
954 2731 1055 2813 quivi,
1077 2731 1303 2811 disseruerim3
1328 2733 1395 2814 jam
1420 2754 1505 2797 nunc
1533 2736 1573 2798 de
1601 2735 1707 2818 perle-

146 2842 197 2894 est
212 2830 499 2910 incircumscriptas
513 2847 551 2891 ac
565 2828 834 2892 incommutabilis
848 2849 902 2893 ve-
955 2830 1060 2892 ctione
1075 2829 1190 2893 mentis
1205 2830 1286 2912 ejus,
1303 2840 1397 2913 atque
1416 2832 1449 2893 in
1464 2832 1575 2914 primis
1596 2832 1635 2896 de
1657 2852 1706 2895 sa-

147 2930 253 2993 ritatis
279 2926 517 3010 contemplatio,
533 2928 674 3008 itemque
697 2927 846 3009 perfecte
869 2935 901 2990 et
953 2927 1073 3009 pientia
1094 2927 1174 3009 ojus,
1192 2928 1387 3009 loquendum
1409 2929 1579 2994 incumbit.

144 3028 317 3091 illimitatae
342 3025 492 3090 bonitatis
515 3024 672 3088 immensa
695 3026 834 3107 dilectio,
858 3026 899 3091 ob

145 3126 178 3189 id
197 3126 240 3188 ad
265 3125 316 3187 sui
340 3123 579 3186 similitudinem
608 3131 702 3205 atque
729 3124 899 3206 imaginem

144 3223 336 3287 rationalem
351 3221 491 3284 animam
505 3221 662 3303 produxit,
678 3230 713 3283 ut
727 3220 843 3285 divinae
862 3222 901 3285 li·
1106 3194 1350 3259 ARTIGULUS
1373 3195 1548 3261 PRIMUS·

144 3323 191 3385 eri
211 3320 368 3383 imitatrix
388 3320 460 3383 Vll&
480 3326 647 3400 Simile¹⁸0¹
663 3338 788 3401 ¹ll⁸¹¹l¹¹6
808 3320 900 3383 (ῙΓθθ-
916 3323 939 3386 Β
954 3342 1047 3409 Quod
1059 3343 1202 3402 Matrem
1217 3361 1303 3401 certe
1316 3351 1510 3422 oeternaeque
1523 3334 1704 3420 Sapientiae

143 3421 206 3485 tori
234 3438 295 3502 pro
318 3418 440 3481 viribus
464 3417 632 3481 assimilari
658 3418 832 3480 studeret:
859 3420 898 3481 ad
1094 3430 1219 3489 eximia
1238 3432 1367 3491 decebat
1387 3433 1562 3507 sapientia.

145 3520 233 3601 quod
262 3536 324 3581 nos
351 3516 600 3598 benignissimus
628 3515 766 3594 Creator,
796 3518 899 3599 primo

144 3618 279 3699 quidem
301 3634 359 3698 per
383 3633 524 3692 servum,
539 3614 667 3676 demum
691 3633 817 3695 quoque
842 3635 900 3697 per
1026 3614 1307 3678 Utntottooott
1334 3615 1486 3679 Sanctum
1514 3616 1701 3682 Sanctorum

145 3736 180 3779 se
203 3717 314 3798 ipsum
332 3712 468 3776 ubertim
492 3713 625 3775 edocere
648 3712 829 3794 hortarique
853 3714 900 3775 di·
956 3610 1270 3813 Osanotissimam
1303 3713 1420 3776 babere
1448 3722 1582 3778 matrem
1610 3717 1703 3781 dece-

144 3822 264 3897 gnatus
279 3820 338 3875 est.
353 3810 413 3873 Per
426 3810 553 3892 lloysen
566 3809 685 3891 quippe
699 3811 738 3873 ad
760 3830 818 3873 nos
840 3811 899 3873 lari
953 3810 1017 3890 bat,
1034 3811 1098 3874 imo
1120 3811 1149 3874 ei
1174 3810 1229 3893 qui
1255 3811 1464 3875 essentialiter
1488 3822 1616 3877 sanetus
1640 3823 1699 3896 est,

49 3939 130 4041 '¹2⁴⁸
144 3931 264 3975 orsus·
280 3910 388 3973 Estote
403 3907 533 3989 (inquit)
552 3906 668 3987 sancti,
684 3905 767 3971 sicut
787 3917 819 3971 et
839 3927 899 3991 ego
953 3916 1047 3972 tantae
1081 3910 1255 3973 debebatur
1281 3911 1419 3993 genitrix
1449 3912 1636 3992 sanctitatis,
1667 3924 1702 3977 ut

87 4002 279 4074 ²'sanctus
294 4028 376 4071 sum.
392 4007 535 4088 Denique
554 4006 697 4069 Christus
718 4008 896 4071 Dominus:
953 4008 1012 4071 sub
1026 4007 1090 4071 Deo
1106 4008 1208 4119 maior
1222 4028 1291 4071 esse
1307 4028 1372 4073 non
1387 4010 1502 4093 possit3
1512 4010 1558 4074 sio
1572 4030 1701 4093 prorsus

38 4129 129 4186 «ιιι,
143 4109 254 4171 Estote
269 4106 340 4187 (ait)
354 4104 501 4186 perfecti,
520 4103 604 4167 sicut
627 4112 660 4167 et
681 4104 771 4167 Pater
793 4114 900 4169 vester
952 4106 1121 4185 Christum,
1138 4107 1192 4188 qui
1214 4114 1262 4170 est
1280 4107 1436 4190 sapientia
1459 4108 1557 4171 Patris
1582 4110 1702 4175 omnis·
1717 4132 1797 4179 icor.
1798 4136 1846 4186 ..ιι

144 4205 288 4270 coelestis
303 4202 463 4286 perlectus
477 4209 536 4265 cst
543 4202 588 4264 llx
601 4202 717 4283 quibus
728 4202 775 4283 (ni
791 4201 898 4285 lallor)
952 4223 1014 4286 que
1033 4206 1197 4286 sapientiae
1215 4203 1346 4268 fontana
1370 4206 1459 4287 origo
1474 4205 1560 4287 (lons
1584 4227 1700 4319 nempe
1714 4225 1787 4273 ares.
1796 4233 1811 4272 ι
1826 4223 1846 4267 ⁵.

143 4300 331 4381 elucescit,
323 4319 356 4361 m
370 4299 512 4363 veritatis
527 4299 795 4381 contemplatione
810 4300 900 4364 boni·
952 4302 1125 4386 sapientia,
1135 4302 1273 4365 Verbum
1287 4302 1365 4365 Dei
1357 4322 1390 4365 ιιι
1405 4304 1564 4385 excelsis),
1577 4307 1701 4389 sapien-

143 4421 207 4484 que
236 4399 419 4477 dilectione,
446 4404 559 4460 creatae
587 4397 705 4459 mentis
730 4397 898 4461 beatitudi·
951 4400 1108 4463 tissimam
1134 4407 1289 4482 tantaque
1309 4401 1474 4484 sapientia
1492 4402 1610 4467 habere
1634 4424 1701 4469 ma·

143 4519 220 4563 nem
241 4499 347 4561 sitam.
364 4496 470 4573 Porro,
486 4513 586 4576 quum
607 4495 640 4557 in
662 4495 763 4558 tribus
782 4498 897 4562 animae
915 4502 1032 4565 Gtrem
1051 4518 1114 4580 qua
1133 4497 1298 4561 bominum
1323 4498 1430 4561 nullus
1454 4499 1487 4561 in
1513 4500 1604 4564 terris
1633 4512 1701 4567 erat

142 4598 270 4662 viribus
299 4594 462 4658 Trinitatis
489 4594 525 4655 in
552 4592 680 4656 bomine
709 4594 815 4676 imago
848 4616 897 4659 re-
951 4597 1135 4677 sapientior,
1165 4614 1223 4679 par
1250 4603 1308 4659 est.
1339 4595 1579 4677 Superellluens
1612 4600 1699 4664 enim

144 4696 315 4780 splendeat
328 4692 550 4775 (intellectum,
567 4691 762 4755 voluntatem
777 4713 896 4759 memo-
951 4695 1025 4759 lons
1039 4693 1213 4777 sapientiae,
1229 4692 1370 4756 Christus
1387 4691 1551 4775 Dominus,
1569 4696 1602 4759 in
1621 4694 1705 4779 quid

143 4798 291 4876 riamque
314 4792 466 4871 insinuo),
490 4790 523 4852 in
548 4808 586 4854 eo
610 4810 735 4854 summa
758 4792 896 4856 hominia
951 4793 1064 4856 lortius
1089 4798 1205 4875 ageret,
1227 4790 1433 4873 illuminaret,
1456 4800 1551 4875 atque
1575 4796 1699 4878 sapian-

142 4903 193 4957 est
206 4894 313 4957 locata
326 4889 536 4974 perlectio,ut
549 4887 762 4952 reformentur
775 4897 807 4952 et
820 4890 896 4953 item
950 4892 1000 4953 tia
1016 4891 1100 4954 rivos
1116 4888 1361 4969 transfunderet,
1378 4909 1474 4973 quam
1488 4892 1522 4955 in
1538 4894 1697 4978 propriam

141 4990 354 5075 perficiantur
375 4988 524 5069 potentia
544 4987 622 5050 istae.
638 4987 821 5050 intellectus
842 5008 897 5052 au·
950 4986 1162 5051 Genitriceml
1183 4986 1231 5049 Nil
1255 4986 1375 5069 quippe
1397 4988 1460 5071 ipsi
1484 4990 1631 5070 vicinius,
1653 4991 1697 5054 nil

142 5099 207 5153 tem
235 5086 402 5171 perfectio,
424 5105 549 5149 summa
572 5093 620 5147 est
644 5085 819 5167 sapientia3
842 5107 897 5150 vo-
950 5085 1064 5166 carius,
1081 5084 1127 5146 nil
1152 5083 1289 5147 similius
1314 5104 1362 5149 ea.
1382 5086 1518 5169 ldeoquc
1543 5108 1625 5153 veras
1650 5110 1699 5153 sa-

141 5187 290 5267 luntatis,
313 5185 448 5263 cautas3
465 5184 626 5248 memoriae
640 5202 729 5265 vero,
741 5185 896 5249 stabilitas
950 5183 1076 5265 pientiae
1091 5182 1195 5246 radios
1209 5183 1335 5265 plenius
1354 5184 1395 5246 ab
1413 5184 1483 5267 ipso
1505 5189 1615 5251 sortita
1636 5196 1694 5268 est,

141 5286 178 5351 in
191 5295 341 5369 utroque.
356 5285 492 5366 Ideoque
507 5283 541 5346 in
555 5282 736 5347 divinorum
755 5291 896 5347 contem-
948 5281 1095 5363 laetaque
1119 5288 1168 5344 ast
1190 5280 1231 5361 ei,
1255 5280 1303 5343 uti
1327 5280 1361 5343 in
1389 5284 1564 5367 sanctitate,
1591 5286 1637 5349 sic
1662 5287 1695 5353 in
