4309 6259
678 478 836 526 xxrosrrro
855 478 963 525 16666.
986 497 1028 509 -
1047 480 1117 525 aar.
1141 481 1174 527 xr
1643 456 1703 523 343

161 646 375 710 excellentiam
394 650 639 731 contemplando
660 668 739 731 pure
760 669 797 712 ac
818 650 903 712 nude
916 650 943 711 A
956 668 994 713 ac
1008 650 1256 715 sincerissimam
1275 651 1402 714 laudem
1420 648 1585 713 efficimur
1602 646 1704 728 magis

160 744 385 826 immergimur.
407 746 535 811 Constat
555 766 693 830 quoquc,
714 748 798 829 quod
819 748 904 811 aetio
957 748 1076 829 idonei,
1106 756 1224 831 quanto
1252 748 1391 832 amplius
1419 748 1583 811 renuimus
1617 752 1704 807 extra

160 844 322 907 Beatos-um
346 843 381 906 in
405 846 508 928 patria
532 846 574 908 sit
597 846 745 909 laudibus
770 846 824 909 [161
852 866 904 909 va·
958 848 1056 910 Deum
1071 848 1241 926 consolari,
1257 847 1389 911 delicias
1403 846 1524 911 ventris
1539 852 1570 907 et
1584 842 1704 907 vanilo

161 960 242 1019 carc,
270 960 336 1005 non
363 952 469 1006 autem
497 962 600 1025 orare,
629 945 804 1025 praesertim
834 953 905 1026 post
958 946 1033 1027 quia
1050 946 1199 1027 odiendo,
1220 956 1251 1009 61
1270 946 1349 1009 illud
1375 966 1474 1009 unum
1498 945 1582 1028 quod
1602 940 1849 1009 6616666666.

161 1040 242 1101 diem
263 1040 457 1121 judiciive}
478 1060 536 1125 pro
557 1062 591 1105 66
612 1043 704 1125 ipsis,
718 1044 806 1125 juxta
825 1042 904 1105 illud
958 1044 1173 1108 necessarium
1202 1054 1261 1123 est,
1291 1044 1469 1109 efficaciter
1502 1041 1704 1125 inquirendo,

43 1156 148 1205 imam.
161 1137 287 1201 loannis
319 1162 326 1200 ε
352 1139 387 1200 16
417 1139 473 1203 illo
500 1141 553 1204 die
580 1160 631 1204 me
659 1160 723 1205 non
753 1141 904 1224 rogabitis
958 1144 1124 1205 inventum
1139 1144 1288 1223 tenendo,
1304 1150 1336 1206 et
1349 1162 1477 1209 omnem
1492 1141 1608 1205 mentis
1622 1140 1708 1221 igna-

43 1222 65 1261 ¹³·
161 1236 342 1318 quidquam.
958 1241 1045 1304 viam
1073 1260 1110 1304 ac
1144 1240 1341 1323 corporalem
1375 1241 1514 1323 quictem
1543 1236 1708 1303 resolutio-

198 1335 328 1414 Rursus,
348 1338 615 1419 quemadmodum
634 1338 813 1420 obligamur
833 1338 905 1421 plus
959 1360 1097 1422 nemque
1119 1339 1218 1403 animi
1238 1340 1365 1422 penitus
1387 1338 1596 1403 abhorrendo.

161 1434 290 1516 diligere
315 1436 414 1499 ileum
437 1456 532 1518 quam
556 1455 628 1515 nos,
648 1436 694 1500 sic
718 1437 835 1519 justius
858 1444 906 1499 est
998 1438 1153 1513 Quoniam
1179 1457 1256 1502 vero
1282 1439 1419 1521 hymnus
1444 1438 1504 1501 iste
1531 1434 1707 1517 cogollem,

160 1533 213 1595 1161
236 1533 385 1597 laudibus
407 1534 557 1617 occupari
580 1553 676 1616 quam
699 1554 757 1617 pro
780 1534 906 1615 seipso
960 1546 1072 1601 cantus
1089 1537 1205 1601 1611116
1228 1545 1286 1617 661,
1303 1538 1374 1602 1666
1394 1536 1427 1599 16
1446 1534 1568 1601 61116116
1587 1534 1709 1597 luctuo-

160 1649 260 1695 orare.
275 1632 354 1711 hno,
370 1652 468 1715 quum
488 1650 582 1697 nemo
603 1633 736 1697 idonens
752 1634 794 1695 sit
807 1633 906 1695 Deum
961 1636 1005 1699 sis
1027 1636 1196 1700 omittitur.

160 1730 299 1808 laudare,
311 1732 374 1794 nisi
389 1731 482 1813 cujus
496 1732 563 1794 vita
576 1749 684 1795 eoram
698 1732 762 1795 1166
775 1732 908 1814 probata

161 1828 317 1907 consistit,
342 1848 441 1910 quum
465 1830 506 1893 de
530 1828 650 1910 iniquis
676 1828 838 1911 Scriptura
862 1830 945 1891 te-B

43 1944 148 2050 ¹⁸12thss
161 1935 269 2005 stetur,
286 1926 424 2009 Populus
438 1926 491 1989 hic
512 1926 605 1990 labiis
625 1946 677 1989 me
692 1926 836 2005 honorat,
853 1946 909 1990 cor
1172 1896 1417 1961 ARTICULUS
1439 1895 1501 1959 ΧῘ·

44 2101 50 2111 ‚
143 2033 264 2088 ’1111111111
294 2044 404 2089 80111111
433 2026 527 2108 1011811
558 2034 607 2089 esf
640 2046 659 2089 ἃ
686 2044 758 2102 111θὶ
788 2025 909 2090 111011θο
988 2050 1037 2109 116
1059 2046 1257 2106 salutatione
1280 2054 1311 2103 61
1334 2044 1484 2105 oratione
1507 2046 1684 2105 sacerdotis

161 2123 326 2186 ordinatur
342 2124 443 2187 oratio
461 2125 499 2186 ad
520 2123 646 2187 laudem
664 2124 806 2187 divinam
826 2124 909 2186 sicut
1193 2141 1270 2193 6616
1287 2134 1479 2209 Epistulam.

161 2222 198 2283 ad
219 2220 334 2283 finem.
354 2221 442 2283 linis
465 2240 542 2285 vero
563 2222 762 2305 prestantior
786 2231 834 2285 est
856 2221 908 2283 his

161 2338 228 2401 quae
243 2319 428 2382 referuntur
440 2320 480 2382 ad
495 2318 613 2402 ipsum.
629 2320 734 2382 Palam
753 2328 801 2381 est
819 2337 907 2400 ergo,
1031 2325 1064 2384 D
1084 2340 1178 2401 quem
1204 2328 1313 2381 cutem
1338 2316 1522 2393 respiciam,
1542 2314 1586 2377 ait
1608 2314 1714 2379 Domi·
1727 2339 1852 2390 reuma.

162 2419 244 2499 quod
259 2416 390 2498 dignius
405 2426 499 2499 atque
513 2418 655 2480 divinius
669 2418 710 2480 sit
724 2419 823 2481 Deum
843 2418 911 2479 lau·
1046 2438 1118 2495 nus,
1135 2418 1204 2477 misi
1217 2420 1261 2477 ad
1275 2417 1528 2493 pauperculum,
1543 2422 1574 2473 61
1593 2414 1716 2473 contri·

161 2517 233 2578 dare
252 2534 350 2597 quam
370 2532 471 2593 orare,
493 2516 520 2578 si
546 2525 652 2579 166166
675 2534 769 2579 6666
794 2515 910 2579 nebula
964 2527 1035 2579 tum
1049 2510 1716 2593 6616116661166666166666666666666661

161 2614 312 2677 ritiomm
334 2622 428 2695 atque
452 2613 589 2696 caligine
612 2631 746 2696 operum
766 2614 910 2677 tenebra·
965 2615 1053 2678 Sicut
1077 2621 1241 2677 ostensum
1265 2618 1324 2689 est,
1350 2610 1384 2671 in
1408 2607 1521 2673 officio
1544 2608 1646 2672 1116616
1668 2614 1716 2670 661

160 2732 229 2775 rum
257 2712 358 2775 fuerit
381 2719 587 2794 expurgatum
614 2737 621 2774 :
647 2712 800 2793 quamdin
824 2712 909 2775 enim
964 2712 1203 2777 ordinatissima
1217 2710 1329 2773 mixtio
1344 2706 1657 2772 commemorationis
1672 2705 1717 2769 di-

161 2811 364 2893 passionibus
383 2811 438 2873 irae
456 2820 550 2893 atque
569 2810 725 2893 superbias
744 2810 908 2893 premitur,
964 2812 1048 2875 vine
1072 2808 1278 2887 excellentiae,
1300 2824 1396 2887 quam
1418 2804 1594 2884 laudamus,
1615 2812 1647 2867 61
1669 2823 1716 2867 66-

161 2910 312 2991 vitiisque
336 2909 518 2973 carnalibus
542 2916 573 2973 et
596 2910 707 2972 acedia
731 2916 909 2992 superatur,
966 2906 1159 2989 cognitionis
1181 2912 1297 2970 nostrae
1319 2902 1467 2982 miserie,
1488 2919 1546 2983 pro
1564 2920 1627 2983 qua
1647 2920 1717 2965 ora·

162 3008 269 3071 utilius
299 3015 348 3069 est
376 3006 510 3071 orationi
539 3026 635 3088 quam
664 3007 749 3070 laudi
784 3026 907 3069 vacare.
925 3004 947 3069 G
966 3005 1133 3069 musNam
1150 3012 1220 3087 post
1235 2998 1716 3079 confessionemantealtare‚in

161 3108 246 3170 Unde
264 3105 445 3183 Psalmista‚
466 3124 664 3187 cognoscens
688 3106 849 3169 neminem
871 3107 910 3167 ad
965 3124 1029 3187 qua
1044 3112 1183 3167 nostram
1200 3101 1390 3185 profitemur
1404 3098 1578 3176 miseriam,
1588 3098 1718 3160 inchoa·

161 3205 357 3267 laudandum
385 3204 484 3267 Deum
512 3223 582 3266 esse
617 3204 812 3285 condignum
848 3203 911 3265 nisi
967 3212 1019 3265 tur
1031 3202 1192 3279 introitus,
1210 3200 1265 3282 qui
1281 3208 1328 3261 661
1343 3204 1454 3261 cantus
1469 3195 1572 3259 laudis
1586 3195 1714 3275 divinae,

161 3304 257 3367 fuerit
279 3323 300 3366 a
329 3302 473 3385 populari
501 3302 742 3366 conversatione
767 3311 799 3365 et
823 3302 911 3365 vitiis
967 3310 998 3364 et
1013 3301 1119 3364 statim
1134 3299 1339 3380 subjungitur
1352 3296 1445 3379 llyrie
1459 3294 1592 3372 eleison,
1606 3294 1639 3357 in
1653 3311 1717 3375 quo

43 3424 147 3470 6616,
161 3410 338 3485 separatus,
361 3401 405 3465 ita
429 3410 577 3484 precatur
600 3426 607 3463 :
631 3402 741 3465 Salvos
764 3402 816 3465 fac
839 3422 909 3479 nos,
967 3421 1076 3463 mrsns
1091 3399 1298 3462 humiliamus
1314 3415 1372 3459 nos
1387 3396 1486 3477 ipsos,
1502 3403 1643 3458 nostram
1658 3394 1717 3456 mi-

161 3501 295 3565 Domine
318 3500 401 3563 11666
424 3508 543 3578 666166,
565 3508 596 3563 61
615 3518 773 3582 congrega
793 3518 852 3564 nos
872 3502 912 3564 de
967 3498 1084 3561 seriam
1119 3498 1327 3560 declarantes.
1357 3494 1422 3557 lloc
1456 3491 1632 3570 finito,1ad
1661 3492 1716 3555 1161

160 3598 359 3676 nationibus,
375 3606 410 3660 ut
428 3597 641 3661 confiteamur
659 3598 783 3660 nomini
803 3606 913 3661 saneto
968 3597 1094 3660 laudern
1113 3593 1340 3670 convertimur,
1361 3591 1503 3653 dieentes
1525 3612 1532 3651 :
1553 3588 1659 3653 Gloria
1682 3588 1717 3651 in

161 3706 214 3760 tuo
233 3705 267 3759 61
285 3694 462 3778 gloriemur
481 3695 515 3757 16
533 3694 627 3757 laude
646 3703 710 3758 tua.
968 3693 1104 3757 excelsis
1124 3694 1197 3755 Deo.
1214 3692 1281 3766 Quo
1300 3689 1470 3772 completo,
1491 3688 1593 3751 oratio
1612 3686 1717 3767 sequi-

201 3797 369 3872 Praetcrea,
385 3795 513 3877 signum
533 3794 661 3858 virtutis
675 3802 724 3856 est
744 3794 913 3859 delectatio
968 3802 1029 3872 tur,
1046 3793 1080 3854 in
1095 3810 1158 3873 qua
1171 3790 1276 3853 denuo
1291 3787 1528 3851 consideramus
1543 3803 1601 3848 nos
1617 3784 1714 3867 ipsos,

161 3894 342 3978 operationi
368 3894 540 3976 conjuncta
565 3916 573 3955 ε
599 3912 699 3975 quum
727 3894 815 3956 enim
839 3893 912 3976 quis
967 3901 999 3955 et
1038 3888 1291 3953 misericordiam
1329 3886 1536 3967 imploramus
1580 3882 1716 3946 miseria

160 3996 340 4058 delectatur
354 3993 541 4055 sustinendo
561 3992 705 4071 adversa,
722 3992 849 4074 signum
865 4002 914 4056 est
968 3999 1094 4055 nostrae.

161 4094 244 4175 quod
266 4112 346 4156 rere
368 4091 409 4154 sit
430 4092 565 4173 patiens.
587 4091 708 4166 Quanto
728 4091 825 4173 igitur
845 4092 913 4154 laus
1007 4088 1172 4153 Praemittit
1194 4094 1300 4148 autem
1324 4084 1471 4147 sacerdos
1494 4081 1715 4147 salutationem

161 4193 216 4254 1161
240 4191 422 4255 orationem
451 4188 616 4271 praecellit,
642 4197 730 4253 tanto
755 4190 913 4252 intensius
927 4194 952 4256 D
967 4189 1006 4251 ad
1027 4184 1192 4269 populum,
1214 4184 1325 4246 dicens
1342 4205 1349 4244 :
1366 4184 1527 4244 Dominus
1542 4182 1716 4250 vobiscum,

162 4290 316 4353 delectari
346 4308 404 4351 nos
431 4288 523 4351 dccet
548 4286 580 4350 16
609 4288 767 4351 laudando
791 4287 914 4349 61111661-
968 4287 1000 4349 id
1015 4295 1075 4363 cst,
1091 4284 1225 4366 gratiam
1240 4282 1331 4347 vobis
1354 4280 1501 4342 infundat
1521 4281 1633 4342 devote
1652 4298 1718 4341 me-

162 4406 249 4450 mum
273 4406 373 4468 quam
397 4386 431 4447 16
455 4387 585 4449 orando.
606 4385 644 4448 Et
668 4386 739 4449 ideo
759 4386 913 4466 scriptum
969 4404 1042 4449 cum
1066 4383 1178 4447 orandi
1202 4390 1233 4445 ct
1258 4398 1347 4443 sacra
1375 4379 1472 4442 verba
1499 4378 1595 4459 digne
1623 4385 1717 4459 atque

43 4494 148 4545 6666.
163 4494 210 4548 661
235 4510 243 4549 :
269 4484 482 4548 Exsultabunt
506 4483 590 4545 labia
613 4502 686 4546 mea
712 4502 811 4564 quum
840 4504 914 4547 can·
969 4482 1139 4546 salubriter
1152 4478 1313 4542 audiendi.
1329 4478 1366 4541 Et
1381 4477 1448 4539 heac
1464 4476 1560 4539 verba
1578 4495 1616 4539 ex
1635 4476 1717 4539 libro
1732 4498 1855 4548 auraici.

43 4594 272 4649 6666166666
291 4583 373 4662 tibi,
394 4584 559 4646 etiterum
581 4606 588 4643 ε
609 4583 715 4645 Labiis
734 4583 915 4646 exsultatio
969 4582 1051 4644 llutlr
1071 4586 1196 4659 sumpta
1211 4578 1369 4654 videntur,
1386 4582 1522 4655 suntque
1542 4574 1718 4638 affectuose

164 4685 214 4746 nis
225 4682 373 4746 laudabit
386 4700 422 4745 os
436 4680 627 4744 mcum.Hoc
638 4700 775 4762 namque
791 4701 915 4743 summa
970 4700 989 4743 6
1017 4678 1180 4740 sacerdote
1208 4674 1354 4753 dicenda,
1384 4672 1471 4735 velut
1498 4691 1517 4735 a
1544 4672 1718 4735 mediatore

164 4782 323 4863 perfectio
342 4788 392 4843 661
414 4787 446 4842 61
469 4779 655 4842 exercitium
677 4778 915 4842 divinissimum
971 4778 1055 4839 inter
1079 4776 1178 4837 Deum
1203 4781 1235 4836 et
1260 4771 1424 4854 populum,
1451 4771 1627 4834 seeundum
1655 4769 1720 4833 exi-

163 4882 236 4943 vita
256 4878 437 4961 praesentis,
458 4876 609 4939 delectari
630 4878 663 4938 in
683 4876 775 4939 laude
793 4876 914 4953 divina,
971 4874 1112 4957 gentiam
1134 4870 1274 4935 caritatis
1297 4870 1454 4948 fraternae,
1470 4887 1540 4949 quae
1561 4869 1595 4931 in
1617 4888 1720 4931 sacer-

164 4976 381 5059 congratulari
398 4974 587 5038 beatitudini
602 4974 710 5037 aetemi
727 4974 793 5052 Dei,
802 4983 833 5036 61
846 4974 916 5054 ejus
971 4973 1099 5037 dotibus
1113 4970 1335 5034 exuberantior
1349 4987 1418 5031 esse
1432 4967 1536 5031 debet.
1544 4968 1720 5050 Episcopus

164 5074 358 5159 perfectioni
386 5072 567 5136 mentaliter
591 5072 789 5153 congaudere
817 5094 824 5133 :
850 5073 917 5135 haic
972 5089 1058 5150 vero,
1081 5070 1156 5151 quia
1175 5069 1258 5150 gerit
1279 5066 1392 5131 Christi
1416 5085 1595 5148 personam,
1616 5066 1717 5129 dicit:

165 5176 252 5237 enim
277 5194 320 5237 ex
342 5171 467 5235 fervida
490 5170 545 5233 1161
570 5169 700 5233 caritate
729 5170 915 5252 procedunt.
972 5171 1034 5233 Pax
1050 5169 1151 5232 vobis.
1164 5168 1216 5230 Sio
1232 5166 1318 5229 enim
1333 5164 1474 5228 Christus
1489 5163 1637 5228 salutavit
1650 5170 1722 5246 post
1746 5194 1868 5245 pm,

167 5273 268 5338 Tanto
282 5279 394 5336 autern
406 5270 447 5334 ad
459 5268 543 5333 hanc
557 5267 762 5332 dilectionem
776 5267 919 5331 divinam
976 5266 1243 5331 resurrectionem
1263 5264 1439 5346 Apostolos.
1736 5259 1809 5309 ¹⁰³¹·
1819 5258 1853 5300 ²⁶·
