4309 6259
378 514 418 559 ns
439 510 654 560 0000010060
674 514 838 563 excurrare
859 514 975 571 110οι0,
998 516 1087 563 urana
1108 518 1138 563 0.
1162 535 1202 545 -
1224 517 1295 563 aar.
1318 517 1403 575 xxiv,
1425 518 1486 564 xxv
1646 498 1706 563 529

152 696 221 741 non
249 681 396 763 reprobo,
422 682 572 763 quoniam
595 703 656 747 nec
679 684 711 748 id
739 684 902 767 sapientiae
917 686 942 749 Α
957 684 1043 749 ditur
1064 687 1095 750 S.
1117 688 1217 751 Lucas
1240 687 1340 751 multa
1361 687 1400 751 ab
1421 706 1458 751 ea
1479 686 1627 751 didicisse
1644 710 1651 748 ε
1668 706 1706 749 60

152 777 285 859 derogat
305 778 445 861 Virginis
465 781 652 845 benedictae.
957 783 1107 848 videlicet
1129 804 1200 866 quaa
1228 786 1278 848 vel
1304 786 1401 865 solus,
1427 785 1478 849 vel
1503 784 1640 867 plenius,
1666 786 1705 847 de

193 874 334 939 Solvitur
354 878 488 959 proinde
508 880 660 943 instantia
682 881 742 943 ista
761 881 900 960 facilius,
956 880 1069 943 Christi
1084 882 1706 964 annuntiatione,generatione,ciroum·

150 979 187 1033 ut
212 981 378 1053 propterea
401 975 462 1057 ipsi
488 996 676 1059 responsum
696 978 811 1042 Christi
836 998 901 1041 000
957 978 1088 1057 cisione,
1117 980 1342 1061 purificatione
1371 989 1465 1063 atque
1495 978 1631 1042 infantia
1659 978 1706 1042 16-

150 1070 379 1151 intellexerint,
395 1074 547 1155 quoniam
568 1077 711 1138 nondum
733 1076 809 1139 talia
829 1077 900 1158 ejus
955 1075 1061 1138 liciter
1073 1075 1275 1158 fideliterque
1289 1078 1488 1161 conscripsit.
1502 1078 1572 1140 Hac
1588 1096 1705 1159 nempe

147 1166 236 1231 faeta
250 1168 359 1232 videre
376 1174 434 1233 aut‘
450 1172 548 1234 verba
567 1173 652 1235 soliti
671 1182 763 1237 erant
776 1174 897 1238 audire.
955 1192 1019 1236 una
1033 1174 1156 1237 exsistit
1169 1193 1336 1238 causarum
1352 1194 1409 1237 cur
1421 1174 1605 1239 christifera
1619 1174 1849 1249 1106100000,

146 1266 290 1329 Primum
304 1276 410 1331 tamen
424 1269 505 1332 mihi
520 1270 658 1353 amplius
672 1272 901 1354 placetEuim-
954 1269 986 1332 10
1010 1271 1220 1336 conservabat
1247 1272 1355 1337 omnia
1377 1290 1447 1353 qua
1471 1272 1611 1354 agnovit,
1636 1271 1704 1335 visa
1718 1264 1752 1304 ⁵¹·

145 1383 236 1446 vero,
253 1365 330 1447 quid
351 1366 391 1429 de
410 1366 461 1430 his
482 1368 734 1433 studiosissimus
748 1370 899 1453 Origenes
954 1376 987 1430 et
1009 1368 1086 1432 item
1109 1370 1217 1432 audita
1242 1370 1276 1432 in
1301 1370 1396 1434 eorde
1421 1388 1479 1432 suo
1503 1368 1671 1433 conferens
1693 1394 1700 1433 r

145 1460 266 1525 effatus
294 1462 347 1543 sit,
376 1465 539 1548 paulisper
566 1468 810 1532 commemorari
842 1489 901 1553 par
954 1476 1111 1548 quatenus
1131 1478 1310 1552 opportuno
1334 1488 1371 1533 ea
1392 1476 1534 1550 tempore
1555 1467 1704 1533 efflueret

144 1567 206 1623 est.
222 1560 275 1624 Ait
289 1562 438 1643 equidem
453 1563 487 1625 in
501 1564 634 1628 homilia
647 1585 743 1648 super
757 1586 794 1629 ea
807 1568 899 1631 Lucae
954 1565 1098 1648 aliosque
1113 1566 1251 1632 doceret.
1265 1567 1433 1650 Propterea
1447 1584 1585 1649 quoque,
1601 1566 1704 1631 Maria)

144 1660 335 1741 verbaque
353 1660 419 1742 jam
437 1662 573 1745 allegata
591 1670 676 1743 sunt,
697 1683 898 1746 nequaquam
954 1664 1144 1745 sapientiam
1179 1664 1394 1745 doctrinaeque
1423 1663 1605 1727 efficaciam
1639 1683 1703 1728 non

143 1756 263 1838 loseph
289 1766 321 1820 et
348 1758 477 1823 hfariam
506 1761 547 1823 ob
571 1762 603 1824 id
631 1781 767 1845 puerum
791 1764 898 1827 lesum
954 1762 1115 1843 ignorans,
1137 1783 1228 1827 sacer
1248 1764 1388 1845 lgnatius
1407 1763 1442 1825 in
1460 1763 1603 1845 epistolis
1625 1783 1702 1844 quas

144 1855 329 1935 requisisse,
352 1858 436 1937 quod
457 1877 531 1920 eum
551 1867 605 1921 aut
624 1880 747 1923 errasse
770 1870 825 1923 aut
845 1861 898 1924 ad·
916 1860 939 1922 B
954 1860 984 1921 ei
999 1868 1063 1923 tam
1078 1871 1259 1924 reverenter
1270 1862 1456 1943 scripsit,eb
1470 1880 1509 1925 ea
1523 1881 1556 1925 66
1568 1880 1703 1943 6006006

144 1952 231 2014 versi
257 1953 422 2036 quidpiam
448 1955 623 2019 iucurrisse
648 1958 799 2041 suspicati
821 1958 896 2037 sint,
953 1958 1078 2022 sodales
1101 1960 1276 2042 neophytos
1305 1959 1428 2023 visitari
1457 1969 1550 2043 atque
1578 1962 1613 2024 iu
1637 1960 1702 2025 fide

143 2050 268 2132 quippe
296 2070 391 2133 quem
416 2052 472 2117 Dei
496 2053 698 2135 Unigenitum
724 2076 898 2138 verumque
953 2058 1071 2120 erudiri
1092 2066 1238 2140 precatus
1260 2066 1319 2121 661.

143 2147 309 2211 Christum
344 2150 521 2215 certissime
556 2162 733 2231 noverunt,
763 2156 819 2218 sed
850 2159 900 2235 (ut

146 2245 279 2327 Origeni
313 2248 448 2330 placuit)
475 2250 577 2331 magis
611 2250 825 2315 formidabant
858 2271 899 2316 ne

142 2342 228 2407 forte
244 2345 346 2409 caelos
360 2347 466 2412 denuo
480 2350 714 2430 conscenderit,
726 2350 811 2429 inde,
821 2351 898 2414 dum
1132 2311 1377 2378 ARTICULUS
1412 2312 1521 2377 XXV·

142 2440 301 2522 placeret,
317 2462 427 2507 rursus
441 2445 663 2510 descensurus.
680 2447 834 2530 Denique,
850 2447 899 2509 ni·
1052 2461 1100 2519 De
1117 2462 1292 2536 prophetia
1312 2462 1456 2537 Deiserae
1475 2462 1606 2523 Μανία.

143 2540 169 2601 61
192 2540 315 2603 Filium
339 2562 433 2606 suum
454 2552 575 2609 naturae
596 2553 759 2609 auctorem
781 2566 818 2610 ae
839 2547 899 2610 oo

143 2639 272 2703 minum
292 2639 433 2705 novisset
446 2642 553 2722 Maria,
569 2662 634 2708 nen
653 2644 683 2707 ei
702 2653 767 2707 tam
786 2663 898 2708 secure
1018 2647 1242 2709 ENEDICTA
1261 2656 1297 2709 tu
1317 2650 1353 2707 in
1372 2649 1615 2721 mulierariae
1633 2649 1847 2726 vir-rare.

39 2762 129 2810 mre.
143 2738 178 2798 in
202 2739 329 2821 nuptiis
351 2740 493 2821 dixisset,
516 2742 634 2805 Vinum
659 2761 723 2807 000
745 2744 895 2808 babent:
1032 2760 1072 2824 go
1092 2742 1296 2807 serenissima
1318 2768 1324 2806 :
1346 2744 1514 2808 benedicta
1537 2746 1647 2828 utique
1670 2756 1703 2811 et

143 2837 325 2901 certissime
347 2838 453 2901 sciens
473 2840 549 2921 quia
569 2841 724 2922 quidquid
749 2841 895 2923 voluerit,
953 2838 1230 2903 benedictionibus
1250 2841 1355 2923 plena,
1372 2842 1424 2904 cui
1444 2842 1615 2923 gratiarum
1631 2863 1702 2926 per-

143 2934 282 2999 efficere
313 2943 433 3019 posset,
464 2938 533 3001 sive
566 2957 681 3020 aquam
716 2938 750 3001 10
785 2940 896 3002 viuum
952 2936 1701 3023 160110000ου60160110110000601110661.Νο0

142 3036 311 3113 16016000,
325 3036 391 3099 sive
406 3054 544 3117 paucum
558 3036 624 3099 vini
640 3037 894 3120 multiplicando,
912 3040 935 3105 (1
952 3035 1022 3115 tibi,
1052 3054 1071 3099 6
1096 3055 1185 3100 sacra
1213 3038 1462 3121 Christileraque
1490 3039 1598 3122 Virgo,
1628 3060 1703 3124 pro-

142 3142 197 3195 001
212 3142 301 3197 certe
316 3135 427 3197 vinum
443 3136 609 3218 copiosum
625 3145 769 3200 recenter
787 3156 897 3200 crean·
951 3134 1067 3215 photiae
1088 3136 1207 3199 donum
1229 3136 1406 3199 tollendum
1427 3138 1568 3201 exstitit:
1585 3157 1701 3222 nempe

41 3232 193 3295 11110110.
217 3232 356 3315 Ideoque
380 3233 419 3296 ad
444 3233 606 3297 ministros
628 3257 635 3297 :
656 3233 814 3317 Quidquid
833 3236 896 3317 (10·
951 3232 1021 3313 1060
1043 3251 1140 3315 quam
1164 3242 1198 3295 tu
1220 3234 1338 3298 intacta
1360 3235 1626 3318 integerrimaque
1647 3256 1702 3319 pe-

142 3331 230 3411 quit)
245 3330 362 3394 dixerit
380 3331 484 3410 vobis,
501 3331 610 3396 facite.
950 3330 1062 3413 peristi
1088 3330 1259 3414 Sapientia,
1285 3332 1318 3395 in
1344 3333 1467 3397 animas
1492 3344 1618 3397 sanctas
1644 3354 1846 3417 perstarem.

949 3428 1095 3491 nationes
1110 3446 1143 3490 se
1164 3428 1327 3509 transfert,
1343 3430 1513 3513 Prophetas
1532 3440 1564 3495 et
1578 3433 1700 3497 amicos

948 3523 1005 3586 Dei
1026 3524 1235 3588 constituens.

314 3585 560 3651 ARTICULUS
591 3586 717 3650 XXIV·
989 3621 1104 3684 Vidisti
1124 3621 1158 3684 in
1177 3622 1304 3705 spiritu,
1321 3641 1340 3687 0
1358 3624 1621 3705 prestantissima
1639 3626 1699 3690 hla-

232 3735 284 3794 De
306 3734 460 3793 doctrina
483 3735 653 3795 altissima,
670 3737 802 3798 Mam’ae.
949 3718 1007 3799 ria,
1036 3718 1266 3801 magnificandi
1299 3721 1346 3783 tui
1379 3721 1412 3783 in
1445 3722 1593 3804 gentibus
1627 3724 1697 3787 Filii

946 3817 1103 3899 gloriam3
1127 3837 1260 3883 noveras
1286 3820 1357 3901 ejus
1383 3820 1619 3903 predicandum
1641 3841 1699 3904 per
1720 3848 1844 3904 mm,

39 3950 126 4000 amp,
218 3922 269 3983 Ul
275 3921 499 3997 adjustitiam
513 3924 674 3983 erudiunt
689 3927 894 4002 multasset·
947 3916 1291 3999 orbemlivaugelium,
1307 3918 1443 3982 inomni
1461 3918 1572 3999 utique
1591 3919 1698 3983 Judaea
1714 3914 1842 3966 'hm-¹¹⁸·

143 3917 348 4117 Oyehunt
359 4019 895 4097 00001616ῐί0ίπρενρείηαεωων-
948 4021 980 4077 61
998 4014 1150 4095 Samaria,
1171 4022 1202 4076 et
1220 4034 1322 4096 usque
1341 4017 1380 4077 ad
1399 4024 1575 4078 extremum
1593 4025 1695 4081 terrae.

139 4120 273 4177 nicetes.
291 4113 447 4194 Creditur,
464 4133 523 4179 nec
537 4115 806 4198 irrationabiliter,
821 4128 894 4203 post
948 4111 1016 4175 Non
1040 4120 1083 4191 te,
1105 4112 1249 4192 Domina,
1270 4113 1361 4176 latuit
1385 4113 1469 4195 quod
1495 4114 1544 4176 vir
1569 4122 1696 4178 sanctus

139 4213 296 4277 Paracleti
310 4211 496 4276 missionem
511 4214 679 4278 universos
689 4215 803 4279 Christi
814 4218 893 4300 Apo
907 4212 932 4274 D
948 4209 1066 4273 cecinit
1088 4234 1095 4272 :
1116 4210 1348 4275 benedicentur
1372 4211 1546 4293 (inquiens)
1567 4212 1602 4275 in
1626 4212 1696 4295 ipso
1723 4231 1764 4278 rr.
1787 4244 1842 4285 rur.

140 4312 241 4376 610106
269 4318 365 4391 atque
389 4310 565 4393 discipulos
594 4312 633 4375 ad
657 4312 796 4393 Mariam,
824 4324 893 4379 ian-
947 4327 1059 4372 omnes
1087 4309 1189 4371 tribus
1217 4318 1319 4389 terre,
1348 4328 1460 4373 omues
1487 4320 1598 4392 gentes
1631 4331 1697 4375 ma·
1711 4298 1743 4338 ¹⁷·

139 4428 238 4493 quam
263 4409 303 4471 ad
331 4416 464 4471 matrem
488 4409 706 4473 dulcissimam
727 4413 893 4495 sapientis·
947 4406 1149 4489 gnificabunl
1176 4426 1270 4486 eum5
1301 4408 1440 4491 itemque
1467 4407 1556 4471 lsaiae
1583 4410 1696 4473 vatici-

142 4508 320 4589 simamque
334 4505 529 4587 magistram,
547 4508 581 4570 in
600 4509 732 4591 agendis
750 4510 892 4593 itemque
947 4506 1059 4568 nium:
1076 4506 1103 4567 Α
1122 4503 1243 4569 finibus
1262 4514 1353 4569 terrae
1372 4506 1553 4571 audivimus
1572 4508 1693 4591 laudes,
1708 4528 1842 4581 00001.

141 4604 176 4668 10
198 4604 306 4668 dubiis
327 4604 510 4685 recurrisse,
527 4614 560 4669 et
580 4606 682 4689 ipsius
704 4608 891 4692 plerumque
946 4604 1081 4687 gloriam
1096 4604 1193 4682 Justi3
1209 4612 1303 4686 atque
1319 4605 1421 4687 ipsius
1435 4606 1481 4667 tui
1496 4605 1582 4669 beati
1596 4607 1695 4689 patris

141 4703 318 4767 directione
333 4722 418 4767 usos.
434 4703 619 4786 Quanquam
639 4707 758 4770 etenim
773 4708 892 4790 Spiritu
946 4704 1043 4766 Jacob
1062 4703 1226 4785 eloquium
1247 4704 1432 4786 prophetale
1455 4722 1491 4767 ac
1512 4704 1692 4787 inclytum:

141 4802 259 4865 800010
278 4800 401 4882 impleti
421 4810 528 4865 essent
551 4803 680 4886 singuli,
701 4823 766 4868 non
785 4814 892 4869 tamen
946 4802 1015 4866 Non
1036 4801 1199 4864 auferetur
1221 4800 1292 4883 (ait)
1315 4807 1475 4885 sceptrum
1499 4802 1538 4867 de
1557 4804 1647 4885 luda,
1664 4812 1696 4867 et
1722 4832 1841 4886 am,

140 4900 306 4981 equaliter
327 4922 336 4960 ι
358 4908 390 4962 61
409 4901 486 4963 hinc
505 4902 544 4964 ad
566 4902 774 4983 sapientiores
797 4913 891 4986 atque
947 4902 1011 4963 dux
1024 4901 1064 4963 de
1078 4899 1201 4964 femore
1215 4900 1298 4982 ejus,
1315 4902 1416 4964 donec
1431 4900 1537 4963 veniat
1550 4900 1605 4983 001
1622 4902 1695 4964 mit·
1710 4898 1742 4941 ¹⁰·

140 4998 282 5079 maiores
310 4998 408 5060 ceteri
438 4998 547 5080 011006
575 5018 633 5081 pro
662 5002 803 5066 subsidio
838 5012 892 5066 aut
946 5000 1061 5063 teudus
1089 5008 1148 5080 661,
1172 5006 1205 5062 01
1228 4998 1296 5081 1060
1321 4998 1381 5061 erit
1404 5000 1594 5080 exspectatio
1618 5020 1696 5083 gen-

140 5095 730 5181 0616060110000160116001,0100610
750 5100 893 5182 ipsaDo·
947 5099 1038 5162 tium.
1065 5097 1160 5162 l’orro
1184 5098 1337 5161 cernebas
1365 5098 1400 5160 in
1423 5098 1542 5179 Spiritu
1566 5098 1693 5179 Sancto,

140 5193 221 5255 mini
244 5194 292 5255 sui
306 5194 403 5256 ldatre
417 5203 568 5276 tanquam
583 5196 762 5262 influmine
776 5197 891 5262 confisi
947 5216 967 5261 0
991 5196 1206 5259 illustrissima
1230 5214 1358 5279 sponsa,
1379 5195 1419 5257 ab
1442 5195 1491 5257 his
1515 5214 1641 5277 quoque
1664 5204 1696 5260 16

140 5291 361 5373 consolatique
375 5300 460 5357 sunt.
476 5294 685 5376 singulariter
698 5305 805 5360 autem
823 5317 892 5361 cre
948 5296 1058 5378 utique
1082 5294 1337 5378 glorificandam,
1357 5294 1412 5375 qui
1438 5292 1473 5356 in
1491 5294 1695 5358 benedictum

269 5425 303 5480 Τ.
320 5426 360 5477 35.
1541 5426 1572 5481 34
