4309 6259
455 476 516 543 600

493 668 587 727 simus
601 673 706 728 cuncta
719 669 852 727 reticiens
865 673 893 726 et
906 670 1063 735 adornans,
1073 670 1165 733 4050,
1176 671 1205 725 04

491 759 601 831 4000044
620 760 720 815 delens
738 758 879 822 ioetorem,
900 760 1001 823 4890,
1016 758 1096 814 rivus
1118 773 1204 815 mun·

491 847 639 913 dissimus,
659 848 750 904 siccas
772 851 884 904 mentes
908 846 1044 919 irrigans,
1063 850 1092 903 et
1115 847 1205 902 sordi-

493 939 545 994 das
564 937 673 1001 404000,
697 937 797 998 4890,
822 935 887 992 4000
915 936 1057 994 universae
1086 934 1203 1000 laetitiae,

490 1027 588 1083 4930.
603 1057 638 1067 -
653 1028 698 1099 Cf.
712 1025 857 1089 00000040,
869 1025 1042 1088 4000400440,
1053 1024 1202 1089 0044444040,

490 1116 599 1181 Passio,
617 1115 810 1173 Resurrectio.

1084 496 1177 544 INDEX
1197 497 1385 544 sustineus

1294 668 1395 725 laudat
1408 668 1691 734 0404400040,3440’;
1703 668 1781 725 04400
1793 668 1988 727 dubitationem

1294 758 1321 812 S.
1330 758 1433 830 loseph
1448 758 1502 813 sibi
1517 758 1690 814 contradicit
1700 760 1765 829 (seu
1775 758 1871 831 potius
1884 761 1990 830 pseudo

1295 848 1518 919 chrysostomus
1533 848 1634 919 Operis
1653 847 1817 919 imperfecti
1837 849 1991 903 contradicit

1292 953 1360 992 4040
1379 937 1583 1010 0004οο040400
1602 936 1818 1007 ilomiliurum),
1834 938 1916 999 280,
1929 940 1989 992 soi.

1295 1026 1405 1081 l'assim
1429 1026 1581 1099 allegatur,
1600 1027 1674 1091 440,
1695 1026 1765 1090 620,
1785 1026 1885 1091 3670,
1904 1027 1989 1092 3880,

1293 1116 1394 1179 4250,
1411 1116 1499 1172 5390.

524 1207 594 1261 Tota
612 1205 717 1261 Christi
737 1205 796 1261 vita
814 1209 843 1261 04
861 1204 990 1276 04040440
1013 1203 1138 1260 eruditio
1162 1206 1205 1260 eat
1259 1202 1357 1258 ciuus
1377 1204 1535 1275 corporalis
1554 1203 1584 1259 id
1602 1206 1721 1259 vocatur
1740 1220 1799 1275 4400
1818 1202 1907 1261 lumea
1923 1206 1991 1260 seda·

490 1298 598 1358 nostra,
610 1294 710 1358 5560,
722 1294 792 1365 quia
806 1293 879 1349 nihil
894 1293 956 1349 siue
971 1309 1059 1349 causa
1074 1292 1206 1349 40044004

492 1383 620 1454 pertulit,
628 1384 682 1438 283
688 1384 729 1447 h’,
738 1386 766 1440 et
777 1382 910 1439 omnium
921 1381 1060 1438 virtutum
1072 1382 1204 1438 00404400

491 1472 655 1528 sanctitatis
678 1474 722 1528 est
743 1471 901 1543 exemplar,
918 1472 1008 1535 2860,
1024 1470 1071 1527 004
1095 1473 1204 1543 quanto

491 1560 648 1617 similiores
675 1560 827 1625 fuerimus,
853 1564 934 1616 tanto
956 1563 984 1616 et
1007 1560 1203 1630 perfectiores,

490 1650 579 1705 2860.
596 1681 631 1691 -
645 1649 792 1720 Praecipue
806 1650 890 1703 docet
905 1665 957 1703 uos
972 1649 1158 1705 dilectionem
1174 1649 1203 1705 40

492 1739 617 1802 Patrem,
641 1738 728 1800 2350,
754 1754 806 1808 440
833 1736 918 1808 cujus
940 1736 1050 1793 honore
1078 1741 1203 1793 mortem

492 1826 638 1890 sustinuit,
654 1827 750 1891 3690;
767 1825 797 1880 40
812 1826 942 1889 lintrem,
958 1826 1004 1881 cui
1020 1842 1136 1897 semper
1155 1828 1204 1881 ob·

492 1934 616 1988 sequens
635 1916 698 1980 luit,
713 1917 809 1980 5400,
825 1919 853 1971 04
872 1932 961 1987 quam
982 1931 1098 1987 semper
1117 1932 1205 1971 exau·

490 2005 570 2069 divit,
586 2006 639 2060 553
647 2006 686 2071 0,
701 2006 792 2065 5540,
808 2007 837 2059 04
850 2004 874 2058 si
889 2006 1007 2075 quando
1021 2020 1086 2060 eam
1102 2004 1205 2059 durius

489 2093 632 2150 allocutus
646 2111 708 2149 esse
722 2094 846 2158 videtur,
859 2094 912 2149 553
921 2093 960 2156 0,
977 2092 1032 2148 4400
1046 2094 1083 2147 044
1099 2092 1205 2149 400440-

491 2183 617 2238 ctionem
634 2187 764 2238 nostram
781 2182 904 2245 40044,οε
920 2181 1088 2253 parentibus
1104 2198 1204 2238 carna-

491 2271 557 2327 liter
580 2272 669 2326 nimis
690 2272 862 2334 0400404004,
878 2271 983 2336 5530’;
1004 2271 1033 2325 40
1058 2270 1201 2335 00404000,

490 2361 581 2420 2350,
597 2361 696 2422 4720,
712 2360 818 2432 quibus
837 2360 983 2415 nascendo
1004 2359 1084 2415 dedit
1107 2377 1136 2415 se
1160 2377 1204 2415 so·

489 2450 578 2513 oium,
608 2450 676 2513 720,
704 2450 799 2513 4730,
824 2449 856 2514 D,
885 2447 1037 2503 moriendo
1066 2448 1202 2519 pretium.

490 2540 559 2604 720,
584 2539 683 2601 4730,
704 2538 734 2593 40
756 2539 945 2594 Sacramento
967 2537 1109 2602 edulium,
1135 2540 1203 2606 720,

489 2629 581 2692 2990,
610 2628 706 2688 3690,
730 2627 832 2689 4730,
858 2626 887 2680 40
917 2625 1009 2697 gloria
1037 2626 1202 2698 praemium,

489 2717 550 2770 720
566 2733 572 2770 :
590 2714 620 2770 in
640 2716 746 2787 quibus
765 2715 903 2771 omnibus
922 2731 956 2770 eo
976 2714 1139 2770 mirabilior
1157 2732 1205 2786 ap·

490 2807 571 2875 paret
603 2804 667 2875 ejus
698 2804 813 2867 caritas,
843 2820 900 2875 quo
929 2804 1042 2875 majora
1075 2803 1202 2874 pertulit,

488 2894 590 2956 2850,
605 2896 634 2949 04
648 2892 794 2953 440004400,
810 2893 906 2956 2850,
922 2895 950 2948 04
964 2908 1017 2962 440
1031 2892 1203 2964 indigniori-

490 2982 552 3045 bus,
572 2982 674 3037 2850.
694 2982 816 3052 insuper
839 2984 923 3037 docet
946 2998 999 3036 uos
1023 2981 1201 3052 patientiam,

491 3069 703 3134 fortitudinem,
728 3068 933 3132 bumilitatem,
958 3071 1056 3130 282h',
1082 3073 1110 3125 et
1138 3071 1203 3126 obe·

490 3158 642 3221 dientiam,
667 3159 735 3219 300,
760 3159 848 3213 2460
872 3175 878 3213 :
902 3158 1017 3214 0044040
1041 3158 1202 3214 animiam

490 3248 606 3303 0040040
620 3248 741 3303 4040040
757 3246 885 3317 protulit,
893 3264 981 3318 quam
998 3247 1131 3311 diceudo,
1141 3250 1204 3303 Fiat

489 3336 624 3391 voluutas
638 3339 698 3399 tua,
716 3352 773 3390 non
790 3352 864 3399 mea,
880 3337 970 3399 2440,
987 3336 1055 3406 quia
1070 3336 1100 3391 in
1116 3338 1203 3393 abne-

491 3424 606 3497 gatione
626 3424 750 3496 proprias
768 3425 831 3496 ejus
855 3424 1010 3480 4040040440
1034 3424 1135 3480 salvati
1160 3443 1205 3482 su·

492 3530 567 3572 0400,
585 3515 675 3577 2440,
690 3516 719 3569 04
733 3530 784 3584 404
798 3513 861 3585 ejus
874 3512 1070 3569 obedientiam
1091 3515 1203 3570 redem-

491 3603 542 3675 pti,
558 3603 630 3662 380,
647 3603 719 3663 390,
737 3603 768 3656 0.
786 3634 818 3642 -
841 3601 895 3673 4404
916 3618 967 3673 440
987 3602 1137 3659 divinitate
1158 3605 1204 3659 de·

490 3693 575 3748 betur
589 3691 729 3755 adoratio,
741 3707 791 3747 seu
807 3692 901 3747 cultus
914 3691 1014 3750 latrias,
1025 3692 1107 3755 23A',
1118 3694 1153 3747 65
1163 3693 1201 3753 0,

492 3799 543 3854 440
569 3780 760 3844 humanitate,
786 3780 881 3837 cultus
904 3779 1093 3851 hyperduliae,
1118 3782 1201 3847 650,

492 3875 609 3942 4404404
631 3870 696 3941 ejus
715 3886 781 3926 cum
802 3871 894 3925 Verbo
915 3869 1054 3926 unionem
1073 3870 1205 3941 hyposta-

491 3959 589 4022 ticam,
605 3959 687 4020 230,
702 3962 730 4014 04
745 3958 814 4029 quia
832 3957 1016 4014 humiliando
1035 3975 1065 4015 se
1085 3976 1102 4014 a
1121 3960 1203 4015 Patre

492 4049 599 4104 meruit
613 4048 744 4111 exaltari,
756 4048 790 4101 23
799 4048 844 4112 0’;
856 4064 908 4118 440
923 4046 1069 4103 beneficiis
1084 4048 1204 4104 debetur

490 4155 582 4199 amor,
599 4138 671 4199 680,
688 4136 849 4207 gratiarum
868 4136 953 4199 actio,
969 4136 1067 4195 3480.
1087 4139 1116 4193 04
1133 4136 1204 4193 44040

489 4226 651 4288 retributio,
667 4226 757 4287 2870,
775 4240 833 4295 4400
847 4241 900 4280 000
914 4227 989 4279 40400
1008 4224 1035 4280 04
1055 4242 1204 4281 00000040-

490 4333 566 4378 mus,
582 4314 672 4370 5370·
688 4329 695 4369 :
711 4329 795 4368 amor
813 4312 892 4369 enim
916 4312 1019 4368 Christi
1044 4313 1142 4385 largus
1162 4318 1204 4370 est

489 4410 517 4462 04
529 4420 642 4468 040400,
658 4402 728 4474 quia
741 4404 769 4457 04
783 4404 877 4457 4040444
893 4402 970 4473 quod
983 4404 1026 4456 est
1040 4403 1090 4457 dat
1110 4402 1202 4468 nobis,

488 4497 517 4550 et
535 4496 628 4549 totum
649 4492 727 4564 quod
742 4508 846 4547 sumus
861 4490 964 4562 recipit
978 4508 994 4546 0
1010 4491 1103 4555 nohis,
1111 4492 1201 4556 4350,

489 4586 518 4637 04
540 4581 664 4638 00404040
690 4582 820 4635 nostram
845 4596 1031 4651 summopere
1054 4583 1201 4651 appetens,

489 4671 592 4732 4350,
608 4669 648 4733 0,
669 4668 764 4740 444040
789 4667 936 4723 consumit
960 4668 1129 4739 iniquitates
1152 4684 1203 4723 00-

488 4764 572 4823 stras,
588 4758 686 4820 4350,
698 4760 727 4813 04
740 4772 833 4827 quum
849 4756 974 4827 sculpis
988 4757 1074 4813 soluti
1090 4774 1201 4821 sumus,

487 4852 629 4917 tanquam
652 4843 802 4900 40440440
827 4860 857 4899 se
883 4844 963 4914 cupit
984 4861 1037 4899 000
1050 4844 1201 4917 deglutire,

488 4936 577 4992 4350
584 4952 591 5000 ;
610 4937 720 5005 quanto
736 4935 836 4988 autem
855 4932 881 4988 ei
897 4932 962 5004 plus
981 4932 1120 4997 favemus,
1138 4936 1201 4989 400-

487 5029 516 5081 40
543 5024 648 5080 0404400
670 5023 697 5079 04
725 5021 866 5093 00444000,
890 5023 944 5077 435
956 5023 998 5077 h'.
1018 5054 1054 5065 -
1077 5025 1123 5096 Cf.
1149 5026 1200 5080 00·

488 5112 627 5187 demptio.

451 5202 722 5260 CHRYSOSTOMUS
745 5202 784 5270 (S.
809 5200 955 5271 loannes),
980 5201 1197 5273 Constantinop

1293 1294 1350 1354 tur,
1375 1293 1464 1357 3930,
1490 1294 1518 1349 04
1545 1309 1651 1364 004400
1675 1296 1863 1349 conservatur
1889 1292 1916 1347 in
1941 1310 1990 1350 esse

1295 1383 1416 1443 naturae,
1444 1382 1531 1437 4920
1556 1399 1562 1437 :
1587 1379 1677 1437 vitam
1701 1382 1781 1437 enim
1811 1388 1952 1437 conservat
1968 1386 1990 1437 04

1294 1469 1419 1531 roborat,
1444 1469 1535 1534 3870,
1561 1469 1688 1525 00404040
1714 1470 1877 1525 naturalem
1902 1476 1988 1529 serrat.

1294 1573 1330 1614 ne
1349 1560 1385 1613 ab
1404 1558 1526 1615 humido
1546 1558 1666 1616 radicali
1690 1560 1987 1625 consummassem,

1294 1646 1385 1711 3940,
1402 1664 1506 1719 corpus
1525 1650 1649 1719 reparat,
1664 1651 1761 1719 auget,
1778 1648 1896 1719 perlicit,
1910 1648 1987 1709 3674,

1294 1740 1322 1791 04
1340 1738 1377 1792 ad
1398 1736 1525 1793 debitam
1540 1737 1734 1808 quantitatem
1749 1754 1912 1794 excrescere
1925 1737 1988 1801 40444,

1295 1826 1485 1887 38703930,
1495 1829 1523 1881 04
1533 1825 1655 1882 hilarem
1671 1829 1772 1883 causat
1786 1826 1987 1897 dispositionem

1295 1914 1323 1969 in
1342 1917 1436 1971 mente
1451 1917 1480 1970 et
1494 1916 1911 1985 corpore,38'lC.—Similiter
1924 1916 1990 1971 cibus

1296 2004 1455 2075 spiritualis
1479 2004 1508 2059 id
1527 2004 1582 2060 dici
1604 2005 1689 2061 debet
1711 2020 1769 2075 quo
1789 2005 1942 2076 spiritualis
1958 2004 1989 2060 40-

1295 2110 1357 2149 0400
1372 2094 1499 2157 00440404,
1514 2094 1601 2156 3930,
1616 2097 1644 2150 04
1658 2094 1760 2149 004400
1775 2092 1805 2150 40
1825 2111 1886 2151 0000
1904 2095 1989 2165 gratie

1293 2185 1488 2245 conservatur,
1516 2182 1611 2241 4920,
1636 2186 1665 2238 04
1689 2183 1846 2254 404004404,
1867 2184 1951 2245 3930,
1968 2186 1990 2237 04

1294 2270 1335 2326 040
1358 2271 1535 2333 0044044400,
1557 2288 1614 2342 4400
1638 2270 1768 2342 40004404
1792 2271 1955 2333 intellectus,
1968 2276 1990 2327 et

1295 2359 1417 2421 0004400,
1444 2377 1501 2431 4400
1529 2362 1708 2415 00040040404·
1735 2360 1877 2426 40400400,
1903 2362 1989 2423 3920,

1294 2450 1394 2515 3930;
1411 2449 1453 2503 040
1467 2451 1535 2503 sunt
1549 2448 1637 2505 etiam
1653 2449 1791 2521 4404044004
1808 2450 1882 2506 00440
1899 2450 1990 2506 virtuo-

1294 2555 1334 2603 sa,
1357 2538 1451 2599 4920,
1471 2541 1500 2593 04
1523 2538 1633 2593 donum
1657 2537 1817 2610 sapientiae,
1840 2540 1931 2602 4920,
1948 2541 1990 2595 sed

1295 2626 1439 2699 praecipue
1455 2626 1585 2682 Christus
1600 2626 1629 2682 in
1644 2628 1918 2691 Sacrameut0,65l3,
1928 2628 1989 2687 690.

1296 2716 1391 2779 4470,
1408 2715 1507 2779 3660,
1523 2716 1622 2779 3680,
1634 2715 1734 2779 4440,
1746 2734 1805 2787 4400
1819 2716 1990 2788 spiritualiter

1294 2805 1423 2879 pascitur
1437 2804 1533 2866 homo,
1550 2805 1650 2867 3860,
1665 2804 1797 2861 vivificus
1815 2806 1937 2863 caritatis
1953 2823 1990 2861 cs·

1294 2894 1339 2949 lor
1365 2898 1569 2957 conservatur,
1585 2894 1688 2957 3080,
1713 2898 1886 2966 reparantur
1911 2896 1990 2966 4444044·

1294 2984 1374 3039 diani
1391 2980 1529 3046 deiectus,
1544 2984 1595 3038 444
1605 2982 1644 3045 0,
1660 2982 1761 3039 004040
1776 2987 1874 3040 000440
1889 2984 1991 3055 spiritu·

1293 3071 1369 3127 alem
1398 3071 1526 3127 inediam
1556 3070 1745 3131 confortatur,
1770 3074 1861 3137 3870,
1889 3074 1918 3128 40
1944 3073 1991 3127 4444

1294 3160 1395 3233 gratiae
1423 3163 1618 3223 conservatur,
1643 3164 1767 3233 augetur
1794 3166 1823 3219 04
1850 3162 1989 3234 perficitur,

1294 3250 1381 3313 3870,
1412 3252 1512 3305 000440
1538 3251 1674 3305 ardorem
1703 3252 1989 3323 concupiscentiarum

1293 3336 1491 3409 refrigeratur,
1524 3338 1615 3402 3870,
1649 3338 1757 3394 sanctis
1785 3340 1992 3412 cogitationibus

1293 3425 1430 3497 repletur,
1448 3426 1539 3487 3870,
1556 3430 1584 3481 04
1602 3426 1711 3491 latitia,
1728 3428 1817 3485 3870.
1834 3461 1866 3469 -
1879 3430 1911 3483 at
1928 3430 1991 3484 sicut

1293 3515 1474 3585 corporalem
1490 3515 1589 3570 cibum
1605 3519 1717 3587 oportet
1731 3516 1825 3574 cibato
1844 3517 1953 3573 realiter
1968 3518 1990 3571 ei

1294 3605 1397 3661 intime
1420 3604 1508 3667 uniri,
1532 3605 1629 3669 3860,
1648 3606 1702 3660 458
1712 3607 1741 3665 0,
1766 3609 1794 3662 04
1817 3606 1988 3678 incorporari,

1294 3692 1383 3752 3920,
1405 3690 1446 3745 sic
1465 3693 1493 3747 04
1512 3694 1624 3763 0404404
1641 3692 1740 3748 040004
1763 3693 1846 3749 444004
1869 3694 1990 3764 spiritua·

1293 3781 1351 3836 lom
1366 3796 1431 3836 4040
1446 3781 1570 3845 00040444,
1587 3782 1638 3836 392
1646 3780 1686 3846 0’,
1706 3786 1735 3838 04
1753 3784 1913 3840 comedenti
1928 3802 1941 3833 4
1954 3782 1989 3837 40-

1293 3868 1407 3925 00444044
1430 3873 1460 3925 04
1480 3868 1648 3927 inviscerari
1672 3890 1696 3935 4,
1719 3871 1810 3935 3920,
1829 3874 1925 3928 4580,
1943 3872 1989 3927 Sed

1293 3958 1369 4013 iuter
1383 3958 1564 4030 corporalem
1584 3962 1612 4015 et
1630 3958 1814 4031 spiritualem
1833 3962 1927 4017 cibum
1945 3960 1990 4015 boc

1294 4048 1422 4111 interest,
1438 4048 1516 4118 quod
1530 4048 1689 4119 corporalis
1708 4050 1826 4121 propria
1843 4050 1933 4106 404040
1950 4066 1992 4105 nu·

1294 4137 1380 4191 datur
1393 4140 1421 4191 et
1440 4134 1469 4191 40
1489 4138 1668 4193 comedentis
1683 4140 1875 4196 substantiam
1889 4138 1990 4203 transit,

1294 4224 1391 4289 3920,
1408 4224 1567 4295 spiritualis
1587 4229 1685 4282 autem
1706 4227 1839 4283 animam
1858 4229 1908 4285 sibi
1930 4226 1991 4283 assi-

1295 4312 1377 4369 milat
1396 4317 1425 4369 et
1443 4314 1472 4369 in
1492 4331 1522 4370 se
1542 4316 1762 4386 quodammodo
1775 4321 1876 4382 mutat,
1891 4317 1990 4373 392οε

1293 4402 1426 4458 00440400
1439 4420 1508 4474 ergo
1523 4420 1576 4461 nec
1590 4404 1743 4468 laceratur,
1756 4422 1810 4461 nee
1823 4406 1991 4463 consumitur

1294 4491 1369 4547 sicut
1392 4491 1467 4547 04400
1491 4492 1583 4553 cibus.
1606 4508 1659 4549 nec
1682 4493 1711 4549 in
1736 4496 1988 4552 communicantem

1293 4582 1603 4647 transmutatur,69B',
1613 4583 1713 4647 3860,
1721 4586 1771 4640 0044
1787 4586 1880 4657 potius
1893 4604 1941 4642 nos
1954 4590 1989 4641 to·

1292 4673 1337 4725 tos
1352 4670 1493 4726 convertit
1503 4674 1531 4727 et
1544 4671 1573 4726 in
1590 4688 1619 4727 se
1634 4671 1991 4738 440004044004,4580“.340-

1293 4762 1326 4815 04
1338 4758 1426 4815 044040
1444 4758 1602 4829 corporalis
1618 4758 1700 4815 cibus
1714 4776 1773 4817 non
1789 4762 1845 4818 nisi
1857 4764 1954 4819 virenti
1967 4766 1991 4819 et

1292 4848 1430 4905 esurienti
1446 4848 1606 4904 tradendus
1616 4848 1717 4913 est,sic
1731 4854 1760 4905 et
1774 4852 1926 4923 spiritualis
1939 4868 1991 4907 non

1292 4937 1347 4992 nisi
1367 4936 1556 5008 spiritualiter
1580 4937 1686 4993 4440044
1710 4942 1739 4994 04
1762 4942 1863 4997 4404040
1881 4941 1989 5013 prolicit,

1290 5026 1391 5081 4440.
1417 5056 1453 5067 -
1481 5025 1555 5090 Quia
1580 5028 1774 5097 pervacuum
1799 5029 1893 5087 cibum
1915 5029 1991 5101 periit

1291 5116 1390 5179 homo,
1405 5114 1486 5177 380,
1499 5131 1550 5186 404
1564 5115 1771 5173 abstinentiam
1788 5118 1844 5175 cibi
1858 5119 1988 5191 precipue

1289 5205 1437 5259 domanda
1450 5206 1494 5259 est
1509 5202 1605 5258 carnis
1619 5204 1764 5275 superbia,
1782 5208 1878 5262 4240.

486 5293 647 5367 episcopus,
658 5310 673 5345 4
686 5306 809 5348 0040004
823 5288 896 5347 illud
910 5306 942 5345 os
956 5291 1066 5357 »,'i9(l',
1077 5291 1198 5364 40404440
1253 5292 1375 5350 0400440
1390 5293 1513 5366 (Murcus
1529 5290 1660 5365 Tullius),
1675 5293 1875 5368 philosophus,
1889 5296 1985 5369 allega-
