4309 6259
443 468 503 533 tat
712 484 753 531 un
774 481 932 531 rancorem
951 482 988 529 ιτ
1009 480 1174 529 nramrarn
1193 479 1310 544 usum,
1332 480 1421 527 runa
1441 482 1462 528 r.
1484 500 1525 511 -
1545 482 1617 529 aar.
1632 483 1675 539 rx,
1697 484 1718 528 x

443 654 478 717 in
493 654 607 718 creatis
622 653 716 717 rebus
730 661 795 715 tam
811 651 916 715 simile
927 650 1192 733 quemadmodum
1206 648 1232 710 A
1247 648 1432 731 nignitatem
1458 657 1552 732 atque
1576 648 1789 729 dulcedinem,
1815 669 1906 732 quam
1931 651 1984 713 mi-

444 754 499 816 illa
513 772 583 835 que
603 752 750 815 eumdem
772 771 846 814 eum
867 769 905 814 eo
919 749 1034 812 llilium
1056 748 1190 831 peperit,
1247 747 1452 811 sericordiam
1468 755 1500 809 et
1514 748 1695 825 militatem,
1710 765 1806 828 quam
1829 747 1980 811 caritatem

444 871 514 934 quat
532 852 579 914 sie
599 850 668 913 sine
687 850 821 914 virenti
841 849 896 911 ille
915 849 1034 928 absque
1058 845 1190 925 femina,
1246 864 1284 908 ac
1298 845 1495 908 honestatem
1517 845 1662 909 invenire
1681 863 1827 925 nequeo;
1843 864 1911 927 que
1926 854 1981 909 tota

444 969 518 1014 eum
533 968 606 1013 curn
620 948 810 1030 integritatis
825 948 940 1010 decore
955 943 1191 1027 produxitque
1246 942 1379 1026 pulchra
1397 963 1443 1022 es,
1458 962 1523 1006 nec
1543 942 1658 1006 mentis
1677 962 1782 1023 neque
1802 944 1905 1006 earnis
1924 964 1981 1006 ma-

444 1048 530 1111 bunc
545 1066 671 1129 quoqne
686 1046 783 1109 edidit
797 1066 815 1108 a
829 1063 893 1127 quo
908 1042 1042 1126 Spiritus
1057 1042 1190 1105 Sanctus
1246 1042 1350 1103 culam
1365 1042 1485 1105 babens
1498 1063 1506 1118 3
1523 1043 1620 1104 decus
1639 1041 1809 1103 mulierum
1827 1051 1861 1105 et
1877 1042 1979 1123 gloria,

444 1148 580 1210 donatur
597 1152 692 1225 atque
711 1144 875 1227 proceditl
895 1141 1039 1218 Proinde,
1056 1159 1127 1222 quse
1146 1139 1192 1202 fe-
1245 1138 1412 1201 hominum
1426 1140 1529 1203 honor
1543 1147 1636 1221 atque
1658 1137 1775 1219 letitia,
1792 1158 1864 1221 spes
1885 1150 1980 1203 nostra

444 1244 597 1308 condiora
617 1250 702 1321 sunt,
718 1240 936 1324 prestantium
954 1258 973 1301 a
992 1237 1192 1319 pbilosophis
1246 1245 1278 1301 et
1301 1239 1474 1317 advocata3
1500 1257 1570 1320 quse
1598 1237 1760 1318 angelicas
1789 1245 1910 1301 mentes
1932 1257 1980 1319 pu·

443 1350 625 1405 censentur.
644 1339 756 1404 Nonne
781 1358 856 1420 ergo
881 1336 1017 1400 infinita
1041 1337 1192 1417 quodam·
1246 1336 1338 1399 ritate
1367 1355 1507 1418 superas,
1539 1354 1609 1418 que
1644 1334 1886 1417 supercaelestes
1919 1336 1979 1399 illos

443 1440 537 1503 modo
566 1438 729 1520 dignitatis
753 1444 864 1516 exstat,
891 1454 961 1517 quas
989 1434 1105 1496 Filium
1133 1433 1193 1495 im·
1247 1432 1471 1515 simplicesque
1486 1434 1617 1516 spiritus
1633 1434 1801 1498 sanctitate
1816 1436 1977 1517 precellis;

442 1556 562 1600 mensae
589 1535 787 1599 celsitudinis
815 1532 1051 1616 protulitque
1079 1531 1190 1593 mundi
1246 1531 1435 1595 miserorum
1464 1531 1640 1595 miseratrix
1664 1533 1836 1615 praecipua,
1860 1535 1978 1596 amatrix

442 1635 613 1715 artificem,
629 1633 715 1697 orbis
734 1631 904 1697 Dominum
922 1639 954 1693 et
968 1631 1190 1693 universorum
1246 1630 1478 1710 ardentissima,
1509 1638 1539 1693 et
1573 1630 1743 1711 protectrix
1772 1631 1864 1695 fortis
1897 1642 1978 1713 atqm

443 1752 553 1797 verum
573 1733 671 1795 Deum
693 1730 831 1794 effuditl
846 1731 989 1812 lnsuper,
1005 1727 1191 1791 naturaliter
1245 1727 1413 1791 fidissima.

443 1850 539 1912 supra
560 1831 682 1913 prolem
702 1830 922 1892 auctoritatem
943 1827 1115 1908 quamdam
1136 1844 1191 1907 pa·
1208 1827 1232 1889 Β

441 1949 515 1993 rens
543 1929 694 2011 possidet.
724 1926 797 2002 Quae
825 1944 901 2008 ergo
928 1924 1026 2007 hujus
1053 1924 1191 2006 Virginis

442 2028 633 2106 sublimitas,
649 2025 701 2089 cui
723 2025 819 2087 etiam
839 2024 922 2086 Deus
941 2022 1116 2086 seeundum
1135 2021 1191 2083 ali·
1459 1985 1703 2049 ARTICULUS
1726 1985 1771 2049 X·

294 2143 349 2188 aaa.
359 2156 381 2195 ιι,
392 2145 427 2186 u.
442 2124 519 2207 quid
534 2144 568 2187 se
582 2122 742 2205 subjecitl
756 2122 831 2184 Erat
845 2139 961 2203 nempe
976 2119 1121 2183 subditus
1137 2118 1188 2181 ei:
1244 2134 1292 2192 De
1311 2134 1565 2195 annunciatione
1580 2136 1730 2211 ploriosoe
1746 2135 1838 2210 sacta
1853 2136 1975 2197 ppepoe,

285 2242 425 2294 omaro.
441 2223 494 2285 bic
514 2222 622 2304 utique
641 2221 694 2283 cui
712 2220 814 2282 millia
832 2218 970 2282 millium
993 2218 1188 2296 ministrant,

440 2320 611 2401 deciesque
626 2318 742 2381 millies
757 2325 891 2380 centena
904 2316 1004 2378 millia
1018 2315 1188 2378 adsistunt.
1310 2316 1489 2395 NlldVEllO,
1506 2318 1571 2399 jam
1586 2337 1672 2381 nune
1692 2318 1831 2381 instante
1850 2320 1890 2383 ab
1902 2328 1978 2383 eter-

439 2418 594 2500 Denique,
625 2417 701 2499 quid
733 2416 841 2498 gloriae
874 2414 906 2477 id
934 2414 1037 2477 llariae
1065 2413 1189 2477 confert
1325 2433 1366 2478 no
1387 2415 1542 2497 disposita
1563 2416 1651 2495 bora,
1668 2416 1825 2481 missurus
1846 2418 1879 2480 in
1900 2438 1978 2481 rnun-

437 2518 523 2598 quod
543 2534 601 2598 per
619 2535 690 2579 eam
709 2514 805 2578 totius
824 2513 935 2576 mundi
959 2512 1045 2575 salus
1064 2512 1189 2575 initiata
1242 2514 1319 2576 dum
1340 2513 1426 2576 bunc
1441 2514 1644 2596 Unigenitum
1664 2534 1757 2577 suum
1776 2534 1917 2579 summus
1930 2515 1978 2579 lle

439 2622 648 2696 reparataque
668 2616 736 2676 estl
1178 2610 1181 2615 '
1243 2610 1337 2691 nitor,
1384 2613 1649 2693 superaderande
1694 2613 1977 2694 superviventisque

1242 2708 1405 2771 Trinitatis
1429 2709 1630 2773 clementiale
1655 2710 1824 2774 consilium
1845 2710 1978 2774 felicissi-

1242 2825 1301 2869 mae
1315 2806 1478 2869 insinuare
1493 2808 1604 2871 volens
1618 2807 1744 2888 Puelle,
1756 2808 1975 2891 Archangelum
1985 2830 2025 2873 ne.
2035 2832 2072 2877 ts

644 2866 890 2931 ARTICULUS
914 2865 974 2929 IX·
1242 2905 1270 2967 ei
1293 2906 1399 2984 mittit,
1414 2913 1570 2987 quatenus
1590 2925 1660 2969 eam
1680 2905 1886 2970 celeberrime
1906 2901 2043 2969 salu-“¹⁸⁴¹

485 3017 613 3093 Effusio
635 3016 755 3075 meotis
778 3016 815 3074 io
837 3033 980 3074 amorem
1004 3013 1135 3074 Mariae.
1205 2998 1297 3083 Gtet,
1316 3002 1434 3086 lleique
1455 3004 1485 3066 ei
1507 3004 1666 3085 Unigeniti
1687 3004 1934 3069 incarnationem
1948 3005 1976 3067 in

1242 3120 1279 3164 ea
1301 3109 1332 3163 et
1353 3101 1430 3164 item
1451 3121 1489 3164 ex
1510 3121 1548 3165 ea
1569 3102 1792 3184 complendam
1816 3102 1938 3167 revelet.

292 3230 425 3282 cmo,
512 3203 771 3265 ULNERASTI
784 3220 840 3261 eor
857 3220 976 3269 meum,
993 3219 1086 3260 soror
1103 3219 1186 3268 mee,
1281 3200 1349 3262 Jam
1378 3218 1452 3281 ergo
1481 3200 1635 3278 ausculta,
1666 3200 1772 3280 Maria,
1802 3202 1934 3279 adverte,
1961 3219 1976 3263 o

295 3332 355 3375 mse.
370 3345 391 3383 ,2
404 3334 424 3375 ο,
521 3317 637 3375 sponsa
645 3320 659 3367 ,⁶
674 3300 858 3358 vulnerasti
871 3318 927 3358 cor
940 3318 1057 3357 meum.
1073 3295 1188 3358 Anima
1243 3298 1420 3377 benedicta,
1436 3316 1573 3379 agnosce
1588 3298 1665 3379 quid
1680 3298 1720 3361 de
1734 3306 1766 3361 te
1781 3299 1905 3379 sentiat,
1916 3318 1978 3381 qua·

439 3416 511 3459 mea
535 3394 706 3477 liquefacta
729 3402 833 3457 estut
854 3396 923 3477 ipsa
944 3395 1081 3476 cogitata
1102 3413 1187 3472 es,o
1243 3398 1306 3459 lem
1335 3404 1366 3458 te
1399 3396 1557 3458 existimet
1590 3396 1673 3459 Deus
1706 3395 1864 3476 excelsus,
1892 3398 1976 3459 ludex

439 3493 655 3577 pulcherrima
680 3492 901 3573 mulierum,o
926 3493 1021 3574 Virgo
1042 3492 1189 3555 dulcissi·
1243 3493 1433 3557 infallibilis.
1451 3492 1543 3555 Mittit
1562 3494 1710 3573 equidem
1729 3494 1788 3556 tibi
1810 3514 1900 3557 suum
1916 3494 1977 3557 Uni-

440 3614 503 3673 ma,
519 3611 539 3658 o
554 3591 883 3654 mundissimaldater.
902 3590 1039 3653 Verbum
1054 3590 1133 3653 mibi
1148 3591 1187 3653 ad
1243 3591 1397 3673 genitum,
1417 3609 1513 3672 quem
1537 3590 1646 3672 utique
1669 3610 1734 3654 non
1759 3592 1865 3656 minus
1887 3592 1978 3673 diligit

440 3699 518 3770 te,o
538 3687 798 3770 incomparabilis
821 3687 1050 3769 deiformisque
1071 3688 1186 3766 Narie3
1242 3709 1338 3771 quam
1363 3709 1397 3753 se
1420 3689 1536 3771 ipsum.
1559 3688 1700 3771 Denique
1721 3690 1775 3752 dat
1799 3689 1856 3753 tibi
1877 3689 1977 3752 Filium

305 3810 389 3857 mm.
404 3825 427 3863 ιι.
440 3788 606 3852 effundam
639 3787 740 3849 instar
770 3805 860 3868 aquae
890 3804 945 3849 cor
973 3804 1081 3848 meum
1115 3793 1188 3849 ante
1244 3806 1338 3871 quem
1359 3808 1397 3851 ex
1415 3786 1545 3869 proprio
1567 3787 1661 3850 corde
1682 3788 1743 3851 sibi
1761 3807 1852 3870 aeque
1872 3788 1977 3851 bonum

295 3876 328 3920 ¹⁹·
441 3894 647 3968 conspectum
676 3892 777 3962 tuum,
808 3883 961 3963 Domina;
992 3882 1128 3947 laudabo
1158 3890 1190 3946 et
1244 3888 1384 3968 itemque
1404 3886 1707 3950 consubstantialem
1726 3888 1885 3969 produxit.
1900 3887 1977 3949 liunt

440 3985 584 4048 exaltabo
603 3993 646 4064 te,
662 3982 821 4063 amabilis,
837 3983 952 4045 deeora
970 3982 1098 4061 Puella;
1115 4001 1190 4046 con·
1244 3984 1301 4048 tibi
1324 3984 1503 4065 committit,
1523 4003 1542 4048 o
1564 3984 1822 4066 incomparabilis
1843 3984 1979 4049 amantis-

441 4082 559 4146 fitebor
586 4080 707 4145 nomini
735 4089 800 4158 tuo,
832 4080 1038 4162 pudicissima
1073 4088 1187 4159 turtur,
1244 4083 1386 4164 simaque
1405 4081 1511 4162 llaria,
1531 4090 1568 4143 ut
1585 4101 1660 4145 eum
1678 4082 1711 4144 in
1731 4090 1821 4146 utero
1841 4084 1916 4161 alas,
1933 4100 1979 4164 ge—

307 4180 590 4253 m.11.s.columba
612 4178 954 4256 castissima31aetabor
975 4186 1007 4239 et
1026 4179 1189 4242 exsultabo
1204 4179 1229 4241 l)
1245 4182 1347 4243 nitum
1371 4179 1469 4243 lactes
1499 4188 1530 4242 et
1553 4178 1673 4259 foveas,
1696 4188 1874 4245 contrectes
1897 4190 1924 4243 et
1945 4179 1977 4241 ad

441 4278 476 4341 in
499 4285 541 4358 te,
562 4276 732 4358 singularis
756 4276 884 4339 etitem
906 4275 1188 4339 celeberrimallei
1245 4280 1476 4343 incrementum
1499 4296 1600 4360 usque
1619 4280 1786 4359 perducas.
1810 4278 1910 4343 Offert
1929 4276 1978 4339 tibi

441 4394 579 4457 sponsa3
600 4374 739 4438 mirabor
761 4381 793 4436 et
812 4372 1052 4455 contemplabor
1070 4382 1112 4450 te,
1134 4375 1190 4438 ho-
1246 4394 1371 4457 magna,
1401 4393 1420 4438 o
1456 4374 1646 4456 dignissima
1674 4393 1802 4457 sponsa.
1832 4373 1978 4456 Numquid

442 4473 622 4535 nestissima
640 4472 747 4535 ldaria.
766 4471 931 4553 Diligibilis
953 4471 1032 4533 mihi
1053 4490 1088 4533 es
1108 4492 1190 4535 sem·
1245 4474 1324 4552 baec,
1344 4491 1363 4536 o
1383 4472 1526 4550 Domina,
1548 4473 1805 4554 sapientissimus
1831 4474 1886 4537 ille
1904 4473 1980 4535 Pater

441 4589 562 4653 perque
576 4569 795 4648 desideranda,
808 4588 827 4632 o
842 4568 948 4648 llaria,
964 4586 1035 4648 quae
1049 4568 1188 4633 bonitate
1246 4579 1422 4654 perageret,
1432 4570 1493 4632 nisi
1508 4579 1539 4633 te
1554 4570 1701 4633 idoneam
1716 4571 1909 4654 dignamque
1922 4587 1982 4633 cen-

440 4668 536 4750 plena
564 4686 619 4746 es;
646 4666 739 4748 cujus
767 4667 807 4729 ab
836 4666 925 4728 initio
954 4666 1027 4728 vitas
1050 4684 1111 4748 ope
1135 4668 1189 4729 de·
1246 4670 1350 4731 seretl
1365 4667 1476 4732 Nobile
1491 4667 1548 4731 tibi
1564 4668 1681 4750 pignus
1696 4668 1808 4748 eredit,
1825 4678 1980 4748 tecumque

441 4765 570 4829 stitutus
590 4783 654 4828 non
674 4783 766 4842 snm,
788 4783 858 4846 quae
879 4764 1116 4828 adolescentulo
1136 4767 1189 4828 ad·
1247 4765 1441 4829 fiducialiter
1462 4765 1551 4829 facit.

440 4863 504 4926 bue
529 4870 561 4925 et
584 4863 667 4925 inter
691 4862 809 4924 bouum
838 4861 1021 4944 malumque
1045 4864 1188 4926 nondum
1284 4864 1355 4926 llaec
1380 4872 1428 4926 est
1456 4863 1533 4927 bora
1562 4864 1601 4927 ab
1629 4873 1747 4929 eterno
1771 4866 1979 4949 preordinata,

440 4961 621 5025 discernere
642 4958 772 5037 valenti,
796 4959 935 5023 nominis
958 4960 1003 5022 tui
1028 4962 1188 5023 contulisti
1244 4962 1433 5024 Patriarchis
1469 4962 1636 5044 promissa,
1667 4964 1798 5027 Vatibus
1831 4964 1979 5048 predicta,

440 5056 606 5120 affectum.
636 5054 789 5116 Amabilis
817 5054 903 5116 enim
933 5073 978 5132 es,
999 5074 1018 5117 o
1042 5056 1186 5137 Domina,
1245 5059 1365 5141 totique
1393 5060 1462 5122 orbi
1486 5060 1801 5125 desiderabilissima.
1826 5058 1981 5126 Descendit

292 5179 425 5231 mamea.
440 5174 536 5237 quam
551 5153 634 5215 Dens
647 5151 769 5231 dilexit,
785 5150 940 5233 cujusque
956 5153 1094 5233 speciem
1114 5173 1189 5218 con·
1245 5176 1318 5221 mox
1341 5157 1484 5239 angelus,
1505 5158 1731 5239 Virguneulam
1756 5160 1881 5240 salutat,
1900 5158 1981 5241 pudi-

440 5252 580 5334 cupivit3
605 5250 639 5312 in
663 5268 726 5331 qua
749 5248 834 5312 aliud
859 5268 990 5332 prorsus
1013 5269 1109 5332 quarn
1135 5254 1189 5317 be·
1245 5255 1407 5319 cissimam
1435 5255 1755 5341 honestissimamque
1780 5258 1916 5322 Puellam
1936 5256 1980 5337 ja-
