4309 6259
481 518 541 582 356
1001 533 1157 580 nxrosrrro
1177 532 1284 579 iussn.
1308 550 1348 561 -
1370 532 1439 578 aar.
1462 532 1517 579 xxi

483 726 590 769 ramus
624 704 683 768 tibi
711 712 945 767 sacramentum
980 701 1169 785 perfectum,
1199 704 1304 765 θῖΑθ
1332 702 1419 765 nullo
1447 710 1505 781 est,
1530 702 1618 783 juxta
1646 701 1726 766 illud
1754 702 1862 767 llilarii
1888 708 2009 770 secundo

483 804 680 868 sacrificium
700 812 966 881 consummatum,
988 803 1072 884 quod
1094 810 1142 864 est
1164 820 1232 864 cor·
1285 800 1324 862 de
1343 800 1494 862 Trinitate
1511 824 1518 862 ε
1535 800 1701 863 AEtemitas
1721 810 1769 863 est
1789 802 1822 863 in
1841 803 1933 881 Patre,
1952 824 2009 885 spe-

484 923 543 985 pus
570 902 683 966 Christi
712 909 745 965 et
777 901 906 984 sanguis
937 901 1017 981 ejus.
1046 923 1063 960 a
1090 900 1146 962 Vel
1175 900 1229 981 qui
1285 898 1350 960 cies
1369 898 1402 960 in
1424 898 1574 979 imagine,
1590 918 1667 961 usus
1689 899 1720 960 in
1742 919 1882 963 munere.
1898 901 2008 984 Species

484 1000 541 1063 tibi
563 999 706 1064 offerunt
728 1022 757 1081 n,
774 999 898 1062 scilicet
919 1021 936 1058 a
951 997 1013 1061 hoc
1034 996 1229 1060 sacrificium
1284 996 1414 1078 quippe,
1432 996 1462 1059 id
1484 1005 1532 1058 θεῖ
1553 996 1695 1078 perfecta
1715 997 1888 1062 similitudo
1906 1008 1935 1061 et
1952 1002 2007 1082 pul-

482 1098 586 1161 laudis
602 1121 630 1176 n,
647 1106 751 1180 potest
766 1097 876 1161 referri
891 1097 930 1159 ad
945 1096 1029 1179 ipsos
1050 1097 1229 1159 sacerdotes
1284 1094 1441 1174 chritudc,
1463 1102 1510 1156 θεῖ
1531 1094 1564 1156 in
1588 1094 1736 1175 imagine,
1753 1094 1786 1157 id
1807 1104 1855 1157 est
1874 1096 1904 1157 in
1924 1096 2006 1174 Fili03

482 1197 536 1279 qui
556 1204 790 1259 sacramentum
812 1195 990 1258 conficiunt
1011 1196 1119 1275 (debet
1142 1195 1228 1256 enim
1285 1212 1360 1254 usus
1374 1211 1462 1271 vero,
1476 1192 1507 1254 id
1523 1201 1570 1255 est
1585 1192 1767 1256 communio
1782 1193 1879 1257 Patris
1892 1214 1926 1257 ac
1939 1195 2005 1271 Filii,

480 1294 628 1357 sacerdos
647 1312 705 1376 pro
725 1313 759 1356 se
780 1294 850 1373 ipso
869 1300 900 1355 et
919 1291 1137 1355 sacerdotibus
1157 1310 1230 1355 exo-
1283 1298 1331 1352 est
1354 1290 1386 1352 in
1411 1310 1554 1369 munere,
1574 1291 1605 1353 id
1630 1298 1677 1353 est
1702 1291 1735 1352 in
1760 1291 1878 1373 Spiritu
1900 1292 2005 1369 Sancto,

478 1395 573 1472 rare),
590 1393 639 1456 vel
659 1391 699 1455 ad
718 1392 804 1474 ipsos
818 1391 989 1469 adstantes,
1006 1390 1060 1471 qui
1079 1390 1230 1452 dicuntur
1284 1390 1337 1470 qui
1359 1396 1409 1451 θεῖ
1429 1389 1549 1452 donum
1569 1390 1747 1452 amborum.

477 1491 538 1553 hoc
555 1490 748 1553 sacrificium
764 1490 866 1552 laudis
881 1488 1011 1566 offerre,
1025 1488 1058 1550 in
1072 1496 1227 1569 quantum

478 1587 633 1652 sacerdoti
648 1586 797 1651 offerenti
813 1606 870 1669 per
884 1605 1075 1649 consensum
1091 1586 1227 1648 affectus

478 1694 510 1749 et
533 1704 644 1769 preces
669 1692 890 1767 cooperantur,
912 1685 962 1747 vel
987 1684 1121 1747 eumad
1147 1684 1228 1746 cele-
1472 1652 1717 1717 ARTICULUS
1742 1654 1837 1717 XXI·

478 1785 635 1848 brandum
655 1784 849 1847 induxerunt
869 1791 923 1845 aul
941 1782 1142 1863 adjuverunt·
1307 1801 1354 1859 De
1369 1800 1599 1874 esplanatione
1615 1801 1720 1860 tertiae
1731 1802 1843 1876 partie
1855 1803 1984 1870 canonis,

519 1884 636 1946 Deinde
661 1882 882 1945 manifestatur
906 1899 963 1963 pre
991 1880 1105 1963 quibus
1132 1880 1266 1945 rebusB
1387 1888 1508 1949 scilicet
1524 1908 1535 1946 .·
1550 1889 1844 1960 Communicantea,
1859 1896 1915 1952 etc.

478 1981 643 2061 offeratur,
666 1982 742 2043 dum
768 1979 915 2042 subditur
938 1999 1027 2056 :pro
1053 2000 1097 2050 se,
1120 1979 1152 2040 id
1178 1986 1226 2040 θεῖ

478 2098 536 2162 pro
562 2078 690 2161 propria
718 2097 775 2140 sua
797 2095 944 2159 persona,
966 2079 1098 2156 suisque
1123 2078 1225 2137 omni·
1339 2075 1558 2136 AUDEMUS
1582 2074 1669 2133 viros
1687 2075 1846 2151 qtoafosos
1866 2083 1896 2135 et
1910 2084 2096 2153 petranum.

478 2180 548 2247 due,
571 2177 603 2238 id
628 2184 676 2239 θεῖ
699 2194 757 2257 pro
780 2175 851 2237 aliis
876 2174 999 2252 amicis,
1023 2174 1223 2257 propinquis,
1354 2180 1479 2231 nostros
1501 2172 1535 2231 in
1554 2174 1768 2249 pancratione
1788 2192 1857 2235 sua.
1873 2172 2002 2235 Sacerdos
2013 2162 2027 2199 ¹·

477 2274 528 2337 vel
548 2274 738 2354 commissis,
754 2281 786 2336 et
807 2272 884 2335 item
903 2291 961 2355 pro
981 2272 1075 2334 rebus
1094 2292 1163 2353 quae
1185 2272 1224 2333 ad
1280 2266 1502 2350 imperfectum
1518 2288 1610 2331 suum
1626 2268 1937 2353 considerans,atque
1950 2288 2004 2352 pro

476 2390 530 2435 eos
558 2371 728 2456 pertinent,
754 2380 789 2434 ut
816 2379 890 2433 sunt
918 2372 1001 2434 bona
1025 2370 1222 2454 temporalia,
1279 2365 1349 2447 pria
1369 2366 1484 2428 merita
1508 2366 1569 2428 sibi
1594 2368 1704 2429 deesse
1728 2370 1934 2450 perpendens,
1951 2386 2003 2430 onr-

476 2468 663 2550 proquibus
678 2468 833 2531 orandum
848 2474 897 2529 est
916 2474 951 2528 ut
969 2467 1130 2529 moderate
1150 2484 1225 2528 con·
1280 2464 1370 2525 nium
1404 2464 1592 2527 Sanctorum
1621 2464 1742 2527 meritis
1771 2466 1911 2548 adjuvari
1937 2466 2004 2528 desi-

476 2574 643 2628 serventnr
662 2566 769 2628 allec.
786 2565 824 2626 Et
844 2565 904 2627 hcc
924 2564 1024 2645 magis
1039 2557 1225 2646 explanatiir
1280 2563 1380 2641 derat,
1417 2568 1448 2625 θῖ
1484 2562 1579 2626 ῖοῖίθε
1614 2562 1763 2627 Ecclesiae
1803 2564 2003 2628 communibus

475 2682 533 2745 per
555 2664 653 2727 verba
676 2662 850 2746 sequentia,
877 2682 947 2745 quae
971 2681 1035 2726 non
1060 2670 1134 2724 sunt
1161 2660 1224 2722 nisi
1280 2660 1428 2741 precibus
1456 2679 1493 2722 ac
1527 2660 1619 2723 bonis
1652 2661 1803 2743 operibus
1837 2662 2003 2745 participare

476 2761 632 2844 expositio
653 2762 749 2843 hujus
770 2762 854 2843 quod
873 2761 994 2824 dictum
1013 2769 1071 2823 θεῖ.
1093 2760 1226 2822 Additur
1280 2758 1421 2837 affectat,
1442 2758 1551 2821 dicens
1576 2758 1609 2821 in
1633 2778 1769 2841 persona
1793 2761 1842 2823 sui
1867 2760 2002 2844 ipsiusne

476 2878 613 2941 namque
643 2882 651 2921 ε
680 2864 750 2923 Ρνο
784 2859 1003 2934 redemptione
1034 2861 1224 2919 animarum
1279 2856 1413 2919 aliorum
1428 2856 1482 2940 qui
1497 2858 1621 2919 adstant
1639 2865 1671 2920 et
1690 2877 1798 2922 secum
1818 2859 1959 2937 offerunt,
1972 2860 2002 2921 de

475 2977 625 3028 suarum,
641 2976 705 3036 pro
724 2977 778 3035 spe
798 2959 915 3018 salutis
936 2966 966 3017 et
988 2958 1225 3018 incolumitatis
1279 2955 1394 3035 quibus
1418 2955 1506 3033 dixit,
1531 2955 1589 3019 Pro
1616 2956 1732 3037 quibus
1760 2956 1818 3020 tibi
1845 2957 2001 3035 offerimus,
2105 2966 2106 2969 ’

475 3076 555 3126 sure,
576 3057 638 3116 tibi
658 3059 802 3116 reddunt
826 3065 899 3116 vota
922 3076 982 3116 suc
1006 3064 1127 3115 aeterno
1146 3058 1223 3125 Dee,
1239 3059 1260 3122 C
1279 3052 1328 3115 vel
1350 3052 1403 3136 qui
1426 3052 1484 3114 tibi
1507 3052 1673 3116 offerunt:

476 3156 549 3213 vico
563 3162 594 3213 et
608 3174 692 3215 vero.
709 3153 767 3215 Per
780 3153 841 3215 hoc
855 3152 941 3215 enim
956 3154 1041 3235 quod
1056 3175 1072 3212 «
1090 3153 1226 3215 reddunt
1318 3153 1609 3222 Communicantes,
1634 3151 1666 3214 id
1690 3160 1750 3230 cst,
1775 3172 1884 3235 preces
1905 3162 1934 3215 et
1953 3169 2003 3213 me

475 3250 540 3313 Deo
563 3258 636 3313 vota
657 3270 714 3313 sua
735 3272 765 3328 n,
788 3250 819 3312 id
841 3259 900 3330 est,
920 3248 1092 3312 effundunt
1118 3268 1223 3313 coram
1278 3248 1338 3311 rita
1361 3248 1547 3313 Sanctorum
1572 3268 1609 3311 ac
1632 3248 1690 3312 tibi
1715 3250 1906 3333 placentium
1929 3250 2003 3313 nobis

475 3368 513 3411 eo
535 3348 692 3411 desideria
714 3368 781 3426 sua,
798 3370 815 3408 a
838 3367 896 3430 pro
918 3348 1136 3430 redemptione
1159 3348 1224 3411 ani·
1278 3347 1487 3429 applicantes.
1524 3346 1640 3410 Omnes
1674 3366 1790 3431 nempe
1826 3348 1914 3413 electi
1945 3354 2003 3409 sunt

474 3466 598 3509 marum
622 3465 752 3510 suarum
771 3469 800 3525 »,
821 3446 853 3510 id
877 3455 926 3509 θεῖ
945 3465 1003 3529 pro
1026 3446 1224 3529 indulgentia
1278 3466 1377 3509 unum
1402 3464 1516 3527 corpus
1540 3446 1722 3529 mysticum,
1745 3447 1838 3530 cujus
1861 3456 1947 3531 caput
1966 3453 2004 3508 cst

475 3553 690 3629 peccatorum,
707 3567 724 3605 a
741 3563 869 3628 prospe
885 3545 995 3607 salutis
1011 3568 1039 3622 n,
1057 3544 1152 3607 idest
1167 3564 1224 3627 pro
1277 3544 1418 3607 Christus
1440 3568 1447 3606 ε
1469 3552 1501 3607 θῖ
1520 3563 1595 3627 erge
1617 3564 1729 3628 preces
1749 3554 1781 3608 et
1800 3548 1909 3611 merita
1926 3545 2002 3607 unius

477 3641 700 3723 impetratione
719 3641 880 3704 felicitatis
895 3642 1046 3721 (sumitur
1064 3641 1151 3705 enim
1171 3642 1223 3704 hic
1278 3643 1368 3705 alteri
1396 3650 1531 3725 prosunt
1559 3642 1592 3704 in
1620 3651 1775 3725 quantum
1805 3644 1949 3707 uniuntur
1977 3643 2001 3702 in

478 3759 551 3822 spes
578 3758 636 3821 pro
664 3759 699 3802 re
723 3742 873 3822 sperata),
901 3762 917 3799 o
942 3747 974 3802 ct
997 3740 1224 3803 incolumitatis
1278 3740 1410 3803 Christo.
1427 3740 1498 3802 llaec
1513 3748 1618 3803 autem
1635 3740 1709 3805 unio
1728 3741 1768 3804 fit
1786 3761 1845 3823 per
1863 3740 2002 3805 caritatem

478 3856 543 3901 suae
558 3860 587 3917 n,
604 3837 636 3900 id
650 3845 698 3900 est
713 3837 886 3920 corporalis
900 3838 1054 3917 sanitatis,
1071 3838 1105 3899 in
1126 3858 1226 3920 quan·
1278 3846 1309 3901 ct
1323 3839 1468 3921 gratiam.
1485 3840 1573 3902 Unde
1595 3840 1788 3923 quicumque
1811 3842 1961 3904 caritatem
1979 3846 2004 3899 et

477 3944 545 3998 tum
573 3935 699 4016 expedit
726 3935 839 3998 animae
865 3959 872 3997 ι
898 3954 956 4017 per
983 3936 1054 4015 hoc,
1081 3934 1223 4017 inquam,
1277 3937 1411 4018 gratiam
1437 3936 1542 4015 habet,
1564 3937 1713 4000 omnibus
1739 3938 1862 4002 Sanctis
1884 3955 2004 4001 commu-

477 4034 561 4115 quod
580 4032 648 4096 haec
667 4031 790 4095 faciunt
804 4032 1058 4113 circumstantes,
1075 4034 1226 4097 dicuntur
1277 4035 1375 4115 nicat,
1406 4035 1438 4097 id
1467 4042 1526 4114 est,
1557 4035 1679 4097 meritis
1714 4054 1825 4099 eorum
1859 4036 2005 4119 adjuratur

476 4130 595 4195 offerre
622 4131 683 4193 hoc
712 4130 908 4193 sacrificium
936 4131 1038 4194 laudis
1063 4155 1080 4191 a
1106 4151 1162 4214 pre
1191 4152 1225 4196 se
1277 4140 1370 4213 atque
1386 4131 1564 4215 participat,
1581 4134 1849 4213 quemadmodum
1865 4132 2004 4214 Scriptura

475 4229 605 4309 suisque
625 4227 774 4292 omnibus
796 4252 826 4306 n,
847 4229 1021 4311 praesertim
1042 4231 1118 4293 dum
1141 4230 1224 4294 bona
1239 4240 1263 4301 1)
1277 4237 1410 4291 testatur
1431 4254 1438 4291 :
1460 4229 1619 4311 Particeps
1644 4249 1702 4312 ege
1727 4250 1797 4293 sum
1822 4232 1954 4295 omnium
1975 4228 2003 4289 li·
2021 4250 2102 4317 nam

475 4326 625 4408 predicta
639 4345 657 4388 a
671 4326 735 4389 lieo
749 4326 884 4409 adipisci
905 4327 1050 4389 nituntur
1067 4346 1132 4391 non
1153 4346 1225 4409 pro-
1278 4328 1431 4390 mentium
1455 4335 1497 4390 te.
1521 4328 1619 4391 Tanto
1642 4346 1768 4410 quoque
1792 4330 1914 4412 plenius
1935 4316 2037 4390 con-⁶¹·
2101 4338 2102 4367 t

474 4424 553 4509 priis
577 4424 710 4504 meritis,
738 4426 793 4487 sed
822 4425 936 4489 virtute
960 4426 1154 4489 Sacramenti
1180 4428 1224 4489 al·
1278 4424 1483 4486 municantur
1497 4422 1588 4487 nobis
1603 4424 1716 4487 merita
1730 4423 1913 4503 electorum,
1927 4442 2004 4505 quan

475 4524 563 4586 taris.
1279 4532 1310 4586 to
1325 4522 1371 4585 eis
1386 4521 1595 4586 affectuosius
1610 4522 1848 4607 conjungimur,
1864 4528 2004 4605 etquanto
2100 4570 2101 4581 ,

519 4622 615 4684 Porro
645 4621 838 4683 sacrificinm
867 4621 962 4699 istud,
985 4644 1002 4681 a
1028 4620 1224 4685 sacrificium
1278 4620 1415 4702 amplius
1443 4640 1497 4684 eos
1526 4640 1725 4684 veneramur.
1756 4621 1887 4703 idcirco,
1915 4628 1945 4683 ut
1967 4636 2005 4679 sa·

476 4720 579 4782 laudis
595 4742 612 4778 n
628 4728 770 4797 vocatur,
786 4719 861 4801 quia
876 4740 934 4802 per
952 4720 1057 4803 ipsum
1077 4721 1146 4784 laus
1161 4723 1224 4785 [leo
1278 4718 1389 4782 cerdos
1414 4718 1540 4801 plenius
1564 4718 1733 4799 adjuvetur
1756 4720 1877 4783 meritis
1897 4719 2005 4781 Sancto

476 4819 623 4896 offertur,
649 4818 682 4879 in
710 4826 863 4899 quantum
891 4818 1050 4882 beneficia
1078 4819 1149 4901 ejus
1178 4838 1224 4882 re-
1278 4835 1349 4878 rum
1373 4836 1409 4879 ac
1433 4815 1593 4899 precibus,
1620 4816 1697 4879 facit
1720 4835 1831 4880 eorum
1856 4815 2004 4899 specialem
2099 4878 2100 4881 ,

477 4917 626 4980 coluntur
651 4939 658 4978 :
684 4916 768 4997 qnod
793 4916 825 4977 in
848 4916 943 4978 ltlissa
966 4917 1131 4998 potissime
1153 4916 1224 4979 fieri
1279 4914 1474 4991 memoriam,
1497 4914 1635 4976 subdens
1653 4925 1706 4976 :et
1728 4919 2004 4977 rnemcrtamoene

476 5015 582 5097 palam
596 5021 654 5076 est.
671 5013 817 5088 Quamvis
832 5023 937 5076 autem
952 5014 1101 5095 quaelibet
1114 5014 1224 5076 divina
1279 5026 1402 5085 rantes,
1420 5014 1525 5092 idest,
1542 5015 1723 5079 venerando
1745 5024 1885 5097 agentes,
1901 5033 1950 5076 scu
1962 5028 2004 5071 vc

475 5113 612 5176 Persona
636 5111 677 5173 sit
699 5112 781 5173 Deus
803 5119 952 5191 eternus,
973 5120 1004 5174 et
1025 5130 1135 5174 omnes
1161 5120 1223 5175 tres
1279 5110 1462 5175 nerabilitor
1487 5111 1673 5193 recolentes,
1702 5116 1737 5174 in
1759 5116 1892 5190 primis,
1915 5111 1943 5173 id
1966 5115 2003 5170 est

475 5229 540 5274 non
561 5209 623 5271 nisi
646 5228 727 5271 unus
747 5209 829 5271 lleus
850 5216 998 5290 aeternus,
1014 5209 1097 5271 Patri
1117 5218 1224 5273 tamen
1278 5210 1381 5293 primo
1409 5218 1503 5291 atque
1531 5211 1702 5293 praecipue,
1724 5214 1874 5289 ptorfosoe
1899 5226 2003 5285 senqm

474 5308 633 5373 eternitas
647 5306 880 5390 appropriatur,
887 5307 1037 5389 qnoniam
1052 5308 1121 5390 ipsc
1137 5308 1222 5371 solus
1279 5310 1421 5386 otrpinfs
1435 5310 1566 5380 Μανία),
1580 5312 1758 5371 Genitra'cia
1771 5313 1835 5373 Det
1847 5320 1876 5373 et
1889 5304 2004 5373 Donatus·
