4309 6259
683 1044 1164 1159 PROOEMIUM

209 1642 379 1707 Sabatinos
392 1679 433 1689 —
448 1646 649 1725 Quicumque
663 1648 914 1709 manducaverit
925 1666 1043 1726 panem
1058 1650 1147 1710 bunc
1160 1652 1210 1710 oet
1224 1652 1340 1711 biberit
1354 1652 1485 1711 calicem
1501 1653 1637 1713 Domini
1650 1654 1700 1713 irr-

147 1753 262 1827 diprre,
278 1770 355 1811 reus
367 1754 433 1812 erit
446 1754 594 1828 corporis
608 1762 638 1813 et
651 1755 828 1831 conquiris
841 1757 985 1817 Domini.
1001 1755 1097 1819 lGor.
1113 1774 1156 1830 xl,
1172 1754 1223 1819 27.

209 1857 277 1921 lloc
298 1866 344 1937 tu,
360 1876 380 1922 ο
399 1858 509 1921 divine
523 1861 684 1941 Apostole,
700 1878 720 1923 o
735 1860 796 1923 Vas
810 1861 988 1940 electionis,
1005 1881 1070 1926 non
1090 1882 1147 1945 per
1165 1863 1328 1928 bominem
1343 1884 1447 1947 neque
1463 1864 1503 1927 ab
1517 1866 1700 1929 bominibus
1715 1884 1803 1933 rana
1814 1887 1847 1929 rs.

148 1963 359 2045 lir'angelium
373 1964 489 2027 Christi
503 1966 646 2046 edoctus,
658 1985 737 2029 voce
753 1967 918 2031 intonuisti
934 1968 1086 2033 terrifica.
1104 1969 1229 2033 Scimus
1245 1980 1415 2053 temptum
1430 1971 1529 2034 luisse
1545 1992 1645 2053 usque
1661 1973 1699 2035 ad
1716 1945 1791 2051 fifh*
1802 1960 1815 1996 '⁸
1828 1951 1848 1997 ¹⁹

149 2071 279 2132 tertium
299 2071 427 2148 coelum,
444 2072 478 2133 in
498 2073 612 2135 throno
631 2074 751 2155 glorian,
768 2093 868 2158 usque
888 2076 928 2138 ad
946 2076 1172 2139 consistorium
1192 2076 1309 2141 divinae
1329 2078 1503 2158 majestatis
1523 2078 1697 2156 immensa,
1715 2070 1798 2182 ἕξω·
1811 2085 1847 2123 ¹¹¹·

148 2197 215 2241 uon
230 2179 270 2241 ad
285 2186 481 2242 momentum
496 2188 551 2242 aut
564 2180 709 2243 horulam
723 2181 893 2247 brevemve
908 2185 1074 2264 morulam,
1092 2185 1147 2247 sed
1161 2185 1257 2266 plana
1273 2184 1375 2249 triduo
1390 2186 1446 2249 illo
1462 2204 1525 2267 quo
1546 2205 1616 2249 eras
1636 2204 1701 2250 non
1715 2208 1829 2257 reema.

147 2284 274 2362 videns,
290 2304 395 2367 neque
409 2288 606 2349 manducans
624 2306 684 2350 neo
703 2287 827 2351 bibens.
843 2289 879 2351 ln
898 2298 991 2371 raptu
1010 2290 1077 2371 illo,
1093 2310 1157 2372 quo
1176 2300 1209 2354 et
1227 2292 1325 2355 Deum
1346 2291 1516 2355 sublimem
1537 2294 1621 2355 claro
1643 2312 1701 2375 per

147 2394 291 2475 speciem
312 2394 450 2456 crederis
469 2394 684 2476 conspexisse,
701 2397 893 2479 evangelicae
912 2397 992 2479 legis
1012 2398 1199 2480 sapientiam
1221 2398 1413 2463 revelatione
1432 2400 1571 2463 didicisti
1592 2420 1701 2483 super-

147 2521 201 2580 na,
218 2520 257 2564 ex
276 2520 341 2581 qua
357 2509 468 2583 postea
483 2510 626 2583 tempore
641 2512 821 2585 opportuno
835 2504 932 2567 verba
947 2505 1107 2585 protulisti
1129 2514 1224 2588 atque
1240 2506 1461 2589 conscripsisti
1475 2507 1540 2589 jam
1557 2515 1650 2587 tacta,
1668 2508 1700 2570 irr

147 2608 265 2690 quibus
280 2618 468 2673 cunctorum
483 2612 579 2673 corda
592 2610 791 2692 perterruisti
806 2630 880 2673 vere
894 2611 1053 2676 fidolium.
1070 2613 1146 2689 Quis
1160 2614 1247 2677 enirn
1270 2614 1361 2678 fateri
1377 2616 1505 2679 audebit
1520 2634 1553 2679 se
1567 2616 1700 2697 dignum

147 2715 187 2776 ad
202 2714 301 2794 hujus
316 2713 627 2796 supersubstantialis
642 2716 733 2797 panis
747 2716 913 2798 divinique
928 2717 1036 2781 caliois
1056 2720 1284 2803 sumptionem,
1301 2740 1398 2803 quum
1419 2729 1450 2783 et
1469 2722 1701 2785 sacratissimus

148 2820 204 2882 ille
219 2820 334 2902 Sponsi
349 2819 482 2901 amicus,
498 2821 752 2903 consanguineus
768 2822 951 2901 Salvatoris,
964 2822 1069 2887 lassus
1085 2826 1126 2887 sit
1140 2825 1307 2907 indignum
1323 2845 1357 2889 se
1373 2846 1442 2890 esse
1457 2828 1495 2891 ad
1511 2828 1699 2892 solvendum
1714 2852 1798 2897 reatin.
1817 2867 1847 2903 ιιι.

149 2928 321 3011 corrigiam
336 2928 625 2992 calceamentorum
641 2928 749 2993 illiusl
764 2930 844 3006 Quid
859 2930 956 3012 igitur
970 2931 1097 2995 videtur
1112 2940 1241 3013 restare,
1258 2934 1320 2995 nisi
1335 2934 1497 2997 decretum
1517 2937 1662 2999 cassandi
1683 2956 1701 2999 a
1716 2918 1774 3013 {234
1787 2983 1801 3021 .‚
1811 2972 1845 3013 ῃ,

150 3032 376 3100 communione
390 3036 588 3118 dignissima,
606 3037 868 3119 propositumque
883 3039 1003 3102 vitandi
1024 3048 1089 3103 tam
1111 3041 1231 3123 grande
1254 3041 1446 3125 perieulum,
1462 3062 1522 3106 nec
1542 3062 1702 3125 supercoe-

150 3145 242 3207 lestia
257 3151 454 3207 contrectare
468 3143 584 3207 audere
598 3144 758 3225 mysteria,
773 3144 926 3226 angelicis
939 3164 1066 3228 quoque
1083 3147 1246 3229 spiritibus
1266 3148 1461 3231 admiranda,
1479 3152 1653 3215 reverenda
1670 3161 1702 3216 et

150 3250 498 3332 incomprehensibilia,
514 3251 575 3314 nisi
598 3271 636 3315 ox
660 3252 722 3315 alia
744 3260 834 3336 parte
858 3260 903 3330 tu,
920 3271 940 3315 o
960 3252 1083 3317 Veritas
1107 3255 1311 3337 sempiterna,
1328 3257 1463 3337 diceres,
1479 3259 1590 3337 Amen,
1607 3280 1700 3324 amen
1716 3282 1847 3335 rorantes.

150 3360 224 3422 dieo
239 3356 342 3435 vobis,
358 3356 420 3419 nisi
434 3357 699 3420 manducaveritis
714 3376 843 3420 carnem
858 3357 928 3420 llilii
943 3358 1093 3440 bominis,
1109 3368 1140 3423 et
1162 3359 1306 3424 biberitis
1329 3362 1399 3443 ejus
1422 3364 1620 3446 sanguinem,
1637 3385 1701 3431 non

149 3465 311 3529 babebitis
332 3466 429 3527 vitam
453 3464 486 3526 in
511 3464 622 3528 vobisl
643 3464 722 3539 Quid
746 3464 780 3525 in
804 3465 865 3527 lrac
889 3464 1096 3547 perplexitate
1120 3470 1234 3547 agaml
1259 3468 1336 3549 quid
1361 3468 1500 3551 eligaml
1527 3472 1559 3533 Si
1584 3474 1702 3537 accedo

151 3572 484 3636 immaculatissimam
499 3590 536 3634 ao
551 3572 944 3653 superpraastantissimum
958 3592 1084 3635 sumere
1098 3576 1234 3656 Agnum,
1249 3575 1360 3656 suique
1375 3576 1455 3639 sacri
1471 3578 1615 3659 accipere
1631 3598 1703 3642 san-

150 3680 260 3763 guinis
275 3678 438 3761 poculum,
453 3696 565 3741 vereor
579 3697 652 3741 reus
667 3677 739 3740 lieri
755 3679 898 3760 corporis
912 3686 945 3741 et
958 3679 1123 3761 sanguinis
1138 3680 1283 3759 Domini3
1301 3681 1326 3743 si
1341 3681 1416 3745 inde
1436 3682 1593 3764 abstineo,
1610 3705 1703 3768 expa-

150 3805 251 3849 vesco
274 3786 340 3847 rita
360 3784 467 3866 gratiae
485 3784 519 3846 in
537 3784 685 3867 presenti
707 3784 835 3866 vitaque
858 3784 968 3867 gloria
992 3785 1121 3848 destitui
1145 3786 1178 3848 in
1204 3786 1320 3851 futuro.
1337 3789 1499 3869 Angustia
1523 3790 1602 3853 mibi
1629 3800 1704 3855 sunt
1727 3818 1786 3863 ran,
1804 3830 1848 3869 χιιι,

151 3894 317 3975 undique;
334 3892 389 3954 sed
403 3889 518 3953 melius
531 3898 580 3953 est
593 3891 673 3953 mibi
688 3892 768 3955 mori
782 3911 879 3973 quarn
893 3891 1022 3975 aliquod
1036 3892 1150 3956 borum
1168 3894 1309 3958 incidere
1324 3896 1550 3978 periculorum.
1718 3884 1752 3931 ²²*
1769 3884 1803 3925 ²³·

215 4002 363 4063 Varrrrss.
378 4034 420 4045 -
432 3998 532 4073 Quare
546 4016 682 4061 rnoerore
703 4000 923 4062 consumerisl
938 4000 1096 4082 Numquid
1116 4002 1316 4065 consiliarius
1337 4022 1402 4067 non
1424 4013 1472 4067 ost
1493 4005 1572 4068 ribit
1593 4006 1702 4072 Nonne
1718 4032 1849 4085 uratum.

150 4128 214 4191 ego
235 4127 305 4169 sum
324 4105 431 4188 magni
450 4105 574 4169 consilii
593 4106 737 4187 angelus,
760 4106 832 4171 lons
853 4107 1028 4189 sapientiae,
1045 4108 1184 4173 Verbum
1209 4110 1264 4173 Dei
1278 4102 1321 4173 'in
1346 4112 1489 4191 excelsis,
1508 4115 1547 4177 de
1572 4134 1634 4196 quo
1659 4116 1704 4178 eit
1717 4131 1750 4176 rs.
1773 4144 1801 4181 ιι,
1828 4134 1849 4181 a.

150 4215 328 4297 Scriptura,
345 4213 377 4275 Si
391 4212 462 4294 quis
477 4212 600 4295 indiget
612 4213 777 4295 sapientia,
794 4215 966 4295 postulata
981 4215 1067 4278 Deol
1084 4215 1114 4278 Si
1130 4216 1177 4280 sol
1198 4216 1256 4281 iste
1271 4218 1406 4281 visibilis
1420 4218 1451 4281 in
1474 4238 1531 4285 suo
1553 4223 1629 4285 orbe
1650 4192 1849 4307 (16-Ῑὲἷὲᾖῇ

151 4340 299 4399 currens,
316 4321 438 4383 lumine
453 4338 511 4383 suo
526 4319 672 4383 tenebras
688 4319 777 4401 lugat
791 4340 828 4384 ac
847 4322 993 4400 nebulas,
1009 4330 1127 4404 quanto
1148 4324 1248 4407 magis
1268 4326 1319 4388 Sol
1340 4334 1488 4405 aeternus,
1505 4329 1598 4409 cujus
1619 4350 1705 4395 com·
1717 4318 1794 4363 Μ·
1808 4321 1848 4371 ¹¹³·

150 4428 392 4492 municabilitas
405 4434 438 4489 et
452 4424 505 4488 lux
519 4444 632 4507 expers
645 4434 694 4489 est
708 4425 795 4506 linis,
812 4446 870 4489 sua
884 4426 1090 4492 irradiatione
1111 4436 1143 4491 et
1164 4429 1372 4494 instructione
1395 4440 1534 4495 merrtem
1555 4436 1595 4499 ab
1616 4438 1702 4500 omni

150 4536 240 4599 eruit
264 4532 479 4616 perplexitatis
499 4532 659 4614 ambiguo,
675 4532 860 4613 ignorantia
879 4533 1001 4613 nubilo,
1018 4533 1186 4597 fluctuanti
1212 4535 1405 4600 formidinet
1420 4539 1542 4604 Accede
1566 4561 1641 4623 argo
1662 4544 1702 4606 ad
1718 4569 1855 4622 aaran,

150 4646 307 4707 thronum
322 4640 440 4723 gratiae,
453 4640 580 4703 accede
595 4646 628 4701 et
641 4639 821 4702 illuminare
834 4663 842 4718 3
861 4640 975 4703 invoca
990 4660 1041 4703 me
1056 4640 1088 4702 in
1104 4642 1156 4704 die
1170 4641 1394 4707 tribulationis.
1716 4634 1756 4737 ζ’·
1783 4646 1855 4683 '‘¹¹¹¹''

216 4749 386 4811 Sacranos.
403 4782 444 4793 —
457 4746 515 4825 Tu,
535 4746 679 4826 bomine,
695 4746 750 4827 qui
771 4746 811 4808 ab
832 4747 962 4810 exordio
983 4755 1036 4809 tua
1057 4746 1187 4810 caritate
1207 4768 1243 4811 ac
1263 4750 1378 4830 pietate
1399 4770 1457 4815 nos
1477 4752 1701 4835 benignissime
1716 4758 1848 4810 P⁸·¹²¹¹·¹⁵·

150 4854 340 4940 praevenisti
355 4862 494 4916 nostram
506 4854 696 4917 assumendo
711 4861 868 4932 naturam,
885 4862 917 4916 et
931 4854 1015 4936 quod
1030 4855 1070 4917 de
1085 4863 1193 4919 nostro
1208 4856 1421 4939 assumpsisti,
1437 4860 1528 4923 nobis
1551 4861 1703 4931 liberalis·

150 4965 238 5027 sime
253 4958 725 5041 communicasti‚impendendo
740 4979 777 5023 ae
792 4959 1000 5043 relinquendo
1015 4960 1094 5023 illud
1110 4961 1142 5023 in
1159 4961 1315 5025 medelam
1326 4981 1485 5047 opemque
1497 4969 1703 5053 multiplicem

149 5091 190 5133 ao
206 5069 397 5145 salutemet
409 5067 488 5129 tanti
504 5066 634 5148 insuper
648 5068 838 5129 sacramenti
854 5087 913 5131 nos
927 5068 1117 5131 constituisti
1133 5068 1308 5148 ministros,
1318 5070 1377 5134 hac
1393 5073 1503 5135 eadem
1520 5084 1572 5139 tua
1586 5079 1703 5145 duleis-

150 5180 239 5243 sima
258 5174 387 5238 canate
405 5193 442 5237 ao
462 5172 680 5255 copiosissima
698 5175 826 5256 pietate,
844 5195 895 5237 me
919 5175 1048 5237 anxium
1070 5183 1102 5237 et
1125 5175 1282 5239 afflictum
1307 5198 1394 5241 nunc
1418 5180 1542 5245 erudire
1563 5184 1703 5267 digneris

150 5286 233 5371 quid
250 5284 285 5345 in
300 5289 446 5365 prataota
460 5280 678 5365 perplexitate,
697 5281 940 5364 scrupulositate
954 5292 1049 5365 atquo
1064 5283 1234 5347 formidine
1248 5286 1407 5366 agendum
1424 5287 1465 5350 sit
1478 5288 1568 5355 mibi.
