4309 6259
681 500 839 549 musmo
860 501 958 547 avum
982 508 988 545 :
1012 500 1114 549 rauna
1133 501 1247 549 amous
1695 487 1736 551 oa

49 676 116 781 Lep!
124 689 175 782 up·
189 668 275 749 gallo
289 668 406 733 dicitur
422 693 429 733 :
445 670 546 745 Quum
568 670 652 735 lacta
673 680 756 735 esset
776 673 865 751 hora,
882 691 938 735 sen
953 672 977 733 Α
993 673 1032 735 ad
1058 674 1119 735 hoo
1144 672 1382 755 pertinentium.
1405 673 1509 737 Potest
1532 690 1657 754 quoque
1681 691 1738 753 per

38 744 98 847 ¹123„
113 743 150 843 ἓξ
169 772 333 849 'vespera
349 767 387 829 Et
405 769 652 849 protendebatur
670 768 765 832 Coena
783 789 884 851 usque
904 770 936 832 in
993 769 1125 833 verbum
1145 770 1281 851 intelligi
1305 778 1497 853 paeceptum
1516 788 1579 850 quo
1598 769 1739 831 Christus

39 880 176 933 amaea,
190 873 327 927 noctem.
358 865 441 928 Dicit
474 867 560 929 enim
595 867 797 949 Evangelista
827 892 833 929 :
863 869 937 931 Erat
993 869 1052 931 hoc
1067 868 1218 949 lecit,qui
1232 868 1346 932 horum
1360 877 1530 949 utrumqne
1544 866 1740 930 iecitdiviua

36 948 383 1057 lia.2.‚22.³¹¹10¹¹¹¹¹⁰¹·
400 964 451 1026 Sic
467 973 498 1026 at
512 965 626 1030 Paulus
640 964 759 1029 ellatur
774 989 781 1027 :
795 966 937 1029 Christus
992 975 1022 1029 et
1042 968 1181 1031 increata
1201 986 1258 1029 sua
1281 967 1423 1049 potentia
1447 966 1575 1048 penitus
1599 964 1739 1045 inlinita,

190 1058 223 1121 in
247 1078 310 1141 qna
334 1070 426 1125 nocte
448 1062 639 1141 tradebatur,
661 1064 784 1146 accepit
808 1084 934 1146 panem.
991 1084 1065 1128 cum
1080 1065 1256 1146 prolatione
1279 1054 1555 1127 sacramentalium
1571 1062 1739 1126 verborum

187 1161 386 1221 Recumdens
412 1181 486 1221 cum
513 1163 691 1240 fratribus,
720 1161 753 1224 id
781 1170 829 1223 est
855 1164 936 1245 Apo
991 1162 1029 1225 ad
1045 1163 1106 1226 hoc
1120 1162 1513 1245 pertinentium,qnamvis
1528 1162 1596 1223 sine
1611 1161 1740 1223 illorum

36 1256 344 1335 r·.m.2³.stotis‚de
365 1257 481 1339 quihus
503 1258 535 1321 in
556 1260 679 1323 Psalmo
697 1258 859 1323 :Narrabo
881 1279 937 1323 no-
991 1261 1167 1342 prolatioue
1196 1261 1228 1323 id
1263 1259 1368 1323 lacere
1396 1259 1519 1341 quivit;
1548 1258 1739 1341 proterendo

187 1374 261 1417 men
277 1362 367 1417 tuum
387 1356 537 1419 iratribus
557 1356 637 1419 meis
651 1381 659 1435 3
677 1357 710 1419 in
724 1357 843 1421 loanne
859 1358 934 1421 item
990 1378 1116 1441 quoque
1131 1359 1198 1421 haec
1214 1358 1321 1437 verba,
1338 1358 1473 1422 contulit
1486 1357 1533 1419 eis
1548 1358 1612 1419 vim
1628 1374 1738 1439 coepe

44 1464 173 1515 tonna-xx.
188 1452 226 1515 ad
246 1452 459 1534 pradilectam
478 1454 668 1537 discipulam
686 1479 693 1517 ε
710 1454 795 1517 Vade
815 1456 854 1518 ad
874 1455 937 1518 lra-
991 1458 1136 1537 nativam,
1157 1457 1248 1539 quasi
1269 1456 1554 1535 instrumentalem,
1571 1456 1610 1518 ad
1636 1463 1738 1519 trans·

36 1532 71 1572 ¹⁷'
187 1560 251 1613 tres
279 1568 377 1614 meos.
405 1554 580 1615 Observata
611 1558 678 1631 tepe
702 1552 814 1636 lloysis
839 1558 935 1631 plene
990 1556 1289 1619 substantiatiouem
1311 1556 1393 1617 hanc
1415 1555 1527 1637 ipsam.

185 1651 266 1709 cibis
295 1650 330 1709 in
360 1652 531 1727 tapetibus,
560 1650 635 1731 quia
664 1649 809 1734 implevit
835 1652 934 1715 Patris
1030 1656 1367 1731 Etaisensoedeficit,
1384 1652 1488 1732 idest,
1504 1652 1738 1733 quamvisscn-

185 1754 378 1829 praeceptnm
394 1748 589 1812 comedendo
603 1768 720 1830 agnum
739 1750 932 1832 paschalem,
991 1772 1044 1815 sus
1059 1753 1231 1815 exteriores
1250 1760 1282 1815 et
1302 1750 1479 1828 interiores,
1497 1749 1678 1813 intellectus
1699 1769 1737 1813 ac

67 1866 84 1895 τ
114 1865 169 1895 ·¹=¹·
184 1854 279 1927 prout
294 1844 327 1907 in
342 1844 449 1908 Exodo
463 1844 579 1927 legitur
592 1846 728 1928 jussum,
740 1850 847 1909 eibum
864 1858 935 1909 tar·
952 1852 975 1915 B
991 1851 1082 1930 ratio,
1099 1869 1228 1933 prorsus
1242 1848 1398 1911 deliciant
1416 1868 1435 1910 a
1453 1848 1738 1929 comprehensione

185 1945 231 2003 de
249 1945 420 2011 duodeno,
441 1942 473 2005 id
498 1952 547 2007 est
570 1944 739 2008 duodecim
762 1946 932 2029 apostolis,
991 1948 1185 2011 mirabilium
1210 1966 1281 2028 quse
1305 1947 1338 2009 ia
1360 1947 1420 2009 hoc
1445 1954 1644 2010 sacramento
1664 1964 1739 2009 con-

184 2061 218 2101 se
235 2044 294 2101 dat
313 2042 383 2102 suis
403 2044 567 2114 menibus,
584 2043 615 2105 id
637 2052 696 2124 est,
713 2045 848 2127 propriis
870 2064 936 2108 ma·
990 2046 1308 2128 tingunt,oreduntnr
1321 2064 1359 2107 ac
1374 2044 1521 2124 liunt,ad
1533 2048 1739 2121 firmandum

184 2138 280 2201 nibus
296 2158 329 2203 se
344 2138 449 2221 ipsum
464 2139 552 2203 dedit
566 2140 612 2203 eis
628 2141 661 2203 in
677 2142 784 2205 cibum
801 2144 932 2206 mentis:
989 2166 1044 2205 θον
1068 2149 1231 2205 sincerum
1257 2148 1324 2203 sota
1351 2146 1433 2220 fides
1456 2144 1594 2219 sufficit,
1622 2141 1653 2202 id
1678 2149 1736 2220 est,

184 2238 259 2319 quia
274 2236 334 2299 sub
350 2238 457 2318 specie
471 2238 705 2320 panis‚ratione
716 2242 934 2305 conversionis
990 2264 1006 2303 a
1023 2243 1090 2305 sola
1105 2242 1187 2304 lides
1203 2264 1220 2300 a
1235 2240 1371 2304 formata
1385 2262 1402 2299 «
1419 2238 1543 2302 sullieit
1558 2261 1574 2298 a
1589 2239 1628 2301 ad
1648 2238 1740 2302 robo-

186 2334 287 2416 ipsius
307 2334 399 2415 panis
419 2333 451 2397 in
472 2354 587 2419 corpus
601 2336 727 2416 Christi,
743 2336 805 2399 luit
820 2356 934 2421 corpus
990 2341 1121 2403 rendam
1151 2346 1291 2402 mentam
1327 2356 1440 2420 puram
1469 2336 1502 2399 in
1531 2336 1594 2399 Deo
1622 2356 1659 2399 ac
1688 2336 1740 2400 via

185 2431 264 2495 illud
300 2431 534 2514 dignissimum,
570 2436 821 2499 concomitanter
859 2456 934 2501 vero
991 2438 1153 2516 salutis,et
1167 2445 1275 2500 contra
1291 2435 1435 2499 visibiles
1449 2434 1739 2518 atqueinvisibilas

185 2530 317 2613 sanguis
346 2530 458 2613 ipsius,
488 2530 595 2594 anima
623 2552 749 2615 quoque
780 2542 812 2597 et
839 2534 933 2598 l'erbi
990 2534 1067 2597 lidei
1084 2535 1200 2598 hostes.
1218 2532 1448 2595 Sullicitenim
1463 2532 1509 2594 sic
1524 2532 1738 2611 eredere,nec

185 2646 334 2711 persona,
358 2628 467 2710 sicque
492 2636 576 2693 totus
598 2630 761 2709 Christus,
783 2640 816 2695 et
836 2632 933 2696 simili
990 2632 1117 2713 expedit
1139 2630 1330 2714 perscrutari
1347 2654 1355 2693 ι
1372 2649 1436 2693 non
1455 2630 1540 2711 quod
1561 2630 1644 2692 lides
1669 2629 1738 2693 sine

186 2728 282 2791 modo
303 2727 363 2789 sub
385 2727 490 2809 specie
512 2727 591 2790 vini.
607 2728 687 2792 llinc
708 2738 782 2793 sunt
797 2750 930 2793 versus:
990 2730 1141 2813 operibus
1161 2728 1303 2794 sulliciat
1326 2728 1366 2791 ad
1386 2729 1532 2807 salutem,
1548 2728 1604 2791 sed
1626 2727 1659 2789 in
1678 2727 1738 2789 hac

991 2837 1092 2911 parte,
1108 2828 1147 2890 ad
1169 2826 1394 2909 complendum
1414 2834 1570 2908 prmcepta
1594 2824 1634 2887 de
1659 2824 1736 2904 lide,

356 2984 380 3035 Τ
402 2985 432 3035 rb
484 2984 490 2995 .
591 2986 607 3037 d
649 2987 665 3037 d
735 3001 741 3011 ³
990 2925 1115 2989 suflicit
1129 2925 1335 3003 credere,nec
1346 2922 1741 3005 oportetdiscuterehtta·

358 3001 399 3117 52
410 2989 741 3119 ,ezffilssanli'b‘lussna'
954 3028 1063 3090 Cmen
1089 3025 1209 3086 donum
1234 3022 1426 3099 intellectus,
1452 3040 1516 3102 qno
1540 3021 1580 3083 ad
1604 3040 1642 3083 ea
1669 3038 1739 3102 quse

359 3146 485 3199 Sectam
500 3146 560 3213 ipae
575 3106 687 3200 eibua.⁹
989 3122 1066 3185 lidei
1085 3130 1160 3184 sunt
1173 3120 1314 3202 aliquam
1329 3120 1484 3183 rationem
1498 3119 1664 3199 babemus,
1674 3136 1739 3182 non

989 3220 1178 3301 excluditur,
1186 3220 1252 3282 imo
1266 3218 1463 3281 includitur:
1477 3219 1515 3281 ad
1531 3218 1637 3280 minus
1651 3216 1738 3280 enim

183 3316 219 3378 ln
247 3334 312 3397 qno
340 3324 426 3398 patet
452 3316 673 3381 ardentissima
701 3316 874 3382 liberalitas
902 3327 933 3383 et
989 3320 1060 3383 ideo
1085 3319 1255 3399 credimus,
1276 3317 1428 3400 quoniam
1446 3336 1465 3379 a
1483 3318 1548 3380 llco
1567 3335 1637 3379 esse
1656 3316 1738 3379 hanc

184 3414 409 3477 liberalissima
433 3414 548 3477 caritas
571 3414 685 3478 Christi
714 3416 752 3479 ad
782 3435 851 3495 nos,
877 3418 932 3499 qui
988 3417 1087 3479 iidem
1112 3416 1280 3493 sentimus,
1296 3424 1330 3478 et
1347 3416 1423 3496 quia
1443 3414 1489 3477 sic
1509 3412 1611 3477 credit
1629 3421 1739 3476 sancta

184 3532 250 3576 non
266 3512 370 3575 solum
392 3512 550 3575 benelioia
571 3532 639 3593 sua,
656 3514 710 3577 sed
725 3522 758 3577 et
778 3534 812 3578 se
827 3516 932 3597 ipsum
987 3514 1140 3578 Ecclesia.
1164 3514 1280 3595 Sicqne
1304 3513 1389 3593 quod
1414 3513 1581 3590 dicitur,«
1607 3512 1676 3575 sola
1699 3510 1739 3573 li-

185 3609 332 3692 praestitit
347 3609 450 3689 nobiS,
466 3610 572 3674 ethoc
595 3612 704 3693 ntique
719 3620 783 3675 tam
798 3612 933 3695 mystico
989 3614 1044 3675 des
1065 3636 1093 3692 a,
1111 3630 1175 3677 non
1199 3612 1340 3675 excludit
1363 3610 1426 3672 nisi
1450 3610 1631 3673 evidentem
1656 3609 1738 3673 noti-

185 3716 217 3771 et
231 3697 548 3790 incomprehensibili
564 3709 669 3789 modo,
686 3719 721 3773 ut
735 3708 890 3773 subditur.
989 3711 1064 3775 tiam
1093 3710 1335 3788 credendorum,
1364 3725 1428 3771 non
1457 3706 1621 3770 caritatem
1653 3715 1737 3770 cete-

96 3829 115 3885 l
234 3808 373 3869 Verbum
407 3826 495 3877 caro,
525 3804 557 3869 id
588 3814 637 3869 θεῖ
663 3807 850 3890 Unigenitus
877 3808 932 3872 llei
988 3828 1102 3891 rasquc
1117 3807 1250 3871 virtutes
1264 3826 1301 3870 ac
1317 3808 1400 3870 dona
1413 3814 1555 3888 etopera
1569 3804 1663 3868 hona.

185 3904 290 3967 lactus
305 3904 412 3981 homo,
429 3912 523 3986 prout
536 3904 596 3969 hoo
612 3905 645 3967 in
661 3906 800 3970 seeundo
816 3908 933 3991 hymno
1029 3912 1171 3970 Tantum
1194 3926 1270 3984 erqo
1289 3914 1541 3993 sacramentum,
1560 3902 1735 3986 presertim

75 4040 98 4081 p.
112 4024 168 4069 aaa.
184 4002 364 4085 expositum
383 4010 574 4079 astitricem
594 4024 720 4075 verum,
735 4004 767 4067 id
786 4013 833 4067 θεῖ
853 4006 934 4069 veri·
988 4005 1019 4067 id
1035 4006 1120 4087 quod
1137 4012 1186 4067 est
1205 4024 1255 4067 res
1275 4012 1307 4067 et
1325 4009 1569 4082 sacramentum,
1585 4002 1736 4065 videlicet

184 4110 247 4164 tate
268 4107 390 4163 naturae
411 4108 443 4162 et
461 4118 575 4181 panem
596 4101 768 4181 triticeum,
784 4104 838 4185 qni
861 4123 933 4187 pro-
988 4122 1103 4186 oorpus
1127 4112 1160 4166 et
1187 4102 1375 4184 sanguinem
1401 4100 1583 4178 Salvatoris,
1610 4100 1737 4182 potissi-

183 4198 252 4281 prie
267 4196 360 4281 panis
382 4204 430 4261 est
448 4198 614 4261 hominurn
629 4201 736 4283 (porro
757 4220 806 4265 res
827 4212 931 4267 creata
948 4203 973 4265 D
987 4222 1075 4266 mum
1105 4210 1205 4267 totum
1239 4201 1408 4277 Christum,
1438 4200 1538 4262 ileum
1566 4218 1677 4262 verum
1703 4205 1737 4263 et

183 4296 301 4361 dicitur
325 4314 401 4359 vera
425 4296 557 4361 veritate
582 4306 701 4361 nature
729 4318 785 4362 seu
814 4300 870 4381 rei,
897 4302 930 4365 in
988 4302 1163 4381 hominem,
1184 4300 1244 4363 sub
1265 4297 1548 4363 sacramentalibus
1566 4296 1735 4379 speciebus

182 4404 338 4479 quantum
357 4394 452 4458 habet
472 4402 618 4457 naturam
643 4396 803 4479 propriam
830 4418 933 4465 corre-
988 4400 1150 4477 latentam,
1167 4406 1352 4463 contentum
1375 4404 1408 4459 et
1429 4394 1667 4476 consistentem,
1684 4416 1734 4456 ve·

183 4494 393 4577 spondentem
418 4493 533 4557 rationi
552 4493 645 4557 ideali
665 4513 761 4576 quam
779 4496 875 4561 habet
899 4498 932 4564 in
988 4518 1144 4561 iterentur
1157 4498 1284 4566 cernui,
1301 4494 1389 4558 cultu
1403 4494 1502 4557 latriae
1516 4494 1619 4575 quoad
1637 4493 1736 4557 deita-

183 4600 290 4656 mente
305 4591 541 4674 sapientissima
554 4590 734 4672 Creatoris),
751 4598 845 4657 verbo
861 4617 933 4657 car·
987 4608 1064 4678 tem,
1079 4596 1230 4676 cultuque
1244 4593 1438 4677 hyperduliae
1452 4601 1606 4673 qnantum
1626 4594 1665 4655 ad
1680 4612 1735 4655 na·

184 4712 254 4752 aem
271 4692 389 4769 efficit,
405 4689 437 4752 id
452 4698 510 4770 est,
527 4691 587 4754 sub
601 4700 686 4755 certa
701 4692 803 4757 lorma
822 4694 933 4759 verbo-
988 4706 1092 4761 turam
1106 4694 1278 4757 humanam
1293 4699 1543 4775 assumptam30t
1558 4693 1734 4771 antiquum

184 4808 255 4852 rum
287 4788 445 4852 convertit
477 4788 510 4851 in
543 4808 658 4872 corpus
691 4810 783 4855 sunm
821 4816 828 4853 :
862 4812 932 4875 quae
988 4791 1267 4863 documentum,id
1282 4798 1331 4853 θεῖ
1343 4789 1489 4853 doctrina
1503 4789 1619 4852 veteris
1633 4789 1736 4852 Testa·

185 4887 353 4951 conversio
373 4894 420 4949 est
439 4887 531 4951 valde
557 4890 805 4971 supernaturalis
830 4900 861 4953 et
885 4892 934 4954 in·
989 4892 1088 4955 menti
1114 4892 1153 4953 dc
1178 4888 1347 4953 sacrificiis
1370 4887 1479 4966 variis,
1495 4887 1669 4969 presertim
1694 4887 1734 4950 de

185 4992 360 5065 stantanca,
376 5004 440 5067 qua
453 5004 552 5048 unum
567 4988 786 5068 praeexsistens
805 5009 933 5053 conver·
989 4990 1207 5054 immolatione
1234 4988 1308 5069 agni
1336 4986 1507 5069 paschalis,
1532 5007 1614 5047 novo
1641 4990 1734 5047 cedat

185 5084 263 5147 titur
277 5083 311 5145 in
325 5083 412 5147 aliud
426 5084 784 5167 precisistanssseqte
798 5093 934 5167 sanquis
990 5091 1087 5159 ritui,
1103 5088 1135 5150 id
1160 5094 1218 5164 est,
1236 5104 1332 5149 sacrae
1356 5084 1565 5148 observantie
1584 5084 1659 5147 novi
1678 5084 1735 5145 Te-

186 5184 312 5244 certati
329 5202 469 5255 merum,
484 5182 516 5245 id
535 5192 593 5263 est,
609 5184 719 5247 vinum
739 5187 934 5250 convertitur
990 5186 1138 5251 stamenti
1163 5184 1285 5248 delerat
1309 5185 1476 5264 locumque
1500 5190 1637 5266 praestet,
1657 5200 1736 5263 qno-

187 5279 222 5343 in
236 5278 423 5361 sanguinem
437 5280 552 5344 Christi
567 5280 626 5345 sub
641 5282 743 5347 torma
762 5284 932 5349 verborum
990 5285 1077 5348 niam
1097 5283 1256 5347 sacrificia
1280 5282 1395 5365 legalia
1413 5282 1447 5343 in
1466 5281 1562 5362 hujus
1581 5280 1733 5344 sacrificii

310 5412 344 5467 Τ.
362 5414 402 5464 35.
1594 5417 1609 5467 5

358 2906 420 2955 Rex
437 2903 516 2955 sedet
530 2905 558 2955 in
574 2905 669 2967 Coena,
