4309 6259
420 478 479 543 324
968 490 1059 538 nona
1080 488 1120 537 ou
1140 488 1288 537 cassiana
1310 488 1417 535 nounu

460 665 556 729 Notas
575 665 654 729 fecit
669 664 738 728 vias
759 683 832 727 suas
851 661 958 745 Moysi,
975 661 1053 724 filiis
1070 660 1167 724 lsrael
1182 661 1207 723 Α
1223 668 1297 722 runt
1311 679 1403 722 crura
1417 658 1508 739 ejus3
1525 658 1678 721 sedunus
1699 657 1835 720 militurn
1858 658 1971 721 lancea

422 767 601 829 voluntates
617 784 701 827 suas.
801 764 805 773 '

1222 759 1304 819 fatus
1318 757 1388 838 ejus
1404 757 1538 839 aperuit,
1555 764 1587 819 et
1605 757 1756 820 continuo
1777 756 1876 819 exivit
1899 775 1971 818 san-

462 863 624 926 ftfiserator
637 870 669 925 et
682 861 864 924 misericors
879 858 1042 939 Dominus,
1059 859 1167 939 longa·
1221 856 1293 938 guis
1314 864 1346 918 et
1366 875 1458 937 aqua.

423 961 521 1024 nimis
535 969 567 1025 et
580 962 716 1024 muitum
732 959 925 1022 misericors.

1495 956 1694 1030 Capitulum.

462 1058 530 1124 Non
550 1060 584 1123 in
609 1068 799 1142 perpetuum
824 1058 989 1135 irascetur,
1005 1074 1109 1137 neque
1134 1055 1166 1115 in
1261 1052 1412 1115 Dixerunt
1439 1052 1529 1134 impii
1560 1076 1566 1113 :
1597 1052 1892 1115 circumveniamus
1920 1052 2083 1137 Ju-sw„¹

421 1166 574 1221 aeternum
597 1156 855 1220 comminabitur.

1222 1159 1306 1213 stum
1321 1151 1451 1233 injuste,
1467 1150 1618 1230 quoniam
1633 1150 1810 1213 contrarius
1824 1158 1873 1213 est
1894 1168 1969 1231 ope
1983 1148 2011 1249 ἰζ
2023 1149 2048 1249 22
2061 1152 2083 1191 ¹⁵·

460 1255 529 1319 Non
545 1255 721 1318 secundum
740 1262 870 1335 peccata
888 1259 995 1316 nostra
1014 1250 1092 1313 fecit
1112 1268 1168 1312 no·
1223 1249 1310 1312 ribus
1335 1248 1462 1312 nostris.
1483 1248 1639 1311 Promittit
1663 1268 1696 1311 se
1721 1247 1888 1311 scientiam
1915 1247 1968 1309 Dei

421 1355 482 1434 bis,
504 1372 608 1435 neque
632 1353 808 1416 secundum
833 1351 1016 1432 iniquitates
1044 1357 1166 1411 nostras
1222 1348 1350 1425 babere,
1366 1354 1399 1408 et
1415 1346 1530 1408 Filium
1548 1346 1605 1409 Dei
1625 1365 1658 1408 se
1683 1346 1846 1421 nominat,
1863 1345 1971 1427 gravis

421 1452 570 1516 retribuit
590 1451 695 1515 nobis.

1222 1454 1271 1509 est
1285 1445 1376 1509 nobis
1392 1445 1488 1508 etiarn
1504 1445 1541 1508 ad
1556 1445 1748 1508 videndum:
1766 1443 1971 1507 contumeliis

461 1550 615 1625 Quoniam
641 1549 816 1612 secundum
836 1546 1037 1609 altitudinem
1056 1544 1130 1607 coeli
1150 1564 1168 1607 a
1223 1552 1255 1607 et
1273 1543 1439 1606 tormentis
1459 1543 1689 1624 interrogemus
1709 1562 1794 1620 eum,
1817 1550 1849 1604 et
1868 1550 1971 1605 morte

421 1658 515 1727 terra,
545 1645 763 1711 corroboravit
795 1644 1049 1708 misericordiam
1077 1661 1168 1705 suam
1223 1640 1406 1723 turpissima
1428 1640 1676 1703 condemnemus
1698 1659 1781 1703 eum.

422 1765 518 1828 super
533 1745 681 1808 timentes
696 1764 741 1807 se.

1263 1760 1295 1815 n.
1313 1739 1376 1803 Deo
1390 1739 1520 1820 gratias.

461 1843 618 1918 Quantum
633 1843 729 1905 distat
742 1850 831 1905 ortus
845 1841 885 1903 ab
907 1840 1083 1916 occidente,
1102 1836 1208 1900 fon-B
1263 1858 1295 1913 n.
1317 1837 1458 1901 Christus
1477 1856 1589 1919 passus
1609 1845 1657 1899 est
1676 1856 1733 1919 pro
1752 1836 1893 1919 peccatis
1920 1855 1973 1900 no
1995 1864 2062 1907 rut..
2074 1878 2090 1909 t,

422 1961 461 2023 ge
475 1941 553 2005 fecit
567 1940 692 2004 anobis
707 1939 890 2021 iniquitates
905 1946 1038 2001 nostras.

1225 1936 1310 2017 stris,
1326 1935 1431 2017 justus
1456 1954 1513 2017 pro
1538 1935 1680 2016 injustis,
1696 1944 1732 1997 ut
1756 1952 1814 1998 nos
1838 1930 2089 2021 offerret32³¹“·¹³=

462 2039 625 2114 Quomodo
640 2038 809 2101 miseretur
830 2046 919 2119 pater
940 2037 1093 2112 filiorum,
1112 2034 1170 2096 rni-
1224 2034 1299 2111 Deo,
1325 2033 1505 2114 deglutiens
1526 2042 1672 2113 mortem,
1692 2035 1713 2113 †
1735 2033 1773 2096 Ut
1790 2032 1865 2096 vitae
1883 2042 1974 2096 aeter·

424 2146 527 2201 sertus
551 2146 600 2199 est
623 2136 776 2199 Dominus
801 2135 987 2197 timentibus
1009 2152 1042 2196 se
1064 2157 1071 2194 ε
1093 2150 1170 2213 quo
1225 2152 1273 2195 nae
1288 2131 1491 2194 efficeremur
1505 2131 1648 2193 heredes.

423 2238 511 2299 niam
526 2236 595 2318 ipse
609 2234 759 2316 cognovit
773 2232 964 2315 figmentum
979 2240 1134 2295 nostrum.

463 2336 655 2400 Recordatus
677 2341 725 2395 est
743 2331 894 2413 quoniam
912 2332 1019 2415 pulvis
1038 2349 1168 2407 sumus3
1226 2349 1319 2393 suum
1334 2328 1535 2410 unigenitum
1549 2327 1648 2390 daret.
1665 2328 1702 2391 Ut
1716 2328 1798 2391 vita.

1265 2241 1297 2293 t.
1314 2229 1365 2292 Sic
1384 2229 1466 2291 Deus
1485 2228 1595 2291 dilexit
1614 2229 1779 2309 mundum,
1796 2237 1832 2291 nt
1857 2230 1974 2293 Filium
1999 2258 2094 2304 amm,

423 2436 520 2497 bomo
545 2433 628 2495 sieut
650 2430 774 2494 foenum
798 2429 866 2493 dies
889 2430 960 2510 ejus
987 2453 993 2490 ε
1020 2437 1170 2510 tanquam
1265 2437 1298 2491 r.
1313 2426 1419 2490 Gloria
1433 2426 1526 2489 Patri.
1540 2425 1688 2488 Heredes.

423 2532 487 2595 flos
501 2530 569 2612 agri
584 2529 631 2592 sie
645 2527 818 2591 efflorebit.

464 2629 617 2704 Quoniam
632 2626 763 2709 spiritus
777 2626 981 2708 pertransibit
1001 2624 1035 2686 in
1057 2624 1172 2704 i110,·et

424 2746 488 2790 non
514 2725 675 2805 subsistet,
695 2733 727 2787 et
749 2742 814 2787 non
839 2730 1010 2805 cognoscet
1033 2720 1171 2803 amplius

424 2825 530 2889 locum
553 2843 657 2887 suurn.

464 2921 680 2986 Misericordia
694 2929 800 2984 autem
814 2919 940 2983 Domini
955 2919 995 2981 ab
1009 2926 1127 2981 aeterno
1142 2924 1174 2980 et

428 3021 576 3101 usquein
591 3027 744 3082 aeternum
760 3037 856 3100 super
869 3017 1016 3079 timentes
1031 3034 1117 3078 eum.
1189 3022 1211 3085 c

466 3120 504 3181 Et
521 3118 645 3199 justitia
665 3116 753 3178 illius
778 3116 812 3176 in
837 3114 923 3177 filios
948 3113 1102 3192 filiorum,
1123 3112 1174 3174 bis

428 3217 482 3299 qui
503 3223 632 3279 servant
652 3220 876 3277 testamentum
897 3211 978 3293 ejus.

466 3315 505 3378 Et
532 3331 689 3376 memores
715 3320 788 3375 sunt
811 3311 1032 3374 mandatorum
1062 3309 1173 3392 ipsius,

430 3415 469 3477 ad
490 3412 672 3476 faciendum
694 3430 743 3473 ea.

467 3511 619 3575 Dominus
640 3510 674 3571 in
696 3508 778 3572 coelo
796 3508 921 3590 paravit
939 3507 1047 3569 sedern
1072 3525 1174 3585 suam,

322 3662 328 3670 .
428 3618 460 3673 et
474 3628 607 3690 regnum
621 3607 722 3689 ipsius
736 3605 885 3669 omnibus
900 3603 1127 3667 dominabitur.

467 3705 649 3771 Benedicite
671 3703 815 3782 Domino,
836 3702 942 3783 angeli
961 3701 1043 3783 ejus,
1066 3709 1178 3783 poten-

427 3814 476 3869 tes
491 3805 619 3883 virtute,
635 3804 789 3867 facientes
804 3801 1052 3881 verbumillius,
1068 3802 1108 3863 ad
1123 3821 1177 3863 au-

434 3904 583 3967 diendam
598 3920 710 3965 vocem
725 3919 909 3963 sermonum
923 3900 1006 3981 ejus.

469 4000 652 4064 Benedicite
666 3999 931 4076 Domino,omnes
941 3998 1081 4061 Virtutes
1096 3997 1176 4078 ejus,

432 4097 571 4161 ministri
586 4096 668 4177 ejus,
684 4096 739 4178 qui
755 4095 861 4158 facitis
880 4095 1074 4158 voluntatem
1094 4095 1176 4176 ejus.

1517 2526 1679 2601 Hymnus.

1367 2622 1471 2700 Salve,
1487 2621 1560 2683 lesu
1575 2640 1698 2684 summe
1713 2621 1831 2699 bonus,

1347 2720 1393 2782 Ad
1409 2720 1603 2801 parcendum
1618 2720 1714 2781 nimis
1729 2739 1862 2801 pronus.

1348 2820 1413 2881 'lua
1428 2817 1571 2880 membra
1584 2818 1624 2879 ad
1639 2825 1797 2881 tormenta

1347 2917 1445 2991 Quam
1460 2918 1573 2979 acerbe
1588 2924 1662 2978 sunt
1676 2917 1826 2996 distenta,

1348 3016 1382 3077 ln
1397 3033 1484 3077 ramo
1499 3014 1603 3077 crucis
1618 3014 1756 3077 torrida!

1370 3112 1472 3193 Salve,
1490 3113 1571 3175 latus
1586 3112 1770 3193 Salvatoris,

1348 3212 1382 3273 ln
1397 3229 1460 3293 quo
1475 3212 1551 3274 latet
1564 3212 1626 3273 mel
1642 3211 1793 3291 dulcoris,

1350 3310 1384 3373 ln
1398 3328 1462 3391 quo
1476 3317 1563 3392 patet
1576 3310 1626 3372 vis
1640 3310 1769 3388 amoris,

1351 3409 1393 3470 De
1408 3427 1471 3488 qno
1486 3416 1586 3471 scatet
1598 3407 1671 3471 fons
1686 3409 1822 3489 cruoris,

1350 3505 1406 3579 Qui
1424 3506 1519 3568 corda
1533 3505 1611 3567 lavit
1626 3505 1763 3569 sordida.

1370 3604 1452 3666 Tuas
1467 3604 1575 3685 plagas
1590 3604 1795 3683 rubicundas,

1349 3702 1388 3764 Et
1402 3700 1521 3764 fixuras
1537 3710 1601 3764 tarn
1615 3701 1802 3784 profundas,

1351 3799 1442 3863 Cordi
1458 3817 1529 3863 meo
1543 3800 1584 3861 da
1599 3800 1743 3879 inscribi,

1351 3897 1389 3960 Ut
1404 3896 1549 3979 configar
1564 3906 1649 3960 totus
1665 3898 1734 3976 tibi,

1353 3996 1395 4059 Te
1409 3995 1512 4059 modis
1526 3995 1659 4057 laudans
1673 3996 1835 4060 omnibus.

1371 4094 1452 4156 Laus
1467 4092 1623 4157 crucifixo
1637 4094 1716 4158 Filio

1353 4190 1494 4254 Salvanti
1510 4191 1549 4253 ab
1564 4190 1687 4269 exsilio,

1354 4291 1400 4353 Sit
1414 4308 1488 4353 cum
1502 4290 1591 4353 Patre
1605 4293 1808 4373 praemando

1248 4448 1252 4459 ,
1353 4386 1548 4470 Spirituiquc
1564 4387 1735 4468 adorando,

1353 4486 1391 4549 Et
1404 4486 1518 4567 jungat
1531 4503 1590 4548 nos
1605 4486 1800 4549 coelestibus.
1816 4489 1943 4554 Amen.

301 4620 342 4663 p,
363 4632 418 4669 exn.
473 4588 611 4650 Laudato
633 4584 815 4662 Dominum,
832 4604 943 4648 omnes
964 4583 1180 4664 gentes31au-
1274 4594 1306 4646 r.
1323 4583 1402 4659 Quid
1418 4583 1591 4646 retribuam
1605 4583 1749 4647 Domino.
2009 4608 2108 4655 affin

288 4686 334 4733 ¹=²=
433 4687 506 4748 date
520 4704 605 4762 cum,
622 4703 734 4747 omnes
749 4684 870 4766 populi.
1273 4701 1306 4756 n.
1322 4681 1380 4744 Pro
1394 4680 1542 4744 omnibus
1557 4700 1627 4761 quae
1642 4680 1790 4743 retribuit
1804 4682 1905 4747 mibi.

472 4783 625 4859 Quoniam
641 4782 830 4846 confirmata
844 4788 892 4844 est
906 4800 1002 4863 super
1016 4799 1074 4844 nos
1088 4781 1181 4844 mise
1273 4783 1327 4842 Ad
1341 4777 1531 4859 Magnificat,
1548 4783 1627 4841 Ant.
1644 4779 1772 4860 Proprio
1787 4779 1885 4845 Filio.

431 4881 571 4944 ricordia
584 4880 665 4962 ejus,
681 4889 714 4942 et
732 4879 849 4942 veritas
869 4879 995 4943 Domini
1016 4888 1124 4942 manet
1145 4880 1178 4942 in
1260 4879 1430 4939 Canticum
1446 4878 1637 4937 beatusimoe
1661 4879 1806 4955 Virpinis
1820 4881 1968 4944 Marica.

431 4988 596 5043 aeternum.
1272 4974 1454 5057 Magnificat
1467 4975 1576 5037 anima
1590 4994 1660 5037 mea
1675 4974 1862 5040 Dominum.
2018 5003 2113 5047 rata-

471 5076 578 5141 Gloria
591 5075 685 5137 Patri.
1272 5074 1310 5136 Et
1331 5073 1500 5137 exsultavit
1521 5072 1652 5155 spiritus
1667 5092 1757 5136 meus
1773 5073 1808 5136 in
1823 5075 1898 5141 Deo
1915 5078 1998 5143 saiu-
2011 5072 2042 5111 ⁵⁵·

285 5201 418 5251 reanum„
471 5178 550 5238 Ant.
567 5174 614 5235 ad
629 5174 736 5235 lesum
750 5191 848 5253 quum
863 5172 1028 5236 venissent
1045 5172 1175 5255 militas,
1232 5172 1291 5235 tari
1313 5190 1395 5235 meo.

260 5266 294 5316 ³³¹
308 5267 342 5307 ³⁴·
431 5282 467 5337 ut
480 5274 630 5337 viderunt
643 5291 716 5335 enm
730 5271 796 5352 jam
811 5279 981 5350 mortuum,
995 5290 1058 5335 non
1073 5270 1177 5353 frege-
1272 5270 1349 5343 Quia
1364 5269 1502 5351 respexit
1516 5269 1728 5332 bumilitatem
1743 5270 1877 5337 ancillae
1900 5294 1970 5340 suae
1988 5300 1995 5339 :

473 4195 655 4258 Benedicite
679 4193 824 4274 Domino,
842 4192 950 4257 omnia
973 4211 1071 4275 opera
1095 4193 1219 4273 ejus,D

434 4294 468 4356 in
489 4292 577 4357 omni
590 4292 661 4355 loco
675 4291 901 4355 dominationis
922 4292 993 4372 ejus
1006 4313 1014 4367 ς
1030 4291 1177 4371 benedic,

433 4391 540 4456 anima
561 4409 642 4469 mea,
658 4388 804 4453 Domino.

679 4491 834 4551 Psalmus
849 4491 932 4549 116.
