4309 6259
660 496 817 547 aarosmo
836 496 944 543 llSSAE.
967 514 1008 526 -
1027 496 1097 543 aar.
1121 497 1156 544 lfl
1627 484 1686 547 333

147 668 201 732 nisi
223 686 280 750 per
304 673 470 749 peccatum
496 668 639 747 mortale,
661 668 746 749 quod
771 668 883 730 carita·
897 667 922 730 Α
939 677 1031 737 runt,
1046 677 1077 728 et
1094 671 1165 729 ideo
1179 670 1285 728 sancti
1298 668 1684 743 erunt.Quemadmodum

146 776 213 843 tem,
228 784 298 847 que
312 772 361 827 cst
381 766 447 827 vita
465 765 590 844 anime,
606 766 789 847 exstinguit.
806 766 884 828 llor-
938 765 1108 847 Dionysius
1130 767 1184 845 ait,
1209 774 1353 829 sanctum
1375 776 1516 846 vocatur,
1540 787 1578 831 eo
1602 770 1684 849 quod
1714 796 1743 841 n„
1760 796 1830 841 nisan,

146 865 202 927 tale
223 882 298 926 vero
328 873 495 945 peccatum
524 864 699 926 incurritur
724 884 781 947 per
807 882 884 945 prae
938 864 1131 928 admixtione
1145 865 1276 927 macula
1290 866 1579 948 careat,omnisque
1594 872 1826 963 terre-23³¹·⁰·'¹¹¹·

146 962 364 1025 varicatiouem
386 961 487 1023 divini
509 962 669 1043 praecepti.
686 962 787 1036 Quum
810 979 885 1042 ergo
940 981 988 1023 nae
1007 962 1190 1044 cupiditatis
1212 970 1243 1025 et
1262 964 1414 1026 mundani
1434 973 1528 1045 atque
1550 964 1686 1027 carnalis
1730 953 1735 965 '

148 1060 281 1123 Christus
302 1058 362 1121 hoc
387 1057 624 1120 divinissimum
650 1059 811 1122 celebrare
837 1078 885 1120 sa-
940 1060 1057 1123 amoris
1072 1060 1260 1142 contagione
1282 1060 1434 1141 privetur.
1452 1062 1512 1124 Sed
1527 1062 1613 1125 dicet
1631 1062 1687 1125 ali-

149 1163 338 1220 cramentum
353 1154 386 1216 in
400 1155 450 1217 sui
462 1156 699 1234 memoriam,id
714 1164 761 1217 est
776 1154 809 1215 in
825 1173 886 1216 me·
941 1157 1012 1238 quis
1036 1157 1134 1232 :Quis
1156 1158 1228 1220 talis
1249 1177 1319 1220 esse
1340 1158 1373 1221 in
1395 1159 1453 1222 hac
1475 1160 1539 1223 vita
1559 1160 1686 1242 poterit,

147 1255 273 1318 moriam
288 1271 353 1315 sue
367 1252 491 1315 eximie
510 1253 651 1315 caritatis
665 1254 704 1315 ad
720 1271 778 1315 nos
792 1260 886 1333 atque
942 1256 974 1316 in
999 1274 1062 1335 qua
1087 1256 1112 1317 si
1137 1256 1311 1318 dixerimus
1334 1258 1409 1338 quia
1433 1267 1598 1339 peccatum
1622 1278 1685 1323 uon
1700 1284 1834 1337 trunam.

148 1352 351 1416 acerbissimae
376 1359 408 1412 et
432 1350 761 1415 contumeliosissimo
787 1350 887 1432 passi·
942 1353 1107 1431 habemus,
1137 1371 1195 1416 uos
1224 1353 1310 1434 ipsos
1342 1354 1534 1435 seducimus,
1564 1357 1598 1418 in
1625 1377 1688 1439 qua

44 1477 92 1517 iar.
109 1486 134 1523 ιι,
147 1452 211 1515 onis
233 1468 292 1532 pro
314 1448 419 1527 nohis,
445 1450 641 1531 preceperit,
668 1449 789 1526 dicens,
815 1448 887 1510 llaec
942 1449 1074 1531 insuper
1093 1451 1197 1531 J'ustus
1220 1450 1253 1512 iu
1272 1452 1324 1515 die
1346 1454 1462 1533 septies
1484 1453 1590 1517 caditl
1609 1454 1687 1517 Nam
1701 1482 1833 1535 rmum

54 1541 89 1586 ’ἢ
147 1548 402 1631 quotiescumque
425 1546 576 1627 feceritis,
604 1547 637 1608 in
661 1547 725 1609 mei
750 1565 888 1610 comme·
942 1548 1110 1611 Salomone
1133 1556 1278 1627 testante,
1295 1568 1358 1612 non
1379 1558 1427 1612 est
1441 1551 1536 1614 bomo
1557 1552 1590 1613 in
1606 1561 1688 1616 terra
1703 1548 1776 1651 ¹2:0⁶,
1797 1621 1825 1651 n·

146 1644 348 1709 morationem
376 1644 523 1721 facietis3
549 1645 703 1708 elucescit
730 1646 813 1726 quod
840 1663 889 1706 sa-
942 1645 996 1726 qni
1024 1645 1121 1707 faciat
1143 1646 1274 1724 bonum,
1300 1656 1331 1709 et
1352 1665 1415 1709 non
1436 1658 1557 1729 peccet.
1577 1650 1616 1712 Et
1641 1671 1736 1715 reu.
1778 1640 1784 1651 ’
1828 1640 1833 1660 '

146 1744 250 1807 cerdos
269 1742 339 1804 sine
357 1742 505 1824 predicta
525 1743 640 1805 Christi
662 1743 816 1806 memoria
837 1761 888 1804 ce·
944 1744 1176 1825 spondendum,
1193 1746 1278 1825 quod
1297 1745 1447 1809 sanctitas
1463 1747 1557 1809 rebus
1572 1750 1690 1813 adscri-

146 1841 431 1920 febraus,divinum
442 1850 634 1923 preceptum
646 1841 885 1922 transgreditur,
906 1842 929 1904 B
944 1842 1030 1905 bitur
1044 1842 1219 1904 secundum
1234 1841 1424 1923 exigentiam
1439 1853 1470 1907 et
1484 1846 1690 1927 capacitatem

146 1950 175 2003 et
187 1959 261 2022 ergo
271 1939 445 2002 mortaliter
459 1947 579 2021 peccat.
587 1940 632 2002 Ex
643 1958 706 2021 quo
718 1939 889 2003 innotescit
945 1948 1043 2002 status
1067 1960 1187 2003 earum.
1214 1941 1296 2004 Deus
1320 1942 1406 2004 enim
1431 1943 1618 2008 benedictus
1643 1967 1692 2009 es·

146 2059 199 2101 cur
211 2037 425 2102 communiter
445 2038 562 2100 dicitur
582 2038 666 2119 quod
687 2038 727 2100 ad
749 2038 889 2101 celebra·
944 2039 1119 2101 sentialiter
1139 2048 1172 2101 et
1192 2040 1330 2102 totaliter
1350 2050 1478 2103 sanctus
1497 2052 1553 2106 est.
1576 2044 1691 2109 Omnes

146 2138 272 2214 tionem,
289 2137 354 2199 imo
368 2136 453 2199 etad
468 2136 738 2216 communionem,
755 2136 889 2199 actualis
944 2156 1019 2199 vero
1037 2137 1123 2200 Beati
1144 2137 1177 2199 iu
1197 2137 1310 2220 patria,
1331 2138 1477 2219 quamvis
1496 2159 1560 2205 uon
1584 2162 1692 2207 esseu-

145 2236 267 2299 devotio
295 2235 449 2316 exigatur,
479 2243 511 2296 et
538 2234 598 2297 lroc
626 2234 665 2297 de
701 2234 889 2297 necessitate
944 2234 1063 2297 tialiter
1089 2236 1143 2297 sed
1172 2236 1391 2319 participative
1420 2238 1520 2302 sancti
1544 2240 1618 2321 siut,
1646 2242 1691 2305 sic

146 2334 303 2417 precepti,
320 2334 365 2395 ita
379 2342 414 2395 ut
427 2332 603 2395 mortaliter
617 2340 728 2413 peccet
747 2332 802 2414 qui
818 2352 888 2395 eam
944 2339 1050 2394 tumen
1066 2332 1166 2394 sancti
1184 2335 1533 2415 suntquemadmodum
1549 2349 1691 2402 sanctum

146 2431 317 2497 nonhabet
331 2431 365 2493 in
385 2430 454 2512 ipsa
475 2429 688 2493 celebratione
707 2430 807 2493 divini
823 2450 889 2512 my·
944 2430 1039 2493 modo
1066 2429 1236 2492 definitum
1265 2440 1313 2494 est
1339 2454 1345 2492 :
1371 2432 1491 2497 nullius
1515 2438 1601 2499 enim
1627 2457 1692 2501 ma-

146 2529 239 2592 sterii.
252 2530 406 2593 Praedicta
420 2528 507 2591 enim
521 2527 675 2591 memoria
689 2528 758 2591 siue
772 2527 889 2591 actuali
944 2526 1024 2590 culte
1043 2526 1093 2589 vel
1116 2527 1303 2591 inordinatae
1323 2529 1504 2594 allectionis
1519 2533 1622 2597 lahem
1637 2537 1691 2599 ha-

144 2628 310 2692 devotione
325 2626 435 2689 haberi
450 2626 562 2707 nequit
576 2625 610 2687 in
624 2645 662 2689 eo
681 2626 736 2708 qui
755 2625 889 2708 gratiam
944 2626 1030 2702 hent,
1047 2644 1107 2687 nec
1126 2625 1243 2689 hahere
1262 2636 1405 2709 possunt,
1422 2647 1521 2710 quum
1536 2632 1601 2694 siut
1616 2652 1692 2697 cnu-

145 2726 326 2788 habetflaec
338 2744 476 2806 namque
490 2724 762 2806 memoria,quum
772 2743 837 2787 non
849 2725 891 2787 sit
944 2723 1063 2787 firmati
1093 2724 1126 2785 iu
1154 2723 1248 2788 hono.
1279 2724 1431 2788 Omnibus
1459 2736 1564 2792 autem
1599 2731 1691 2795 honis

145 2824 204 2886 nisi
223 2823 401 2905 recognitio
421 2822 653 2886 beneficiorum
677 2822 890 2905 bonitatisque
944 2822 1131 2885 Christianis
1159 2841 1195 2885 ac
1221 2841 1295 2885 vere
1323 2823 1474 2887 fidelibus
1503 2828 1562 2891 froc
1591 2839 1692 2895 exstat

145 2922 269 3003 Christi,
286 2921 491 2985 dilectionem
510 2921 656 2985 accendit
669 2946 675 2983 :
690 2922 819 2986 dilectio
837 2941 887 2984 ve·
944 2939 1125 2998 commune,
1155 2921 1239 3002 quod
1274 2922 1454 2986 mortalium
1484 2935 1688 3007 peccatorum

145 3040 178 3083 ro
191 3021 395 3084 devotionem
409 3018 544 3098 inducit,
553 3020 638 3082 sicut
651 3028 814 3084 ostensum
828 3028 886 3083 est.
907 3019 929 3082 C
945 3017 1092 3079 sordibus
1107 3022 1272 3093 carent,eo
1287 3017 1370 3097 quod
1385 3036 1474 3082 amor
1488 3020 1589 3083 divini
1606 3042 1691 3085 sum-

182 3119 336 3200 llenique,
353 3118 501 3200 quamvis
523 3117 584 3181 ista
602 3118 730 3181 devotio
749 3118 891 3181 volunta·
945 3114 1053 3196 mique
1081 3114 1157 3177 boni
1187 3113 1219 3174 in
1247 3115 1294 3177 eis
1322 3118 1541 3198 praeponderet
1572 3128 1694 3203 tempo-

144 3217 183 3278 tis
196 3218 235 3280 ad
246 3217 345 3298 digne
353 3216 400 3296 (id
415 3224 464 3279 est
477 3216 653 3295 meritorie)
664 3215 889 3279 celebrandurn
945 3212 1060 3276 ralium
1090 3230 1196 3275 rerum
1224 3211 1335 3290 amori,
1361 3214 1506 3296 quamvis
1532 3217 1691 3281 interdum

145 3314 295 3394 sufficiat,
304 3333 368 3378 non
383 3322 489 3379 tamen
504 3315 645 3397 perfecta
659 3322 783 3393 estnec
797 3315 891 3377 debet
946 3311 980 3373 in
1001 3311 1095 3372 rebus
1116 3309 1246 3372 caducis
1268 3309 1446 3375 inordinate
1467 3322 1499 3375 ot
1516 3315 1589 3396 plus
1606 3317 1694 3398 justo

145 3414 292 3477 sacerdos
305 3432 344 3476 ea
361 3432 432 3475 esse
451 3421 632 3476 contentus.
648 3413 706 3487 Qui
725 3412 812 3475 enim
831 3412 890 3475 hac
945 3407 1133 3472 alliciantur
1155 3426 1192 3471 ac
1220 3408 1427 3473 delectentur.
1454 3412 1549 3476 Porro
1574 3417 1693 3478 sanctis

145 3512 282 3593 simplici
297 3512 467 3575 devotione
481 3518 650 3575 contentus
664 3519 723 3590 est,
731 3512 891 3575 modicum
946 3507 1025 3570 viris
1044 3506 1076 3569 id
1096 3506 1261 3587 proprium
1280 3515 1338 3585 est,
1359 3508 1443 3589 quod
1463 3510 1602 3575 venialia
1620 3532 1695 3595 pec-

145 3630 223 3692 saepe
248 3610 393 3672 fructum
417 3627 455 3671 er
479 3607 693 3672 celebratione
717 3618 857 3691 reportat
881 3634 888 3671 ε
947 3613 1016 3667 cata
1031 3611 1095 3667 tota
1110 3603 1276 3684 diligentia
1291 3605 1419 3667 student
1432 3624 1555 3686 cavere,
1573 3616 1604 3671 et
1624 3628 1695 3690 que

145 3706 206 3771 imo
220 3717 253 3771 et
270 3708 486 3791 negligentias
506 3707 623 3771 multas
642 3727 725 3789 sepe
744 3707 889 3786 incurrit,
948 3720 1061 3765 cavere
1083 3699 1248 3781 sigillatim
1272 3719 1337 3763 non
1362 3703 1477 3783 valent,
1498 3703 1696 3771 incessanter

144 3806 368 3871 distractiones
390 3806 636 3889 phantasiasque
663 3806 818 3888 plurimas
841 3825 892 3888 pa·
947 3800 1090 3883 quotidie
1110 3798 1244 3878 deflent,
1261 3800 1464 3881 redarguunt,
1485 3801 1693 3885 confitentur,

144 3906 253 3969 tiendo
267 3906 305 3968 in
318 3906 423 3969 llissa.
440 3906 527 3968 Unde
546 3924 606 3967 uec
625 3905 726 3987 ipsam
743 3914 806 3967 tam
825 3925 893 3967 sua·
948 3899 1128 3962 emendant.
1155 3897 1242 3959 Unde
1269 3897 1382 3961 merito
1410 3901 1511 3963 sancti
1536 3902 1599 3965 dici
1624 3923 1698 3985 pos-

143 4005 265 4067 vissimi
287 4004 480 4066 sacramenti
499 4002 702 4065 dulcedinem
719 4003 891 4085 experitur,
948 4006 1033 4074 sunt,
1050 3996 1125 4059 licet
1138 3995 1281 4076 quotidie
1297 3996 1462 4060 venialiter
1477 4000 1601 4063 cadant.
1618 4002 1695 4065 Nam

144 4104 197 4164 sed
218 4110 381 4166 maceret
400 4121 520 4165 vacuus
538 4102 578 4164 de
600 4101 812 4184 pinguissima
838 4101 893 4163 illa
949 4104 1065 4160 sanctae
1086 4094 1266 4158 devotionis
1289 4093 1470 4159 sollicitudo
1492 4106 1523 4160 et
1541 4098 1625 4180 ignis
1646 4121 1697 4165 ca·

143 4209 234 4282 atque
244 4200 495 4283 opulentissima
504 4199 620 4262 Christi
634 4218 746 4262 mensa
760 4200 894 4278 recedit;
907 4199 933 4262 D
949 4194 1051 4258 ritatis
1065 4192 1194 4271 divine,
1212 4192 1244 4254 in
1267 4194 1313 4255 eis
1335 4193 1481 4257 celeriter
1496 4198 1695 4281 totaliterque

142 4318 200 4361 nec
224 4308 325 4362 tantae
346 4298 487 4361 caritatis
509 4297 582 4379 igue
605 4297 820 4377 succenditur,
837 4300 892 4362 sed
949 4300 1141 4356 consumunt
1155 4290 1309 4372 quidquid
1325 4292 1492 4357 venialiter
1506 4296 1696 4378 delinquunt

143 4395 280 4479 frigidus
302 4415 504 4480 permanens,
518 4397 551 4457 in
573 4396 745 4477 semetipso
766 4396 890 4459 arescit.
948 4391 1017 4453 sive
1041 4389 1201 4452 omittunt.
1222 4388 1300 4466 lmo,
1321 4408 1419 4471 quum
1444 4392 1551 4455 omnia
1575 4394 1622 4457 eis
1644 4414 1695 4459 00.
1718 4424 1781 4469 ,m
1794 4438 1838 4477 un.

948 4496 1120 4571 operentur
1146 4486 1179 4548 iu
1204 4485 1336 4567 honum,
1362 4507 1426 4551 non
1451 4488 1554 4553 solum
1579 4489 1741 4573 imper-²⁸·

353 4607 598 4672 ARTICULUS
624 4607 684 4670 ΠΙ,
948 4590 1067 4651 fectum
1084 4605 1176 4649 suum
1191 4585 1393 4648 sufficienter
1406 4586 1572 4669 deplorant
1585 4599 1617 4652 et
1630 4609 1695 4655 cor·

949 4688 1067 4767 rigunt,
1084 4684 1139 4746 sed
1158 4684 1253 4747 etiam
1272 4684 1440 4746 occasione
1459 4705 1497 4748 ex
1515 4687 1695 4751 venialibus

949 4785 1053 4867 culpis
1076 4791 1217 4863 accepta,
1234 4780 1376 4863 quotidie
1397 4781 1603 4863 perfectiores
1625 4804 1696 4848 san-

949 4885 1128 4964 ctioresque
1150 4881 1236 4944 fiunt
1261 4903 1267 4941 :
1293 4880 1445 4961 quoniam
1469 4882 1546 4944 dum
1573 4891 1695 4946 tanturn

950 4981 1109 5065 prolicere
1133 4987 1296 5061 nequeunt
1324 4986 1478 5061 quantum
1502 4980 1694 5062 desiderant,

141 4750 187 4808 De
201 4750 375 4807 devotinem
385 4748 531 4822 perfecto
547 4756 577 4805 et
588 4764 678 4822 pura
693 4766 791 4825 quam
806 4749 893 4806 decet

180 4839 303 4897 habere
325 4837 552 4905 celebrantem,
573 4846 710 4911 propter
734 4837 821 4895 tanti
845 4856 895 4895 aa·

179 4928 349 4986 crementi
361 4926 568 5001 dignitatem.

44 5122 129 5168 ema,
201 5088 467 5150 ACERDOTES
487 5087 594 5146 sancti
615 5095 713 5145 erunt
736 5090 802 5147 Deo
824 5107 894 5157 suo,
950 5080 1137 5161 semetipsos
1152 5078 1310 5159 profunde
1330 5078 1512 5159 humiliant,
1529 5080 1698 5143 vehemen-

216 5196 248 5245 et
271 5204 339 5246 non
356 5187 504 5261 polluent
525 5203 641 5243 nomen
661 5185 735 5261 ejus
755 5204 767 5243 .·
789 5186 896 5245 incen-
951 5191 999 5245 ter
1012 5176 1205 5259 despiciunt,
1222 5174 1357 5238 sollicite
1371 5176 1549 5253 ambulant,
1561 5184 1593 5238 et
1605 5178 1697 5258 quid-

142 5305 213 5346 sum
235 5286 329 5345 enim
343 5282 477 5345 Domini
496 5291 527 5342 et
543 5299 647 5358 panes
666 5283 730 5343 Dei
749 5284 804 5342 aui
823 5288 897 5361 offe-
952 5278 1028 5364 quid
1049 5275 1144 5359 paulo
1168 5282 1240 5337 ante
1265 5272 1386 5355 operati
1411 5281 1495 5353 sunt,
1515 5291 1572 5356 pro
1595 5274 1696 5342 nihilo
