4309 6259
288 3318 424 3373 Joaonaru,

291 3383 311 3425 l.

331 3504 390 3549 Iota.
402 3508 421 3549 l.

434 454 492 519 138
581 471 621 519 ou
641 472 790 519 auuouus
811 470 1016 519 saumrssrun
1036 471 1074 518 ar
1095 471 1262 519 mnrvroun
1281 464 1463 531 murreus,
1485 474 1545 521 ran
1562 473 1669 521 uoouu
1687 473 1837 521 nonanus

432 660 528 707 omne
552 649 694 707 creatum
718 644 863 723 excedit;
889 650 1000 727 estque
1023 641 1222 707 deliaiensA
1275 643 1445 709 OTrinitas
1459 647 1673 725 adoranda,tu
1687 647 1812 711 bonitas
1824 644 1987 727 puraim-

433 761 528 806 omue
543 760 659 805 nomen
680 748 775 824 prout
795 760 853 805 uos
875 741 954 805 illud
973 741 1181 824 comprehen-
1234 762 1356 822 mensa,
1378 743 1519 823 lontmra,
1542 744 1867 827 supersubstantialis,
1893 751 1988 809 ater-

433 841 509 903 dere
528 840 681 921 valemus,
698 860 716 903 a
736 840 999 923 superbenedicta
1019 847 1051 903 et
1072 859 1181 922 super-
1234 860 1295 919 na;
1324 850 1360 903 tu
1386 861 1456 905 esse
1491 850 1625 921 tantum,
1656 863 1726 908 esse
1753 862 1882 925 purum,
1912 860 1985 906 esse

434 939 562 1003 vivente
586 947 618 1002 et
646 938 904 1021 superessentiali
932 948 986 1002 tua
1013 938 1178 1020 dignitate,
1236 939 1425 1021 perlectum,
1441 960 1512 1004 esse
1533 942 1675 1024 plenum,
1692 942 1984 1025 simplicissimum,

434 1038 591 1101 immenso
625 1038 762 1101 delectu.
792 1037 945 1118 Denique,
974 1055 1036 1118 quo
1072 1056 1180 1119 super·
1233 1037 1462 1121 independens,
1489 1040 1708 1118 immateriale,
1731 1039 1983 1117 interminabile,

436 1135 616 1219 splendenti
630 1136 747 1199 divinae
768 1144 829 1199 tuae
850 1135 914 1198 luci
938 1155 1027 1199 mens
1042 1134 1179 1217 amplius
1234 1136 1382 1200 nesciens
1398 1138 1515 1201 locum.

434 1234 677 1317 appropinquat,
707 1252 746 1298 eo
780 1235 826 1297 tui
855 1233 1120 1297 inaccessibilitas
1147 1240 1179 1296 et
1273 1235 1308 1296 ln
1333 1242 1375 1313 te,
1401 1253 1420 1298 o
1445 1235 1580 1298 Trinitas
1607 1236 1883 1316 superbenedicta,
1909 1235 1988 1297 infi-

433 1332 797 1415 iucomprehensibilitas
811 1330 937 1415 plenius
952 1331 1176 1411 innotescunt3
1234 1332 1300 1395 nita
1316 1340 1366 1396 est
1385 1333 1496 1414 gloria,
1513 1342 1545 1396 et
1564 1334 1770 1396 beatitudinis
1790 1342 1853 1397 ture
1874 1333 1988 1397 latitia

432 1449 594 1512 quumque
608 1429 705 1493 luerit
722 1430 892 1511 caliginem
914 1431 1067 1512 ingressa,
1083 1448 1178 1493 omne
1234 1439 1283 1494 est
1296 1432 1423 1513 penitus
1438 1431 1582 1511 inlinita;
1592 1432 1625 1494 in
1640 1440 1671 1495 te
1685 1450 1812 1514 quoque
1826 1432 1988 1494 immensa

430 1548 504 1592 mox
532 1546 648 1593 nomeu
676 1528 841 1611 omnisque
875 1528 1015 1610 cognitio
1048 1546 1178 1610 prorsus
1233 1528 1374 1609 dileetio,
1390 1529 1598 1611 omniumque
1618 1530 1775 1593 bonomm
1796 1537 1892 1611 atque
1914 1530 1987 1612 pul-

431 1626 593 1691 delicient.
621 1626 680 1689 Sed
705 1626 766 1689 hoe
790 1626 852 1689 erit
876 1626 974 1689 menti
999 1634 1031 1689 te
1055 1626 1176 1706 videre,
1234 1626 1384 1690 ebrorum
1399 1628 1590 1710 superplena
1602 1636 1635 1690 et
1647 1627 1791 1710 perlecta
1804 1628 1984 1709 possessio;

430 1725 539 1791 videre
558 1733 588 1789 te
604 1725 735 1789 omnino
751 1725 947 1789 invisibilem
966 1744 1050 1804 esse;
1065 1733 1097 1787 et
1114 1744 1178 1807 quo
1235 1723 1268 1785 in
1293 1732 1324 1787 te
1351 1724 1536 1788 beatissima
1559 1726 1636 1804 vita,
1663 1725 1911 1788 interminabilis
1936 1745 1988 1788 sa-

431 1825 464 1888 id
480 1824 597 1887 clarius
612 1822 739 1902 viderit,
747 1842 785 1887 eo
798 1830 830 1886 te
844 1822 1010 1905 limpidius
1025 1822 1175 1886 inuretur.
1191 1828 1216 1891 B
1234 1822 1365 1905 pientia,
1402 1824 1559 1887 immensa
1593 1824 1825 1907 complacentia
1859 1843 1987 1907 paxque

431 1924 613 1987 Secundum
639 1923 723 1985 bono
756 1920 991 2003 superlucidam
1018 1940 1077 1985 nos
1104 1922 1177 1985 lieri
1234 1921 1430 1984 dulcissima.

430 2040 600 2105 precamur
614 2020 796 2102 caliginem,
813 2038 832 2083 o
847 2019 983 2082 Trinitas
998 2019 1175 2101 benedicta,
1274 2020 1331 2097 Tu,
1348 2019 1437 2083 Pater
1456 2027 1584 2100 aterne,
1601 2029 1631 2084 te
1652 2021 1757 2103 ipsum
1780 2020 1935 2085 intuendo
1951 2030 1989 2083 et

429 2128 462 2183 et
481 2138 539 2201 per
563 2117 817 2181 invisibilitatem
842 2125 874 2179 et
898 2117 1110 2199 ignorantiam
1132 2119 1179 2181 vi·
1234 2116 1452 2198 intelligendo,
1468 2118 1514 2180 tui
1530 2119 1631 2201 ipsius
1652 2127 1841 2201 conceptum
1862 2127 1895 2181 et
1908 2119 1988 2181 Ver-

429 2218 504 2280 dere
528 2224 622 2297 atque
645 2233 837 2296 cognoscere
861 2223 903 2293 te,
930 2234 999 2295 quaa
1024 2236 1057 2279 es
1083 2236 1179 2298 super
1234 2215 1310 2277 bum
1335 2216 1369 2277 in
1395 2225 1424 2279 te
1448 2216 1572 2299 profers
1598 2225 1629 2280 et
1651 2217 1769 2300 gignis.
1796 2217 1929 2281 lnlinito
1953 2226 1989 2280 et

432 2333 559 2378 omnem
581 2312 737 2377 visionem
759 2321 791 2376 et
812 2312 1037 2395 cognitionem.
1060 2314 1178 2396 Hisque
1235 2314 1461 2396 superardeute
1475 2333 1582 2377 amore
1596 2314 1800 2397 Unigenitum
1822 2323 1914 2377 tuum
1933 2335 1989 2378 su-

431 2413 595 2475 dumtaxat
614 2429 758 2493 appares,
774 2410 828 2492 qui
850 2411 1063 2493 supergressis
1086 2420 1118 2473 et
1131 2432 1179 2475 re·
1234 2411 1543 2493 perpulcherrimum
1557 2413 1675 2494 diligis,
1692 2421 1723 2475 et
1744 2432 1818 2475 cum
1839 2414 1988 2496 superin-

432 2510 517 2573 lictis
538 2508 688 2573 omnibus
713 2508 918 2572 sensibilibus
943 2518 974 2572 et
995 2510 1180 2591 intelligibi-
1235 2508 1515 2591 comprehensibili
1544 2510 1656 2574 ardore
1690 2512 1882 2575 eternaliter
1909 2530 1989 2575 eum

431 2609 528 2689 libna,
544 2608 667 2671 cunetis
689 2625 814 2689 quoque
835 2608 961 2685 creatis,
983 2607 1124 2690 itemque
1146 2628 1179 2672 se
1235 2608 1447 2689 amplectaris,
1464 2628 1551 2671 amas
1565 2617 1598 2671 et
1618 2608 1772 2691 inspicis3
1788 2610 1898 2674 omnia
1918 2619 1986 2687 tua,

432 2707 522 2789 ipsis,
539 2707 572 2769 iu
594 2706 763 2787 caliginem
785 2705 904 2768 intrant
925 2706 959 2767 in
973 2725 1035 2787 qua
1057 2714 1091 2769 tu
1105 2726 1180 2769 vere
1236 2706 1414 2787 superbene
1428 2706 1528 2785 Pater,
1545 2706 1574 2770 ei
1597 2707 1827 2787 communicas,
1844 2716 1877 2771 et
1898 2708 1933 2771 in
1946 2727 1989 2771 eo

433 2825 477 2869 es.
501 2805 615 2883 Adora,
638 2802 744 2884 laudo,
767 2803 985 2884 benedicete,
1008 2823 1027 2867 o
1056 2824 1180 2867 summa
1236 2804 1428 2867 immensum
1442 2805 1610 2868 delectaris
1624 2814 1656 2869 et
1670 2806 1861 2888 complaces.

434 2911 464 2967 et
479 2902 645 2965 individua
666 2900 885 2982 immensaque
907 2902 1054 2981 Trinitas,
1072 2921 1180 2985 super·
1277 2903 1323 2964 Tu
1337 2921 1474 2984 quoque,
1491 2903 1669 2985 Unigenite,
1687 2904 1768 2967 Patri
1789 2911 1845 2967 tuo
1866 2913 1989 2969 aeterno

435 3001 573 3083 sapiens,
590 2999 773 3082 superfelix,
790 3000 991 3081 omnipotens
1006 3001 1105 3079 Deus,
1121 2995 1217 3063 tibiC
1237 3000 1493 3082 inseparabiliter
1513 3001 1635 3079 baares3
1657 3010 1690 3064 et
1709 3002 1865 3083 quidquid
1885 3004 1989 3066 habes
2133 3081 2134 3086 ἵ

435 3099 548 3182 gloria,
568 3098 670 3161 bonor
690 3105 722 3160 et
743 3097 811 3160 laus
833 3098 972 3161 inomni
994 3098 1179 3161 eternitate.
1237 3108 1268 3163 et
1292 3118 1338 3179 es,
1364 3100 1404 3162 ab
1428 3099 1497 3181 ipso
1525 3107 1555 3161 te
1580 3100 1757 3182 suscepisse
1782 3101 1951 3182 cognoscis
1977 3126 1986 3163 :
2016 3124 2119 3167 rm.

437 3199 483 3260 Tu
498 3204 613 3259 autem.
1060 3221 1062 3223 ·
1237 3199 1309 3261 ideo
1324 3205 1570 3279 superastuante
1590 3197 1840 3280 simpliciterque
1854 3198 1988 3263 infinito
2002 3188 2119 3293 {2¹2¹}

477 3316 509 3370 p.
536 3293 715 3357 Sublevatis
743 3294 832 3356 Jesus
859 3294 961 3359 oculis
990 3295 1023 3357 in
1051 3296 1179 3376 coelum,
1237 3315 1345 3360 amore
1366 3315 1438 3358 eum
1460 3295 1614 3378 rediligis,
1637 3305 1669 3360 et
1689 3316 1762 3360 cum
1783 3297 1989 3378 jucunditate
2048 3281 2079 3299 ”
2133 3287 2134 3296 ’

437 3394 517 3458 dixit
537 3417 544 3455 z
565 3393 665 3471 Pater,
687 3391 773 3455 venit
793 3393 882 3473 hora,
903 3392 1046 3456 clarifica
1066 3394 1181 3456 Filium
1238 3396 1395 3458 immensa
1418 3394 1585 3475 adipsum
1607 3402 1637 3457 te
1658 3395 1767 3457 vertis.
1790 3396 1837 3457 Tu
1861 3395 1989 3459 Patrem
2133 3455 2134 3480 ,

437 3500 539 3570 tuum,
560 3499 595 3553 ut
616 3490 716 3551 Titius
737 3498 810 3551 tuus
831 3490 987 3553 clarificet
1007 3500 1048 3554 te.
1065 3494 1086 3571 †
1103 3492 1183 3566 Ouo-
1238 3492 1379 3575 perfecte
1400 3492 1577 3573 cognoscis,
1594 3492 1627 3554 iu
1648 3512 1686 3555 eo
1706 3492 1990 3556 interminabiliter
2017 3515 2073 3557 rea.
2088 3487 2134 3552 et*

437 3590 525 3653 niam
546 3592 613 3653 haec
636 3596 684 3651 est
705 3588 769 3652 vita
789 3597 917 3669 aeterna,
934 3597 969 3651 ut
989 3597 1183 3671 cognoscant
1237 3590 1415 3668 delectaris,
1423 3597 1455 3652 et
1466 3590 1659 3671 sempiterno
1669 3592 1817 3673 amplexu
1831 3592 1987 3672 quiescis.
2003 3580 2119 3630 ⁵⁵³¹T's'

437 3697 467 3753 te
494 3689 597 3752 solum
622 3707 733 3750 verum
757 3687 868 3765 Deum,
891 3694 1041 3768 atquem
1066 3687 1183 3750 misisti
1279 3689 1325 3751 Tu
1352 3688 1468 3750 mentis
1492 3696 1630 3769 paterna
1654 3688 1793 3752 Verbum
1816 3696 1986 3767 aeternum,

437 3790 543 3852 lesum
558 3786 727 3851 Christum.
1239 3785 1452 3867 intelligibilis
1466 3785 1575 3866 dictio,
1583 3794 1615 3848 et
1629 3786 1791 3868 sapientia
1805 3787 1876 3868 ejus
1888 3788 1991 3869 plena
2133 3857 2134 3866 χ

477 3899 509 3949 v.
525 3885 653 3963 Revela,
666 3884 811 3962 Domine,
824 3884 933 3947 oculos
948 3902 1046 3962 meos,
1063 3893 1095 3947 et
1109 3903 1184 3948 con·
1239 3884 1421 3966 expressio,
1438 3892 1471 3945 tu
1493 3884 1644 3966 splendor
1663 3885 1783 3966 gloriae,
1804 3884 1909 3967 ligura
1931 3905 1991 3968 pa-
2006 3906 2114 3951 mema
2133 3967 2134 3972 ἵ

318 3991 323 4003 “
438 3984 584 4049 siderabo
603 3981 763 4045 mirabilia
784 3982 823 4045 de
845 3981 915 4062 lege
937 3990 1000 4044 tua.
1017 3981 1181 4056 Quoniam.
1239 3991 1336 4045 terna
1350 3982 1545 4062 substantiae,
1561 3982 1666 4064 imago
1680 3982 1831 4047 bonitatis
1844 3992 1990 4065 paternae
2005 4003 2134 4059 sapam*

478 4096 510 4147 v.
527 4080 633 4146 Gloria
653 4079 748 4158 Patri,
764 4088 796 4142 et
809 4079 901 4158 Titio,
918 4088 949 4142 et
963 4079 1094 4163 Spiritui
1109 4081 1185 4143 San·
1239 4080 1404 4159 essentie,
1420 4088 1455 4143 tu
1475 4082 1557 4143 Deus
1578 4082 1617 4143 de
1636 4082 1712 4161 Deo,
1728 4082 1810 4145 Deus
1831 4101 1926 4145 verus
1947 4084 1992 4147 de

437 4190 498 4247 oto.
515 4181 554 4243 Et
567 4198 672 4261 quem.
1200 4178 1303 4243 bueo
1327 4198 1424 4259 vero;
1450 4187 1485 4242 tu
1513 4180 1621 4242 lumen
1650 4181 1689 4243 de
1718 4180 1850 4261 lumine,
1876 4182 1992 4245 lumen

720 4281 810 4339 Laus
828 4278 898 4339 Dei.
1240 4286 1393 4342 aeternum
1408 4278 1447 4342 ab
1468 4286 1585 4341 aeterna
1607 4279 1690 4356 luce,
1706 4279 1789 4341 Deus
1811 4278 1993 4342 immensus

467 4380 520 4441 Te
541 4378 640 4440 Deum
662 4376 770 4453 adoro,
790 4383 821 4437 te
843 4374 948 4452 laudo,
969 4384 1000 4438 et
1025 4384 1056 4438 te
1077 4395 1186 4458 super·
1240 4386 1273 4440 et
1286 4397 1391 4457 verus,
1407 4396 1490 4439 uuus
1505 4396 1579 4440 cum
1592 4377 1693 4439 Patre.

437 4478 562 4555 exalt03
579 4477 731 4558 hymnum
754 4472 858 4536 laudis
879 4482 911 4536 et
931 4474 1065 4556 gloriam
1081 4474 1150 4554 tibi,
1166 4493 1185 4538 o
1281 4476 1338 4553 Tu,
1355 4475 1437 4537 alme
1452 4474 1622 4553 Paraclete,
1639 4474 1775 4557 Spiritus
1790 4475 1915 4554 Sancte,
1933 4476 1994 4539 Pa·

438 4583 644 4660 supersancta
658 4573 805 4650 Trinitas,
821 4572 936 4637 offero.
1242 4573 1298 4636 tris
1319 4581 1351 4636 et
1371 4573 1443 4635 Filii
1465 4593 1500 4636 es
1521 4573 1726 4636 dulcissimus
1746 4593 1857 4652 nexus,
1872 4574 1995 4655 jucun-

478 4676 501 4739 0
526 4676 579 4737 lux
603 4682 730 4751 aeterna,
754 4672 807 4734 lux
832 4672 1186 4754 supersplendidissima
1242 4673 1381 4753 dumque
1403 4672 1560 4750 osculum,
1576 4680 1712 4734 aeternus
1733 4672 1928 4755 complexus.
1947 4675 1994 4737 Te

439 4784 469 4839 et
494 4770 815 4856 superpulcherrima,
839 4771 984 4851 luxque
1008 4771 1042 4833 in
1063 4772 1187 4854 teipsa
1242 4770 1337 4833 simul
1373 4769 1495 4852 spirant
1527 4778 1559 4833 et
1591 4769 1739 4851 diligunt,
1769 4779 1864 4853 atque
1894 4772 1929 4834 in
1958 4782 1993 4836 te

438 4872 568 4936 infinita
602 4870 744 4933 claritate
779 4868 982 4950 resplendes3
1011 4870 1187 4951 pulchritu-
1241 4888 1352 4932 omues
1375 4867 1484 4949 gloria
1508 4876 1540 4931 et
1563 4867 1740 4931 divinitatis
1761 4888 1826 4932 suae
1855 4870 1992 4935 divitias

438 4970 524 5035 dinis
549 4978 610 5033 tuto
633 4968 740 5033 nullus
762 4976 810 5030 est
832 4966 920 5046 linis,
943 4976 974 5031 et
993 4968 1118 5031 decoris
1139 4969 1185 5030 tui
1240 4966 1429 5031 aeternaliter
1451 4965 1600 5031 fundunt.
1622 4968 1669 5029 Tu
1693 4985 1782 5029 amor
1806 4968 1988 5049 amborum,

440 5069 590 5153 splendor
604 5076 653 5131 est
672 5066 803 5130 omnino
824 5066 1009 5144 immensus,
1026 5084 1045 5130 o
1067 5067 1121 5128 lux
1135 5086 1187 5129 su·
1241 5064 1387 5146 Spiritus,
1395 5084 1454 5147 par
1470 5063 1683 5143 serenissima,
1692 5065 1830 5129 suavitas
1844 5065 1988 5149 infinita,

440 5166 645 5251 persimplex,
659 5164 1002 5246 incomprehensibilis,
1015 5164 1186 5228 incircum·
1241 5162 1424 5227 commuuio
1445 5164 1551 5246 plena,
1572 5164 1766 5246 sempiterna
1784 5172 1880 5246 atque
1900 5184 1992 5229 cour-

440 5265 569 5349 scripta.
1240 5256 1347 5325 munis
1371 5260 1489 5327 latitia.
1511 5263 1553 5327 Te
1571 5262 1661 5327 Pater
1683 5268 1716 5326 et
1735 5261 1836 5327 Filius
1859 5261 1992 5329 inlinite
