4309 6259
369 475 428 541 m
597 496 638 542 DE
658 496 749 544 00le
770 496 905 544 arturius
926 497 1045 589 stupri,
1067 498 1241 547 TRAOEATUS
1263 500 1306 546 lll.
1329 519 1370 531 -
1390 502 1461 548 aur.
1483 502 1578 561 mv,
1600 502 1696 549 ffll'l

367 661 475 726 infuse
495 664 636 745 affectio,
658 666 823 749 divinique
842 667 947 729 cultus
968 667 1116 749 religiosa
1130 669 1155 730 Α
1172 668 1304 733 inferior
1317 670 1446 752 ponitur
1460 670 1568 749 latrie3
1578 670 1679 753 pietas
1693 686 1769 734 vero
1783 689 1855 753 quae
1870 668 1930 733 do·

368 763 507 828 devotio.
525 763 586 827 Sed
605 764 638 827 in
660 766 711 827 his
732 784 797 828 non
819 766 1019 848 accipiuntur
1038 766 1116 829 affe·
1170 787 1247 830 num
1262 769 1395 847 exsistit,
1411 778 1459 832 θεῖ
1477 770 1604 851 dignior
1622 769 1725 847 latria,
1742 768 1925 852 presertim

370 862 434 925 ctio
462 872 556 945 utque
585 863 712 928 devotio
742 874 835 947 prout
869 874 1031 948 respectus
1059 884 1116 928 seu
1171 884 1268 947 quum
1301 867 1421 930 dictum
1447 868 1497 945 sit,
1529 869 1612 949 quod
1644 870 1726 931 dona
1752 868 1924 930 universas
1952 888 2014 927 ιηθ.
2040 882 2056 935 ι,

371 969 461 1024 actus
476 961 616 1024 caritatis
630 962 780 1025 dicuntur
795 972 849 1025 aut
863 963 965 1041 latria,
982 963 1036 1026 sed
1051 982 1117 1025 ma·
1171 964 1303 1027 virtutes
1324 966 1488 1045 excedant,
1504 966 1691 1047 theologicis
1714 965 1864 1047 demptis.
1881 1000 1925 1011 -
1937 950 1980 989 “²
1992 959 2020 989 '¹'

370 1059 421 1141 gis
441 1078 499 1142 pro
519 1060 630 1123 habitu
649 1080 706 1143 per
725 1080 819 1143 quem
841 1081 899 1125 nos
920 1061 984 1125 Deo
1003 1062 1116 1125 devote
1171 1062 1301 1143 Rursus,
1319 1064 1411 1126 latria
1430 1073 1460 1126 θῖ
1480 1064 1582 1127 virtus
1602 1063 1829 1127 misericordie
1848 1082 1923 1145 per-

370 1156 607 1239 libemliterque
636 1158 815 1239 offerimus,
844 1167 877 1222 et
909 1160 981 1222 aliis
1007 1169 1117 1223 nostre
1170 1160 1289 1224 ficiunt
1301 1162 1464 1225 bominem
1478 1171 1514 1224 ut
1528 1164 1569 1224 sit
1588 1163 1671 1225 bene
1688 1181 1785 1243 agens
1800 1180 1838 1225 ac
1852 1180 1924 1224 mo-

372 1255 519 1335 lergiflue
549 1256 835 1320 communicamus.
859 1258 968 1339 ltaque
996 1258 1116 1321 donum
1171 1258 1245 1322 bilis
1274 1261 1449 1323 secundum
1479 1259 1610 1325 rationis
1643 1260 1826 1343 imperium.
1858 1260 1923 1322 Sed

369 1354 498 1435 pietatis
525 1362 575 1417 est
595 1355 701 1417 dulcis
723 1376 761 1418 ac
785 1356 972 1437 splendidus
997 1356 1114 1433 rudius,
1171 1366 1299 1439 propter
1327 1359 1458 1424 rationis
1485 1360 1653 1441 omnisque
1682 1360 1830 1422 humanu
1856 1358 1926 1420 vir-

371 1470 390 1513 e
412 1452 499 1514 fonte
520 1452 685 1515 immense
707 1453 910 1535 benignitatis
931 1454 986 1535 qui
1010 1473 1118 1516 essen·
1172 1456 1246 1518 tutis
1261 1456 1545 1539 imperfectionem,
1562 1458 1683 1539 indiget
1701 1457 1797 1521 homo
1818 1456 1925 1537 aSpi-

371 1550 488 1612 tialiter
516 1549 588 1631 pius
613 1559 671 1628 est,
698 1552 797 1613 menti
824 1552 962 1631 infusus,
989 1553 1117 1633 quoad
1172 1556 1232 1618 ritu
1244 1557 1360 1620 Sancto
1376 1556 1555 1638 specialiter
1569 1556 1661 1638 dirigi
1675 1564 1770 1637 atque
1786 1556 1923 1633 moveri,

371 1647 469 1709 Deum
494 1647 663 1711 colendum
692 1657 727 1711 ut
751 1657 872 1731 patrem
897 1657 1120 1731 supernatura·
1172 1654 1266 1717 etiam
1294 1663 1447 1735 quantum
1477 1656 1516 1717 ad
1545 1655 1616 1719 illos
1645 1662 1734 1717 ectus
1758 1672 1840 1734 quos
1866 1673 1927 1734 per

371 1745 443 1808 liter
465 1745 657 1810 habitentur.
679 1747 722 1810 De
746 1766 810 1827 que
835 1747 951 1830 pietate
977 1748 1023 1811 ait
1045 1748 1118 1809 Ber·
1174 1752 1302 1815 rationis
1324 1752 1491 1834 imperium
1513 1753 1728 1833 virtutumque
1744 1752 1926 1814 subsidium

370 1846 487 1907 nardus
504 1869 511 1907 ε
528 1846 551 1908 0
570 1846 820 1909 clementissima
840 1847 951 1927 pictas,
968 1865 1037 1928 que
1052 1865 1116 1909 non
1136 1852 1331 1930 Bopcratur.
1358 1850 1445 1913 Unde
1473 1850 1618 1931 quamvis
1648 1850 1738 1912 latria
1767 1858 1797 1912 θῖ
1827 1849 1927 1911 mise-

369 1943 495 2006 invenit
518 1944 679 2022 meritum,
703 1946 758 2007 sed
783 1945 878 2007 etiam
900 1944 950 2006 his
976 1944 1038 2024 [fit]
1062 1945 1117 2007 ubi
1175 1947 1309 2010 ricordia
1333 1949 1487 2028 quosdam
1511 1948 1650 2011 habeant
1673 1957 1763 2011 actus
1792 1947 1926 2009 eosdem

372 2048 471 2103 totum
487 2041 613 2104 videtur
632 2042 837 2105 contrarium.
853 2042 925 2105 llaec
944 2044 1056 2125 pietas,
1074 2052 1120 2104 te-
1174 2064 1246 2107 cum
1279 2046 1403 2108 actibus
1436 2046 1572 2127 pietatis,
1603 2054 1710 2108 tamen
1743 2046 1802 2109 hos
1836 2045 1926 2126 ipsos

222 2157 355 2209 tamnu.
370 2147 418 2201 ste
441 2140 603 2222 Apostolo,
626 2141 665 2203 ad
689 2142 797 2203 omnia
820 2141 907 2203 utilis
931 2150 979 2203 est
1001 2165 1007 2202 :
1030 2141 1116 2222 quia,
1173 2151 1261 2205 actus
1282 2145 1401 2207 donum
1424 2144 1548 2225 pietatis
1571 2143 1744 2225 perfectius
1764 2143 1926 2206 excellen-

236 2256 355 2301 Pmno.
371 2245 406 2299 ut
419 2237 533 2300 asserit
542 2238 737 2320 Augustinus
752 2258 848 2321 super
861 2240 1019 2321 psalmum
1030 2240 1116 2302 Beati
1173 2241 1296 2322 tiusque
1312 2242 1457 2323 producit
1477 2260 1573 2323 quam
1595 2242 1728 2305 virtutes
1751 2242 1922 2324 predicte.

371 2334 578 2415 immaculati,
605 2336 706 2417 pietas
729 2344 819 2417 grata
842 2345 890 2399 est
913 2338 988 2416 Deo,
1012 2337 1118 2400 Domi·
1172 2340 1237 2402 lmo
1256 2340 1356 2421 pietas
1382 2340 1440 2402 ista
1460 2340 1598 2421 expedit,
1621 2348 1770 2403 ornatae
1794 2339 1927 2421 perficit

369 2451 447 2494 uum
472 2434 633 2511 conciliat,
653 2434 875 2496 necessitatem
898 2435 1037 2515 alleviat,
1061 2436 1116 2497 Dei
1170 2439 1270 2500 dictas
1293 2439 1436 2519 virtutes,
1453 2446 1609 2519 quatenus
1631 2438 1807 2520 promptius
1826 2446 1926 2518 atque

369 2531 494 2593 cultura
521 2539 580 2611 est,
611 2551 732 2594 merces
765 2541 944 2614 parentum,
974 2532 1115 2595 filiorum
1171 2536 1369 2616 frequentius
1385 2538 1418 2599 in
1440 2545 1546 2599 actum
1569 2537 1741 2619 procedant
1759 2560 1765 2597 :
1784 2556 1841 2617 per
1861 2535 1925 2598 hoo

369 2627 575 2709 stipendium,
589 2629 749 2710 justorum
770 2630 920 2709 tribunal,
941 2649 1115 2711 egenorum
1171 2634 1256 2699 enim
1271 2636 1354 2714 quod
1370 2634 1502 2717 Spiritus
1518 2635 1651 2697 Sanctus
1666 2634 1766 2697 menti
1781 2634 1926 2715 adspirat

368 2734 490 2808 portus,
513 2727 702 2790 miserorum
726 2727 894 2810 refugium,
918 2728 1116 2810 indulgentia
1171 2732 1302 2795 filialem
1326 2731 1479 2795 affectum
1495 2734 1534 2795 ad
1549 2732 1660 2809 Deum,
1677 2731 1769 2812 cujus
1785 2732 1925 2813 inspira-

368 2832 580 2906 peccatorum.
598 2826 668 2908 lpsa
689 2826 808 2907 quippe
829 2834 999 2908 autequam
1022 2846 1115 2908 prece
1171 2832 1266 2894 tionis
1283 2831 1318 2893 fit
1334 2831 1439 2892 anima
1460 2849 1559 2911 capax
1574 2849 1631 2912 per
1645 2831 1764 2893 donum
1779 2829 1922 2911 pietatis,

367 2922 522 3003 pulsetur,
540 2923 704 3005 ignoscere
719 2924 818 2986 novit.
1170 2930 1345 2993 secundum
1361 2929 1524 3008 Thomam‚
1542 2947 1600 3010 per
1620 2928 1691 3006 hoo,
1708 2929 1850 3009 inquam,
1867 2947 1925 2990 ex·
1947 2956 2034 2999 sffl
2056 2958 2085 2997 n

1133 3027 1312 3109 Csequitur
1332 3027 1428 3089 homo
1443 3027 1615 3106 ardentium,
1631 3026 1808 3109 promptius
1822 3035 1924 3107 atque
1940 3021 2085 3125 {¹²:4³²

535 3141 779 3207 ARTICULUS
806 3142 946 3205 XXXV¹
1170 3122 1367 3203 frequentius
1386 3130 1491 3185 uelum
1511 3122 1608 3186 luiriae
1627 3142 1664 3185 ac
1683 3122 1922 3201 misericordiae,
1956 3115 1963 3124 ’
1995 3114 2002 3123 ”

588 3226 593 3234 ’
1169 3219 1268 3281 Deum
1285 3220 1419 3284 colendo
1434 3228 1465 3282 et
1481 3221 1629 3302 proximis
1645 3219 1870 3283 succurrendo.

1209 3316 1381 3396 Postremo,
1395 3319 1569 3380 secundum
1585 3318 1849 3397 Beneventumm,
1862 3318 1925 3379 ali-

369 3272 520 3339 Quuliter
544 3272 651 3347 pietas
679 3272 744 3330 ista
772 3293 793 3331 a
817 3275 940 3347 pietate
968 3293 1040 3351 quta
1069 3282 1114 3331 esf

408 3360 517 3419 virtus
535 3361 670 3419 moralis
693 3360 917 3436 distinguitur
927 3382 940 3429 ,¹
959 3364 1114 3439 qrmmoclo

407 3450 505 3509 etiam
526 3450 639 3527 differt
654 3469 673 3508 a
689 3450 792 3508 latria
807 3459 837 3508 ct
853 3452 1091 3510 misericordia.
1170 3422 1217 3476 tffl'
1246 3415 1345 3497 pietas
1375 3416 1474 3477 virtus
1504 3424 1536 3478 ⁰t
1559 3415 1650 3478 aliter
1673 3416 1773 3497 pietas
1797 3418 1923 3479 dmum

1169 3522 1336 3575 versentur
1358 3521 1389 3575 et
1411 3513 1529 3576 habent
1551 3533 1584 3577 se
1606 3514 1690 3577 circa
1712 3514 1889 3595 proximum
1911 3539 1919 3576 :

430 3608 577 3672 ONSTAT
599 3610 696 3690 igitur
718 3610 867 3691 quoniam
893 3610 994 3692 pietas
1014 3610 1114 3673 virtus
1170 3611 1319 3693 quoniam
1336 3612 1435 3692 pietas
1451 3611 1483 3672 in
1505 3620 1659 3692 quantum
1675 3620 1723 3674 est
1736 3612 1835 3674 virtus
1851 3632 1925 3675 mo-

443 3708 607 3785 exsistens,
643 3708 729 3770 circa
762 3709 985 3790 compatriotas
1019 3717 1114 3790 atque
1170 3710 1255 3787 ralis,
1273 3709 1440 3771 auxiliatur
1461 3718 1556 3790 atque
1572 3709 1762 3791 competitur
1775 3711 1924 3791 proximo

366 3805 562 3888 propinquos
584 3814 747 3884 versatur3
763 3806 865 3887 pietas
887 3827 961 3871 vero
976 3826 1045 3889 quae
1060 3810 1115 3871 do
1171 3818 1204 3871 ut
1219 3809 1357 3872 consorti
1371 3817 1502 3890 naturae,
1512 3829 1568 3873 seu
1583 3817 1712 3891 propter
1726 3809 1925 3872 convenien-

365 3923 443 3965 num
458 3912 517 3983 est,
534 3904 619 3966 circa
633 3905 731 3967 Deum
755 3904 913 3987 praecipne
927 3915 1111 3987 occupatur,
1170 3908 1244 3969 tiam
1274 3908 1471 3986 naturalem,
1497 3907 1597 3988 pietas
1626 3926 1702 3971 vero
1727 3915 1760 3968 ut
1784 3908 1920 3985 donum,

365 4002 482 4065 deinde
511 4021 567 4083 per
599 4022 669 4065 eam
699 4002 893 4084 compatitur
924 4003 1020 4068 homo
1052 4004 1113 4067 sibi
1169 4006 1324 4087 impendit
1351 4005 1418 4068 haeo
1448 4006 1591 4087 proximo
1619 4006 1652 4067 in
1681 4013 1833 4087 quantum
1870 4014 1925 4069 est

367 4098 428 4181 ipsi
450 4108 482 4161 ct
502 4100 584 4161 aliis.
600 4100 723 4163 Habent
745 4119 821 4182 ergo
836 4101 960 4163 divorse
975 4101 1111 4182 objecta,
1171 4104 1223 4165 bei
1260 4103 1375 4185 imago,
1412 4123 1469 4165 seu
1501 4112 1630 4185 propter
1664 4103 1922 4167 convenientiam

367 4196 513 4277 quamvis
542 4197 706 4278 utriusque
734 4197 912 4279 subjectum
943 4200 985 4261 sit
1016 4200 1112 4281 idem,
1130 4204 1265 4283 liquam
1291 4202 1387 4264 habet
1411 4221 1483 4264 cum
1507 4201 1580 4264 Deo.
1607 4202 1694 4264 Unde
1717 4222 1774 4283 per
1797 4202 1923 4265 donum

368 4301 444 4376 puta
466 4294 622 4357 voluntas.
640 4295 782 4378 lnsuper,
804 4297 906 4378 pietas
928 4297 1028 4359 virtus
1049 4298 1116 4379 agit
1171 4300 1295 4384 pietatis
1321 4300 1474 4363 habemus
1499 4300 1625 4363 dulcem
1650 4299 1852 4364 affectionem
1877 4302 1921 4362 ad

367 4393 543 4455 secuudum
568 4394 744 4456 naturalem
769 4395 923 4457 rationem
948 4396 1116 4457 naturalis·
1171 4400 1330 4481 proximos
1345 4406 1470 4461 nostros
1493 4407 1621 4481 propter
1638 4398 1748 4475 Deum,
1765 4398 1798 4460 in
1817 4416 1924 4480 quan-

366 4508 429 4572 que
455 4490 537 4571 juris
562 4491 744 4570 dictamen;
768 4502 817 4554 est
839 4510 965 4574 quoque
988 4493 1115 4556 habitus
1171 4505 1237 4559 tum
1253 4505 1328 4559 sunt
1341 4497 1451 4559 divina
1466 4498 1603 4578 imagine
1620 4496 1773 4579 insigniti.

367 4590 519 4651 naturalis
541 4597 573 4651 et
595 4590 779 4671 acquisitus.
796 4590 898 4652 Pietas
918 4600 1024 4654 autem
1045 4612 1116 4673 quae

367 4687 486 4750 donum
510 4696 569 4767 est,
590 4689 764 4750 secundum
790 4688 948 4770 principia
969 4689 1047 4752 fidei
1069 4690 1117 4752 di·
1330 4706 1575 4772 ARTICULUS
1598 4705 1755 4770 XXXVI,

367 4786 513 4866 vinaeque
537 4786 618 4868 legis
636 4805 803 4849 censuram
823 4795 982 4869 operatur,
1004 4798 1115 4869 estque

367 4883 494 4945 babitus
510 4884 759 4965 supernaturalis
773 4893 868 4967 atque
883 4885 1020 4947 infusus.

407 4981 570 5063 Praeterea,
593 4983 684 5044 latria
704 4983 802 5047 Deum
823 4986 958 5049 honorat
979 4985 1061 5048 sicut
1085 4994 1117 5047 et

1199 4839 1247 4898 De
1261 4838 1503 4911 (locupletatis,
1520 4838 1695 4897 secundum
1712 4838 1889 4896 sceleratius

1401 4927 1513 4985 divini
1527 4926 1686 4987 Ductoris.

367 5080 490 5163 pietas3
507 5082 562 5143 sed
577 5080 670 5143 latria
683 5081 782 5144 Deum
797 5084 933 5147 honorat
947 5093 983 5146 ut
996 5092 1116 5147 creato
1237 5085 1384 5148 PORTET
1404 5094 1555 5166 preterea
1579 5092 1613 5146 ut
1637 5102 1693 5165 per
1712 5085 1831 5146 donum
1853 5084 1926 5167 pie·

367 5199 434 5242 rem
457 5187 489 5241 et
514 5179 612 5241 Deum
642 5198 678 5241 ao
707 5180 886 5261 Dominum,
913 5182 1015 5263 pietas
1040 5201 1115 5247 vero
1252 5182 1322 5245 tatis
1351 5182 1389 5244 ed
1415 5190 1502 5245 extra
1526 5190 1684 5243 vertamus
1709 5200 1777 5244 nos.
1804 5180 1926 5255 Quem-

368 5284 403 5340 ut
424 5286 557 5359 patrem.
577 5277 699 5342 ldcirco
720 5278 821 5361 pietas
841 5299 911 5362 que
933 5289 981 5343 est
1002 5280 1113 5359 virtus,
1171 5282 1341 5345 admodum
1358 5280 1442 5343 enim
1456 5280 1539 5342 Deus
1562 5280 1600 5341 ad
1623 5299 1656 5342 se
1671 5280 1776 5362 ipsum
1793 5299 1926 5363 semper
