4309 6259
489 662 527 717 ad
550 660 667 720 latriam
691 664 825 736 pertinet,
841 666 991 732 2333161
1012 684 1082 741 erga
1099 666 1202 741 imagi-

487 767 539 809 nes
558 752 617 815 Dei,
632 752 663 810 id
680 756 724 811 est
742 754 885 820 homines,
901 757 987 822 2336,
1002 758 1091 815 2366.
1106 790 1144 801 -
1156 760 1200 815 66

488 840 632 899 1666666111
656 844 725 899 boni
749 844 898 915 potissime
921 850 1041 918 spectat,
1056 848 1157 911 2363,
1173 851 1202 905 66

487 947 554 987 cnm
582 934 807 991 mansuetudine
829 935 966 992 convenit
987 940 1016 994 et
1036 937 1201 995 misericor·

487 1019 544 1078 666,
563 1022 653 1087 2333,
673 1024 724 1080 sed
748 1040 765 1080 a
786 1023 987 1083 misericordia
1007 1027 1111 1091 ditiert,
1131 1027 1200 1099 quie

488 1109 518 1165 in
541 1110 656 1168 miseria
674 1112 793 1184 respicit
812 1114 984 1187 imaginem,
1000 1116 1200 1174 misericordia

488 1216 556 1257 vero
569 1199 599 1257 in
615 1200 745 1275 imagine
758 1204 876 1276 respicit
894 1205 1026 1267 miseros,
1041 1208 1133 1271 2333,
1149 1207 1198 1273 6’;

488 1290 614 1347 6166166
637 1308 753 1365 qnoque
781 1293 886 1360 ditiert,
910 1295 980 1367 quia
1003 1295 1057 1369 ipsi
1082 1295 1201 1354 inferior

415 1406 425 1417 ·
488 1382 540 1445 est,
556 1382 648 1437 2361).

523 1470 641 1527 Pietatis
664 1472 774 1529 donum
798 1476 912 1530 sertum
934 1478 978 1531 est
996 1476 1151 1541 donorum,
1167 1477 1202 1533 ti·

488 1559 563 1616 mori
585 1562 860 1632 superaedificatum,
883 1565 970 1628 1693,
990 1563 1059 1637 quia
1083 1582 1100 1622 a
1123 1567 1201 1623 dono

487 1647 603 1705 timoris
629 1650 843 1708 rationabiliter
864 1653 902 1709 ad
925 1651 999 1711 illud
1021 1655 1199 1721 ascenditur,

489 1736 586 1801 16616,
604 1737 838 1802 1666166661
860 1740 963 1797 6616116
986 1740 1080 1805 nonis,
1098 1730 1202 1815 preter

487 1825 634 1889 timorem,
654 1826 784 1891 interius,
804 1829 996 1891 2366666616
1020 1832 1099 1887 dono
1124 1830 1202 1887 lorti-

487 1916 607 1982 1666666,
615 1916 758 1989 quidquid
774 1918 852 1975 dicat
860 1919 1100 1987 Thomas,2i2A’,
1108 1922 1198 1977 2636.

489 2005 520 2060 ln
543 2005 691 2063 voluntate
713 2008 854 2073 consistit,
871 2008 940 2081 qnia
962 2010 1075 2083 perlicit
1093 2010 1202 2084 justiti·

488 2097 703 2161 6111,1726’,61
726 2098 803 2154 circa
823 2116 858 2156 ea
880 2103 1012 2156 16166661
1034 2101 1070 2156 66
1094 2100 1201 2172 quibua

488 2188 531 2241 est
547 2186 656 2241 donum
673 2186 810 2251 scientiae,
826 2187 856 2243 id
875 2192 920 2244 666
937 2188 1015 2245 66166
1031 2206 1079 2246 166
1097 2190 1200 2247 116616-

487 2291 549 2338 nas,
573 2275 678 2341 2603,
704 2278 754 2332 sed
778 2292 837 2332 non
865 2278 919 2335 sub
947 2279 1049 2335 eadem
1077 2278 1199 2344 ratione,

486 2364 593 2430 2600'3
610 2368 787 2437 quapropter
805 2367 882 2423 dono
900 2366 1030 2424 scientim
1053 2368 1199 2441 dirigitur,

487 2455 586 2519 2236,
601 2455 693 2510 2366.
710 2458 741 2496 -ὲ
757 2455 877 2512 Habitus
896 2458 939 2512 est
958 2455 1081 2521 infusus,
1097 2458 1198 2523 2333,

487 2561 546 2617 quo
569 2544 670 2601 anima
687 2561 778 2616 capax
799 2544 832 2599 166
855 2544 972 2602 filialem
999 2548 1056 2603 Deo
1080 2548 1199 2621 gerendi

488 2634 634 2699 allectum,
658 2633 758 2696 2336,
779 2634 870 2698 2366,
894 2634 993 2699 2333,
1013 2638 1042 2692 66
1065 2636 1200 2709 proximo

487 2722 688 2786 subveniendi,
703 2723 803 2787 2333,
820 2724 910 2779 2366.
926 2725 997 2780 6616
1014 2726 1130 2797 pietatis
1146 2726 1201 2783 vir·

487 2814 548 2869 tute
572 2811 716 2873 convenit,
732 2812 802 2885 quia
825 2817 983 2887 utrumqne
1003 2816 1033 2871 in
1051 2804 1202 2874 voluntate¹

486 2900 603 2965 residet,
628 2902 719 2966 2361),
743 2901 845 2958 sedin
871 2902 925 2960 1166
948 2904 1096 2969 6611616116,
1122 2908 1200 2977 qnod

474 2983 580 3046 'virtus
600 2990 717 3047 babitus
736 2995 780 3047 est
801 2994 952 3057 naturalis,
968 2996 1129 3051 secundum
1150 3012 1200 3051 na·

487 3081 612 3137 turalem
639 3081 781 3137 rationem
804 3084 1013 3154 666662361),
1034 3084 1135 3149 2603,
1150 3084 1199 3155 qui

489 3169 566 3225 circa
581 3169 730 3241 proximos
744 3173 884 3237 versatur,
900 3171 986 3235 2366,
1003 3172 1110 3244 quibus
1124 3189 1201 3229 com·

1075 494 1171 544 mnnx
1190 494 1379 544 6366171663

1290 668 1583 735 2383,66666666,61
1598 670 1769 727 necessariis
1781 672 1977 731 communicare

1289 757 1437 825 iratribus,
1452 760 1543 825 2386,
1558 763 1588 817 66
1604 759 1756 833 injurianti
1776 760 1848 817 ultro
1870 761 1979 835 ignosce

1290 866 1330 913 re,
1343 851 1432 917 2383,
1448 850 1559 914 6616666,
1575 868 1605 907 66
1620 850 1716 923 ipsum
1731 868 1782 922 pro
1797 850 1926 910 iratribus
1938 854 1979 910 im-

1291 940 1426 1011 pendere,
1441 940 1530 1003 2383,
1544 944 1574 998 66
1588 939 1708 997 inimico
1723 938 1894 1006 benefacere,
1903 944 1977 999 2383.

1289 1059 1327 1071 -
1350 1028 1406 1101 lpsi
1429 1028 1555 1085 adscribi
1579 1032 1672 1102 potest
1695 1031 1822 1086 secunda
1843 1030 1978 1095 beatitudo,

1289 1118 1429 1180 2373161
1444 1122 1556 1191 quarta,
1564 1120 1650 1182 2376,
1661 1120 1711 1176 666
1727 1119 1868 1192 praecipue
1885 1120 1977 1192 quinta

1290 1208 1381 1272 2373,
1397 1207 1467 1280 quia
1490 1208 1585 1280 potins
1604 1208 1754 1265 6616166616
1775 1208 1888 1280 respicit
1906 1228 1977 1282 quen

1285 1295 1442 1369 justitiam,
1452 1298 1543 1363 2376,
1552 1300 1580 1353 66
1594 1298 1630 1354 66
1647 1298 1744 1369 ipsum
1758 1299 1896 1369 pertinent
1909 1318 1978 1371 opera

1291 1384 1508 1450 misericordiae,
1535 1388 1595 1444 6616
1621 1387 1794 1460 spiritualia,
1822 1388 1909 1451 2373,
1931 1389 1977 1445 aive

1290 1476 1460 1549 corporalia,
1475 1478 1528 1533 237
1535 1477 1575 1535 6’.
1587 1478 1626 1534 31
1642 1494 1675 1537 eo
1690 1478 1977 1535 616666611666616661

1291 1566 1347 1630 666,
1364 1566 1453 1631 2333,
1468 1568 1555 1631 2636,
1571 1571 1599 1624 66
1613 1566 1742 1641 largitas,
1758 1567 1846 1623 2336.
1857 1570 1976 1633 -Quum

1290 1656 1327 1711 ad
1351 1654 1516 1728 indigentes
1540 1655 1685 1728 respiciat,
1711 1656 1825 1729 proprie
1845 1658 1886 1713 est
1905 1657 1977 1713 viato-

1291 1760 1368 1808 rum,
1384 1746 1473 1809 2633,
1489 1762 1542 1801 666
1557 1748 1657 1803 manet
1675 1745 1705 1802 in
1721 1746 1815 1818 patria
1833 1745 1886 1801 nisi
1900 1748 1977 1819 quoad

1291 1833 1402 1891 cultum
1420 1834 1478 1899 Dei,
1494 1835 1594 1899 2333,
1610 1836 1709 1900 2333,
1725 1836 1823 1891 2606.

1255 1924 1332 1980 PlLl.
1348 1925 1405 1980 661
1426 1914 1619 1981 olimberitis
1639 1924 1805 1999 injunctum
1822 1922 1904 1982 inerit
1920 1926 1978 1997 pilos

1291 2016 1403 2079 radere,
1418 2016 1508 2071 3386.

1255 2102 1422 2159 PLANETAE
1445 2108 1543 2160 utrum
1570 2104 1599 2160 in
1624 2104 1749 2177 propriis
1773 2106 1889 2161 orbibus
1904 2122 1980 2161 mone

1290 2195 1434 2254 6616661
1452 2193 1553 2250 nolunt
1578 2193 1749 2251 Ptolemaeus
1773 2198 1802 2251 61
1819 2193 1979 2257 6166116661,

1292 2282 1325 2337 18
1333 2282 1372 2347 6’,
1387 2298 1424 2339 66
1440 2282 1489 2338 616
1511 2282 1579 2348 sint,
1597 2286 1629 2340 61
1644 2282 1900 2345 6666161666616166,
1915 2285 1979 2348 683,

1291 2370 1407 2429 difficile
1422 2375 1466 2429 eat
1480 2371 1610 2435 delinire,
1628 2373 1700 2429 696.

1255 2458 1365 2517 Panno
1391 2481 1405 2514 1
1428 2478 1554 2534 magnus
1577 2465 1606 2518 et
1629 2462 1735 2518 nobilis
1758 2484 1783 2527 6,
1804 2462 1979 2536 philosophus,

1290 2552 1392 2615 3013,
1409 2554 1587 2624 quantopere
1607 2568 1658 2624 pro
1681 2551 1861 2624 acquirenda
1880 2550 1980 2609 scientia

1290 2640 1471 2703 laboraverit,
1491 2641 1591 2696 2¹10A'.
1612 2641 1765 2697 Asserebat
1787 2658 1884 2698 rernm
1905 2640 1981 2696 scien·

1290 2730 1346 2786 ties
1369 2728 1528 2786 intellectui
1550 2733 1689 2785 connatas
1708 2746 1780 2789 esse.
1798 2731 1885 2796 1366;
1903 2730 1981 2803 plane

1290 2824 1335 2876 666
1352 2822 1380 2876 66
1398 2818 1496 2876 6666166
1520 2818 1549 2875 66
1575 2818 1654 2876 coelis
1679 2819 1798 2885 moneri,
1817 2820 1893 2885 683,
1911 2824 1980 2891 atque

1290 2908 1421 2981 primum
1451 2910 1604 2973 motorem,
1631 2908 1682 2963 126
1693 2908 1733 2964 3.
1764 2940 1795 2950 -
1823 2908 1924 2966 Passim
1948 2908 1980 2963 ci·

1291 3001 1377 3063 66661,
1399 2997 1483 3061 363,
1507 2997 1595 3062 10611,
1621 2998 1757 3053 1826-
1779 2998 1914 3055 Platonici
1934 3013 1980 3053 non

1290 3086 1345 3142 nisi
1371 3086 1535 3143 naturalem
1560 3086 1609 3142 Dei
1638 3086 1826 3145 dilectionem
1851 3090 1980 3147 nonerunt.

1290 3176 1394 3233 2713.

488 3258 599 3332 patitur
611 3263 753 3330 tanquam
768 3261 952 3318 consortibus
966 3262 1199 3328 6666116·,2366’,
1255 3266 1478 3323 Peenameus.
1495 3266 1639 3322 Punctum
1654 3282 1707 3322 nec
1726 3270 1795 3323 6616
1810 3283 1861 3323 666
1876 3264 1981 3337 potentia

487 3350 587 3414 2663,
602 3350 712 3406 donum
728 3367 795 3406 nero
810 3351 927 3407 babitus
939 3355 983 3409 est
996 3356 1201 3426 supernatura·

488 3440 533 3502 lis,
555 3440 716 3497 secundum
737 3439 803 3497 lidei
825 3440 972 3498 dictamen
993 3459 1092 3515 agens,
1107 3444 1160 3499 231
1169 3445 1198 3508 D,

487 3528 588 3593 2603,
604 3528 654 3600 qui
673 3528 752 3585 circa
771 3529 862 3586 666111
882 3530 1027 3603 proecipne
1041 3535 1200 3603 occupatur

487 3618 979 3691 (6611670616616),2336’,2366,
995 3621 1094 3682 2333,
1111 3624 1139 3677 66
1157 3637 1200 3677 se·

488 3708 631 3765 66666166
650 3708 727 3764 66166
747 3708 925 3782 proximum,
941 3712 1028 3781 prout
1044 3714 1088 3766 est
1102 3710 1200 3783 imago

486 3798 545 3864 nei,
561 3798 661 3862 2333,
677 3798 775 3862 2366,
790 3799 888 3854 2603.
900 3799 1009 3856 Pariter
1027 3816 1095 3855 cum
1115 3800 1200 3857 latria

1291 3354 1381 3411 661666
1405 3358 1499 3426 potest
1520 3353 1551 3411 in
1578 3354 1672 3426 plura,
1692 3356 1833 3412 6266-
1853 3354 1981 3421 Quomodo

1290 3444 1369 3501 linea
1381 3443 1579 3517 potentialiter
1592 3444 1630 3499 sit
1644 3445 1737 3517 plura,
1752 3446 1841 3511 6266,
1852 3450 1879 3503 66
1891 3444 1981 3501 166616-

1290 3534 1373 3590 166666
1392 3531 1507 3590 6666161
1525 3532 1981 3605 616161616166616166666,6263.

1289 3656 1326 3667 -
1340 3625 1370 3679 ln
1384 3622 1463 3679 omni
1481 3639 1585 3695 genere
1601 3640 1699 3679 rerum
1721 3624 1750 3679 in
1767 3642 1825 3695 quo
1839 3628 1902 3681 sunt
1915 3623 1982 3694 plura

1291 3730 1342 3786 per
1357 3711 1619 3785 participationem,
1635 3716 1679 3769 est
1698 3729 1791 3770 unum
1812 3712 1931 3785 primum
1943 3726 1983 3783 per

1290 3802 1457 3865 essentiam,
1473 3801 1573 3858 6603.

488 3887 516 3943 66
532 3887 708 3959 quibusdam
724 3888 867 3950 convenit,
882 3890 973 3952 2361),
987 3893 1016 3946 66
1030 3904 1098 3945 cum
1114 3889 1201 3947 mise·
1256 3890 1447 3948 remunero
1463 3890 1544 3947 omni
1559 3894 1676 3963 peccato
1692 3890 1809 3947 mortali
1831 3890 1983 3964 616661666-

487 3977 622 4040 16661666,
646 3978 737 4039 2336,
760 3981 789 4033 66
811 3978 944 4038 1116161666,
964 3978 1061 4042 2376,
1086 3979 1136 4035 666
1161 3978 1203 4035 di·

489 4068 574 4139 gnior
596 4070 640 4124 est
667 4066 733 4130 illis,
758 4068 858 4133 2363,
882 4067 923 4131 3,
947 4071 976 4123 66
1002 4067 1113 4140 perlicit
1142 4085 1200 4135 eas,

488 4157 590 4212 2363.
618 4187 651 4198 -
680 4158 769 4213 116161
796 4157 825 4212 66
858 4158 1038 4229 adjutorium
1067 4159 1200 4231 Justitiee,

492 4247 589 4311 1673,
605 4247 694 4309 2383,
711 4250 813 4303 contra
832 4246 982 4310 insidiam,
1000 4247 1095 4311 leoc',
1111 4251 1139 4304 66
1158 4264 1203 4305 66-

489 4335 592 4396 1616666,
616 4337 719 4400 2333,
741 4340 844 4393 666616
870 4336 1149 4402 6616666162363,
1174 4341 1202 4394 61

1291 3980 1365 4053 dign
1389 3982 1464 4037 Deua
1487 3984 1636 4045 aternam,
1661 3981 1755 4039 6636.
1784 4012 1815 4023 -
1839 3980 1983 4053 Baptismus

1290 4070 1458 4127 1666616661
1473 4070 1609 4127 mortalia
1621 4072 1720 4143 quoad
1735 4086 1851 4143 poenam
1865 4076 1892 4127 et
1904 4067 1983 4142 quoad

1292 4159 1408 4231 culpam
1433 4158 1649 4223 antemittit.
1675 4160 1860 4217 3666616666
1882 4156 1984 4215 remittit

1292 4248 1416 4305 venialia
1438 4248 1527 4306 etiam
1552 4251 1696 4321 quantum
1718 4251 1756 4306 ad
1776 4266 1899 4321 paenam,
1912 4247 1983 4307 3676

1290 4338 1391 4402 6163,
1408 4338 1543 4393 mortalia
1562 4337 1660 4401 oblita,
1677 4338 1785 4410 partim
1806 4342 1938 4411 quantum
1954 4336 1982 4391 ad

488 4424 620 4480 animam
636 4428 720 4481 sanat
734 4425 880 4482 avulsere
895 4426 1024 4491 malitiae,
1042 4428 1134 4491 1686;
1150 4427 1201 4482 ho·
1293 4426 1554 4500 poenamtotaliter
1569 4429 1712 4500 quantum
1727 4429 1765 4484 ad
1781 4426 1984 4500 culpamdiiiti.

489 4513 599 4569 minem
616 4514 717 4587 dirigit
731 4514 760 4569 in
780 4518 991 4586 praeceptorum
1006 4516 1201 4579 exsecratione,
1256 4513 1493 4573 eonnlnnnnn.
1518 4517 1749 4589 Quadragesima
1778 4516 1932 4590 specialiter
1952 4514 1985 4569 est

491 4603 584 4667 6676,
599 4606 628 4659 66
641 4603 801 4675 appetitum
819 4603 1074 4675 concupiscibilem
1091 4606 1203 4675 perficit
1293 4607 1432 4677 deputata
1454 4605 1567 4662 actibus
1587 4606 1774 4679 paenitentiae,
1789 4608 1859 4671 363,
1878 4605 1922 4679 qui
1941 4605 1984 4658 066

490 4692 586 4765 quoad
611 4691 797 4748 dilectionem
822 4692 958 4764 proximi,
985 4694 1071 4755 1676,
1095 4694 1200 4758 2333,
1293 4696 1484 4767 complacent,
1500 4696 1588 4752 6676.
1606 4726 1638 4736 -
1654 4697 1763 4753 Omnes
1784 4696 1880 4753 fideles
1898 4693 1986 4751 debent

491 4782 560 4854 quia
574 4783 611 4838 ad
626 4782 714 4838 vitam
730 4782 853 4837 activam
867 4784 1150 4853 speculationem
1165 4786 1201 4840 66
1294 4784 1523 4858 poenitentialem
1538 4784 1627 4841 vitam
1644 4786 1905 4850 666616,6633’,66
1917 4797 1987 4839 verus

491 4874 642 4927 externam
666 4871 925 4935 conversationem,
940 4872 994 4928 233
1002 4876 1033 4936 6,
1050 4872 1089 4933 3,
1101 4873 1201 4939 2373,
1294 4874 1437 4947 paenitens
1461 4876 1579 4945 paratus
1598 4875 1699 4930 66166
1722 4891 1842 4931 omnem
1866 4872 1986 4947 poeniten·

493 4960 580 5019 2636,
595 4963 624 5016 66
643 4959 842 5032 principaliter
859 4963 990 5018 16166161
1008 4961 1085 5018 66166
1104 4963 1203 5034 proxi·
1294 4963 1366 5020 tiam
1381 4964 1588 5037 peragendam,
1604 4964 1705 5019 6633.

493 5065 566 5113 mos,
592 5050 644 5105 668
652 5049 693 5112 A',
717 5050 811 5113 2366,
834 5050 934 5114 2333,
959 5050 1102 5123 quidquid
1126 5052 1205 5109 66666
1260 5052 1370 5109 POLUS
1388 5068 1440 5124 pro
1459 5051 1531 5109 61616
1550 5051 1748 5115 6111116661,161
1768 5070 1821 5125 pro
1835 5069 1886 5108 616
1899 5052 1987 5106 immo

490 5138 625 5202 Thomas,
636 5137 740 5201 2333,
751 5138 840 5193 2366.
855 5138 967 5210 Triplex
983 5140 1065 5196 66666
1086 5142 1203 5211 gradus,
1296 5141 1346 5197 bili
1363 5141 1392 5197 in
1412 5158 1471 5213 qno
1489 5141 1615 5198 16116661
1628 5142 1747 5207 coelnm,
1761 5146 1790 5199 66
1808 5142 1849 5200 666
1862 5144 1917 5199 666
1933 5140 1988 5195 6666

493 5243 620 5298 qnorum
643 5226 756 5297 primus
775 5229 818 5282 est
839 5244 873 5283 ex
893 5228 1048 5299 supertluis
1070 5228 1206 5300 proximo
1297 5230 1364 5302 poli,
1384 5232 1435 5287 102
1445 5231 1486 5287 6’.
1503 5261 1538 5272 -
1553 5232 1706 5297 Quomodo
1721 5230 1836 5289 Lucifer
1853 5230 1935 5287 661111
1948 5243 1988 5301 pe

494 5316 658 5383 subuenire,
679 5315 779 5381 2373,
795 5320 824 5373 66
842 5316 956 5373 veniam
976 5318 1046 5374 dare
1063 5319 1204 5390 precanti,
1297 5319 1359 5377 lum
1374 5320 1507 5394 ealigine,
1526 5320 1612 5380 11016.
