4309 6259
239 507 249 519 ·
322 512 362 561 ns
382 511 584 560 semirame
603 511 734 557 anrnms
755 510 792 555 aa
811 508 910 555 urssn
930 506 1157 555 cstsuaartorur
1180 508 1337 557 arenosus.
1360 528 1400 541 -
1421 509 1490 557 aar.
1514 510 1569 557 vru
1661 490 1720 555 393

175 682 204 747 ei
220 683 310 747 unita
324 682 467 747 unitione
480 682 650 764 completa,
666 679 741 763 quia
756 689 832 743 tuno
846 698 920 742 vere
935 679 961 740 Α
976 686 1025 741 tas
1038 698 1075 742 ac
1091 678 1251 760 Sapientia
1266 678 1417 759 increata,
1433 699 1550 763 sponsa
1564 688 1612 743 est
1631 678 1722 742 intel·

175 782 274 845 scitur
294 801 332 845 ac
353 781 504 845 noscitur.
976 776 1076 839 lectus
1092 778 1189 841 creati
1204 800 1212 855 ;
1229 786 1341 841 ceterae
1365 777 1514 842 veritates
1536 786 1611 842 sunt
1631 777 1722 860 quasi

213 882 341 959 lterum,
367 880 451 943 sicut
474 880 564 943 cibus
590 877 742 942 distendit
769 885 802 941 et
827 885 922 958 anget
975 875 1155 957 pedisequae
1180 884 1212 939 et
1235 876 1371 956 ancillae,
1388 896 1460 939 eum
1486 876 1601 960 quibus
1626 876 1722 958 impie

175 998 292 1061 corpus
305 979 339 1040 in
359 978 440 1041 trina
458 977 668 1054 dimensione,
685 975 835 1039 videlicet
854 977 922 1037 lon·
976 972 1162 1054 fornicatur,
1188 975 1264 1037 dum
1292 974 1338 1037 cis
1362 974 1463 1057 magis
1487 994 1583 1057 qnam
1613 974 1724 1056 primae

174 1072 327 1155 gitudine‚
358 1072 524 1135 latitudine
553 1091 609 1134 seu
643 1070 860 1154 spissitudine,
890 1076 922 1131 et
975 1072 1099 1135 veritati
1114 1072 1262 1135 innititur
1276 1092 1312 1136 ae
1327 1073 1469 1137 inhaeret.
1480 1073 1630 1136 Similiter
1645 1072 1725 1135 offe-

174 1171 391 1254 profunditate
405 1190 462 1233 seu
475 1170 662 1246 altitudine3
677 1171 725 1233 sic
739 1169 855 1232 veritas
869 1187 922 1229 ex·
976 1178 1046 1233 ctus
1061 1178 1186 1233 creatus
1204 1172 1321 1235 habere
1341 1191 1374 1235 se
1394 1172 1489 1235 debet
1507 1172 1546 1235 ad
1566 1190 1723 1233 summam

174 1270 277 1332 tendit
299 1270 332 1331 in
356 1270 486 1351 longum
509 1268 724 1351 praesentium,
751 1266 922 1348 praeterito
976 1269 1162 1349 bonitatem,
1188 1269 1217 1332 ei
1247 1270 1383 1332 maxime
1408 1277 1440 1333 et
1464 1269 1603 1331 finaliter
1628 1269 1725 1331 inber

175 1387 246 1429 rum
264 1386 302 1429 ac
321 1366 513 1443 futurorum,
529 1365 562 1427 in
582 1368 681 1428 latum
706 1364 922 1429 concomitau·
976 1367 1086 1444 rendo,
1102 1374 1134 1429 et
1152 1367 1309 1430 bonitates
1330 1367 1363 1429 in
1383 1367 1536 1430 creaturis
1556 1368 1723 1449 adspersas

173 1466 266 1544 tium,
283 1466 316 1527 id
330 1474 378 1527 est
392 1465 424 1527 in
439 1465 538 1527 latum
556 1464 874 1546 circumspectorum‚
890 1470 922 1525 et
975 1464 1143 1528 referendo
1162 1467 1201 1527 ad
1224 1465 1322 1527 illem.
1340 1466 1420 1527 llinc
1440 1464 1531 1547 panis
1552 1465 1609 1527 iste
1630 1464 1724 1527 coele-

173 1563 323 1626 inlatum
338 1563 554 1627 essentialium
573 1582 610 1627 ac
630 1562 825 1625 intimorum.
842 1561 922 1624 Con·
975 1565 1033 1625 stis
1048 1582 1112 1626 non
1128 1563 1231 1627 solum
1254 1563 1403 1645 quotidie,
1421 1565 1475 1627 sed
1498 1564 1624 1626 assidue
1647 1581 1724 1644 quo-

172 1661 323 1724 similiter
337 1662 370 1723 in
385 1660 541 1743 superiori
564 1660 594 1722 vi
616 1659 766 1723 affectiva
788 1658 920 1722 latitudo
975 1680 1037 1743 que
1051 1671 1083 1724 et
1101 1661 1219 1743 jugiter
1233 1670 1281 1723 cst
1295 1662 1448 1740 edendus,
1466 1670 1497 1723 et
1517 1662 1637 1742 absque
1660 1680 1724 1723 ces·

172 1770 219 1822 est
239 1778 341 1838 amor,
356 1761 410 1843 qui
433 1778 532 1841 usque
557 1758 596 1821 ad
620 1758 769 1823 inimicos
792 1765 921 1839 propter
977 1759 1096 1823 satione
1111 1760 1142 1821 in
1159 1767 1264 1821 mente
1279 1760 1454 1838 habendus,
1471 1759 1721 1842 amplectendus,

171 1858 272 1921 Deum
294 1856 484 1921 extenditur.
505 1856 658 1935 Altitudo,
679 1853 920 1937 magnificentia
935 1852 959 1916 B
977 1866 1070 1939 atque
1087 1857 1287 1919 retinendus:
1300 1865 1427 1939 propter
1440 1858 1525 1937 quod
1541 1876 1604 1920 non
1620 1857 1723 1919 solum

171 1976 228 2018 seu
258 1956 385 2019 tonius
413 1954 489 2017 bine
522 1954 710 2031 declaratur,
737 1954 822 2036 quod
853 1952 920 2016 sola
976 1955 1187 2037 quotidianus,
1206 1956 1261 2017 sed
1285 1962 1316 2017 et
1340 1954 1650 2037 supersubstantialis
1673 1973 1861 2027 renuens.

172 2054 424 2117 luminosissima
455 2053 572 2116 veritas
607 2052 711 2134 prima
742 2050 921 2133 propriissi-
976 2062 1065 2116 catus
1084 2061 1143 2132 est,
1160 2052 1253 2132 cujus
1273 2052 1446 2115 subtractio
1465 2061 1513 2115 est
1534 2052 1665 2116 internae
1686 2072 1722 2115 ec
1739 2040 1872 2147 fflmm·

172 2172 223 2215 me
253 2151 345 2215 cibus
372 2151 414 2214 sit
442 2151 633 2230 intellectus,
661 2151 790 2230 solaque
818 2149 921 2231 prima
976 2150 1149 2232 spiritualis
1164 2150 1236 2213 vitta
1251 2148 1620 2213 exstinctioNectamen
1636 2169 1726 2232 opor-

170 2250 386 2313 mundissima
399 2248 724 2330 mundantissimaque
739 2248 865 2309 bonitas
880 2247 923 2308 ci·
976 2257 1021 2311 tet
1034 2248 1175 2312 animam
1195 2267 1322 2330 semper
1336 2248 1502 2311 actualiter
1523 2248 1632 2330 primae
1648 2249 1726 2311 veri-

171 2350 232 2412 bus
247 2349 291 2411 sit
304 2348 489 2413 voluntatis.
501 2346 625 2409 Etenim
640 2347 731 2410 cibus
746 2345 922 2408 rectissima
976 2346 1032 2409 tati
1047 2366 1117 2409 esse
1133 2346 1298 2409 intentam.
1315 2346 1416 2420 Quum
1432 2364 1507 2427 ergo
1522 2347 1628 2410 anima
1650 2354 1724 2410 nata

171 2448 363 2511 delinitione
395 2455 529 2510 vocatur
554 2446 586 2508 id
615 2447 708 2526 cujus
740 2444 922 2526 sumptione
976 2445 1019 2507 sit
1030 2464 1145 2526 panem
1157 2445 1242 2507 bunc
1254 2445 1497 2523 manducarc,et
1507 2445 1589 2507 Deus
1601 2445 1669 2527 ipse
1682 2445 1727 2507 ni-

171 2548 277 2609 fames
301 2546 439 2622 sedatur,
456 2544 625 2607 comedens
650 2544 835 2619 delectatur,
852 2561 922 2623 per·
977 2544 1021 2606 bil
1037 2543 1220 2605 inaniterac
1235 2542 1348 2604 frustra
1363 2543 1663 2623 creaverit,neeessc
1679 2552 1727 2606 est

170 2645 275 2707 ditum
295 2651 469 2723 reparatur,
485 2651 518 2704 et
540 2641 664 2703 cibatus
687 2649 831 2722 augetur,
848 2638 922 2701 refi-
977 2650 1012 2704 ut
1026 2661 1141 2724 panem
1161 2641 1379 2722 hunc,utputa
1399 2662 1432 2705 se
1453 2642 1568 2723 ipsum,
1580 2641 1727 2705 exhibeat

171 2742 257 2804 citur
272 2760 310 2803 ac
324 2740 485 2825 impletur.
497 2738 686 2820 Certumque
700 2747 749 2801 est
763 2739 846 2819 quod
863 2756 921 2799 nec
978 2740 1039 2822 ipsi
1064 2739 1180 2802 animae
1201 2739 1455 2802 manducabilem
1479 2740 1546 2801 sive
1568 2738 1723 2803 esibilem.

171 2840 277 2903 fames
301 2859 358 2902 seu
376 2838 568 2902 desiderium
589 2836 781 2914 intellectus,
796 2855 857 2898 nec
877 2835 924 2899 fa·
1019 2838 1182 2915 Praeterea,
1199 2854 1297 2917 quum
1313 2837 1395 2899 Deus
1411 2838 1453 2900 sit
1471 2836 1727 2919 incomparabili-

172 2958 242 3001 mes
259 2936 434 3001 uoluntatis
455 2936 602 3017 quiescit,
618 2937 719 2998 donec
741 2934 922 2997 intellectus
978 2944 1027 2998 ter
1056 2936 1157 3017 magis
1186 2934 1259 3016 pius
1287 2943 1318 2997 ct
1347 2935 1499 3017 providus
1528 2936 1613 2998 circa
1639 2934 1726 2997 filios

171 3036 273 3117 pleno
286 3054 341 3099 ore
357 3034 529 3097 comederit
549 3042 581 3096 et
601 3034 774 3114 gustaverit
788 3032 922 3116 primam
938 3034 961 3097 (l
979 3034 1088 3116 gratiae
1103 3053 1178 3111 suat,
1195 3051 1290 3113 quam
1305 3052 1513 3115 quaecumque
1529 3040 1630 3097 mater
1644 3032 1728 3095 circa

171 3134 353 3210 veritatem,
375 3138 468 3214 atque
486 3132 633 3194 voluntas
652 3131 787 3212 primam
803 3132 925 3193 suavis·
979 3132 1067 3195 filios
1101 3131 1182 3194 uteri
1216 3130 1277 3205 sui,
1309 3139 1340 3193 et
1367 3131 1444 3213 ipsae
1473 3130 1727 3194 matresfamilias

171 3232 289 3294 simam
314 3230 496 3293 bonitatem.
518 3230 591 3304 Quae
610 3228 727 3291 veritas
746 3248 784 3291 ac
798 3229 924 3291 bonitas
979 3230 1115 3293 naturali
1132 3229 1249 3312 pietate
1264 3237 1294 3291 et
1310 3229 1440 3292 caritate
1455 3230 1636 3292 ministrent
1650 3229 1728 3292 filiis

172 3331 250 3393 solae
266 3328 434 3391 sufficiunt
449 3327 580 3409 implere
595 3336 628 3390 et
641 3327 783 3409 quietare
795 3346 923 3390 omnem
979 3327 1046 3391 suis
1071 3347 1172 3405 escas,
1189 3328 1365 3389 secundum
1391 3329 1598 3409 capacitatem
1617 3335 1648 3389 et
1668 3328 1729 3389 dis

171 3427 394 3510 capacitatem,
420 3425 537 3489 famem
551 3434 584 3488 et
604 3426 782 3507 appetitum
801 3425 926 3488 intelle·
979 3426 1172 3509 positionem
1195 3424 1334 3502 illorum,
1351 3425 1383 3486 in
1409 3425 1515 3507 specie
1540 3425 1642 3503 lactis,
1659 3426 1729 3506 pul-

172 3536 244 3589 ctus
276 3525 373 3587 vestri
401 3544 438 3587 ac
466 3524 649 3601 voluntatis,
675 3530 859 3587 contentare
887 3543 924 3587 ac
980 3523 1079 3586 menti
1095 3530 1150 3585 aut
1165 3522 1278 3604 panis3
1295 3522 1395 3586 multo
1411 3524 1482 3603 plus
1498 3523 1728 3587 inaestimabilis

172 3623 313 3687 maxime
327 3622 485 3685 delectare
498 3631 531 3684 et
545 3620 807 3685 confortare.Nec
822 3629 924 3702 potest
980 3622 1159 3686 clementiae
1178 3642 1214 3685 ac
1235 3622 1497 3704 paternalissimae
1522 3621 1728 3704 providentiae

173 3723 357 3786 intellectus
371 3721 537 3803 quiescere
552 3720 614 3781 nisi
636 3718 669 3781 in
692 3720 801 3802 primae
822 3740 925 3782 causae
980 3721 1063 3783 Deus
1083 3720 1160 3782 filiis
1180 3720 1247 3782 suis
1272 3720 1429 3801 adoptivis
1455 3720 1617 3802 dispensat
1642 3722 1728 3783 bunc

173 3819 374 3904 cognitione,
403 3838 463 3882 nec
495 3818 632 3881 affectus
659 3818 721 3879 nisi
754 3818 786 3879 in
814 3818 925 3900 primae
981 3838 1095 3900 panem
1112 3818 1447 3901 supersubstantialem
1462 3818 1551 3899 juxta
1574 3818 1729 3900 capacita-

43 3934 109 4005 'tlt'
124 3934 158 3978 te
173 3938 282 3983 causae
293 3924 306 3947 '
321 3916 633 3998 fruitione.Cognitio
648 3924 753 3978 autem
769 3923 800 3977 et
816 3915 925 3978 fruitio
981 3924 1044 3977 tem
1066 3916 1219 3996 ipsorum.
1236 3914 1334 3977 Habet
1353 3916 1499 3995 equidem
1525 3914 1611 3978 filios
1635 3933 1729 3996 quos-

39 4002 104 4038 Μ’·
172 4027 251 4080 sunt
266 4016 367 4099 ipsius
382 4013 499 4078 mentis
513 4013 741 4076 convenientes
761 4014 927 4076 comestio-
980 4015 1052 4075 dam
1068 4013 1157 4095 quasi
1175 4012 1324 4095 perfectae
1345 4014 1455 4091 aetatis,
1473 4012 1570 4077 fortes
1592 4034 1628 4077 ac
1650 4012 1729 4076 vali-

172 4136 231 4179 nes
250 4139 258 4177 ε
278 4114 350 4178 ideo
364 4112 457 4195 panis
471 4120 503 4175 et
517 4111 607 4174 cibus
622 4110 724 4193 ipsius
743 4119 791 4175 est
809 4112 925 4175 veritas
980 4113 1049 4189 dos,
1067 4120 1143 4193 puta
1158 4112 1244 4175 cives
1259 4130 1426 4193 supernos,
1442 4112 1496 4193 qui
1512 4132 1628 4194 panem
1643 4114 1729 4175 bunc

172 4215 280 4296 prima
300 4221 332 4276 et
351 4210 476 4275 bonitas
494 4229 629 4287 summa,
646 4211 685 4273 ad
710 4228 789 4291 quas
813 4218 925 4273 ceterae
941 4211 1073 4276 Dedere
1091 4218 1223 4291 possunt
1237 4210 1268 4271 in
1286 4230 1342 4271 sua
1357 4211 1485 4292 propria
1501 4210 1613 4275 forma.
1631 4212 1731 4275 llabet

172 4312 326 4376 veritates
340 4318 371 4371 et
385 4308 541 4371 bonitates
561 4326 595 4369 se
614 4308 732 4371 babent
752 4307 837 4370 sicut
857 4327 926 4369 um·
980 4316 1012 4369 et
1027 4307 1110 4371 filios
1127 4307 1286 4390 parvulos,
1303 4307 1356 4388 qui
1372 4308 1433 4369 hoe
1455 4327 1536 4390 pene
1558 4310 1643 4371 vesci
1665 4328 1728 4373 non

172 4412 239 4473 brae
254 4407 437 4471 vanissimas
450 4405 691 4486 exilissimaeque
707 4404 849 4486 picturae.
859 4405 925 4468 imo
980 4414 1102 4487 queunt
1118 4406 1149 4466 in
1167 4404 1300 4487 propriae
1316 4404 1425 4468 formae
1445 4406 1602 4468 soliditate
1617 4429 1623 4467 :
1637 4407 1730 4469 idcir-

171 4509 338 4570 snbtracta
352 4505 392 4567 ab
406 4504 571 4567 intellectu
585 4503 696 4584 primae
711 4502 854 4565 veritatis
869 4522 925 4566 no
981 4523 1020 4566 co
1035 4522 1167 4565 necesse
1182 4512 1231 4565 est
1245 4510 1281 4564 ut
1296 4502 1327 4563 in
1340 4502 1401 4565 alia
1416 4502 1519 4565 forma
1533 4522 1594 4585 qua
1610 4505 1654 4566 eis
1669 4505 1731 4567 esi-

171 4607 255 4683 titia,
273 4612 305 4667 et
325 4625 344 4666 a
363 4604 525 4667 voluntate
545 4602 660 4665 divinas
678 4601 828 4665 bonitatis
846 4603 925 4665 dile·
981 4602 1056 4664 bilis
1086 4602 1137 4680 sit,
1164 4600 1242 4682 ipsis
1270 4608 1426 4681 proponet
1452 4602 1611 4663 eumdem.
1637 4603 1730 4665 Nulla

172 4704 296 4780 ctione,
312 4700 519 4785 spiritualiter
539 4710 683 4763 mortuns
706 4709 755 4762 est
778 4709 921 4781 uterque.
980 4718 1057 4762 vero
1082 4698 1185 4762 forma
1214 4700 1252 4761 ed
1282 4699 1342 4761 boc
1371 4698 1493 4761 exsistit
1520 4700 1727 4781 conueniens,

171 4802 359 4865 intellectus
372 4799 489 4881 quippe
504 4798 603 4861 Deum
618 4798 778 4880 ignorans,
796 4806 828 4861 et
845 4798 925 4861 affe·
980 4797 1042 4859 nisi
1058 4798 1205 4861 ostendat
1220 4796 1310 4858 illum
1327 4814 1397 4859 esse
1419 4816 1534 4877 panem
1552 4821 1559 4859 :
1577 4797 1640 4862 imo
1662 4818 1729 4863 om-

170 4910 245 4965 ctus
278 4899 378 4961 Deum
412 4916 476 4960 non
508 4916 630 4975 amans,
659 4896 773 4959 vivunt
802 4897 921 4977 inique,
980 4896 1031 4957 nis
1046 4896 1109 4959 alia
1124 4894 1227 4959 forma
1241 4896 1331 4957 illum
1348 4895 1568 4975 absconderet,
1581 4904 1613 4959 et
1628 4896 1729 4960 forma

170 4999 328 5081 quoniam
346 4998 411 5060 ileo
429 5014 494 5058 non
513 4994 638 5074 vivunt,
655 5014 714 5057 nec
735 5014 769 5057 se
788 5014 848 5057 nec
867 5013 925 5056 sua
980 4996 1086 5058 carnis
1107 4997 1274 5058 comedere
1294 4994 1459 5076 cupientes
1483 5003 1650 5058 averteret.
1668 4995 1729 5058 Sed

170 5098 204 5160 in
229 5098 304 5178 ejus
332 5095 485 5158 honorem
509 5102 604 5173 atque
632 5091 820 5173 obsequium
844 5091 925 5154 refe-
980 5091 1083 5154 forma
1108 5092 1199 5173 panis
1225 5093 1263 5153 ad
1289 5092 1348 5155 boc
1379 5092 1638 5154 communissima
1669 5093 1729 5156 fuit

171 5204 248 5259 runt
270 5214 309 5257 ac
333 5200 534 5268 convertunt,
550 5212 569 5253 a
588 5209 652 5272 quo
671 5190 824 5271 quidquid
850 5198 924 5252 sunt
980 5190 1155 5270 aptissima.
1173 5190 1326 5269 lienique,
1343 5188 1438 5252 homo
1453 5188 1483 5250 in
1506 5189 1565 5251 hee
1588 5189 1652 5251 vita
1674 5208 1728 5270 pa-

170 5303 204 5359 et
217 5292 351 5372 babent,
367 5291 470 5355 sortiti
491 5298 576 5352 sunt.
592 5290 736 5372 Insuper,
753 5288 821 5352 sola
836 5288 924 5351 Veri·
982 5307 1055 5351 nem
1070 5288 1161 5350 illum
1178 5288 1210 5349 in
1227 5307 1283 5351 sua
1299 5288 1440 5351 claritate
1461 5296 1493 5351 et
1510 5288 1610 5369 gloria
1625 5287 1729 5353 nulla-
