4309 6259
473 482 533 551 oto
621 505 662 552 nc
682 505 884 555 sacnauauro
906 510 1035 556 acrama
1056 510 1094 556 ar
1114 511 1211 557 mssa
1232 510 1458 560 macenariam
1479 514 1638 561 hramous.
1660 534 1701 544 -
1722 514 1792 561 aar.
1814 515 1865 562 xrx

473 674 610 739 maxime
624 686 753 760 propter
767 698 879 761 puram
900 686 932 741 et
946 680 1145 762 spiritualem
1167 680 1220 743 de-
1235 682 1261 743 A
1276 689 1308 744 et
1323 689 1450 745 sanctus
1465 680 1499 745 in
1514 702 1547 746 se
1568 692 1600 747 et
1621 692 1749 765 propter
1770 703 1803 747 se
1824 682 1907 747 omni
1926 684 2002 748 cultu

472 772 675 839 lactationem
698 778 731 840 in
752 778 908 860 superiori
929 787 1017 861 parte
1038 788 1219 843 manentem
1275 788 1307 842 et
1321 781 1498 843 reverentia
1518 800 1648 863 prorsus
1669 781 1875 865 dignissimus
1895 790 1948 863 est,
1963 783 2002 844 ni-

472 880 505 934 et
518 873 745 954 quiescentem.
761 876 864 950 Quum
878 878 996 940 etenim
1011 878 1115 941 omnis
1138 878 1221 942 actio
1274 878 1341 941 hilo
1362 879 1468 941 minus
1490 880 1585 943 etiam
1613 900 1696 961 saepe
1724 880 1866 961 procedit
1891 899 1926 943 cx
1947 881 2002 962 spi-

472 971 614 1036 virtuosa
637 974 822 1038 naturaiiter
841 976 956 1038 habeat
977 976 1220 1040 delectationem
1275 977 1380 1039 rituali
1409 986 1440 1041 et
1474 978 1589 1041 actuali
1617 978 1789 1042 dilectione
1821 979 1869 1041 sui
1902 979 1999 1061 ipsius,
2104 1024 2105 1057 ,

472 1069 534 1132 sibi
550 1074 849 1153 correspondentem
871 1093 909 1136 ac
929 1074 1085 1157 junctam,
1102 1084 1220 1156 quanto
1273 1077 1350 1139 dum
1365 1076 1461 1140 homo
1475 1076 1630 1140 desiderio
1645 1096 1709 1139 sura
1724 1077 1835 1140 salutis
1849 1077 2000 1139 seactihus
2104 1098 2105 1163 j

472 1167 565 1231 latria
578 1177 610 1232 et
623 1178 712 1233 actus
734 1171 835 1252 ipsius
854 1181 929 1234 sunt
947 1172 1087 1252 altiores,
1104 1174 1219 1236 caritas
1274 1175 1433 1257 mancipat
1458 1175 1562 1238 cultus
1585 1175 1699 1255 divini,
1723 1184 1754 1238 et
1778 1194 1816 1238 ex
1841 1175 2000 1239 considera·

470 1284 597 1348 quoquc
618 1276 650 1331 et
669 1268 811 1349 dilectio,
831 1278 863 1332 et
883 1270 960 1333 item
981 1270 1123 1351 cognitio
1143 1271 1219 1335 doni
1274 1273 1361 1335 tione
1384 1292 1449 1335 sua
1472 1272 1679 1353 infirmitatis,
1706 1274 1808 1355 culpas
1836 1281 1867 1335 et
1891 1271 2000 1335 insuili-

470 1365 634 1445 sapientia
668 1386 704 1429 ac
739 1368 815 1431 doni
848 1369 1001 1450 scientiae,
1030 1391 1069 1433 er
1103 1371 1219 1452 quibus
1275 1370 1409 1449 cientiae,
1439 1372 1479 1433 ad
1514 1370 1764 1435 misericordiam
1792 1370 1848 1433 Dei
1875 1369 2000 1451 confugit

470 1462 598 1527 devotio
611 1463 722 1546 oritur,
733 1474 820 1529 tanto
835 1467 896 1549 ipsi
911 1468 1028 1531 actuali
1043 1468 1217 1547 devotioni,
1274 1469 1404 1545 orando,
1424 1488 1462 1531 ac
1487 1477 1608 1531 ceteros
1633 1470 1787 1549 quosdam
1812 1476 1899 1531 actus
1916 1468 1999 1530 latria

470 1561 647 1643 prasertim
673 1563 707 1625 in
736 1563 815 1626 viris
842 1566 1027 1629 notabiliter
1057 1568 1217 1646 virtuosis,
1274 1567 1460 1645 exercendo,
1477 1566 1687 1629 consimiliter
1707 1587 1746 1630 ex
1760 1566 1887 1631 caritate
1903 1567 1999 1629 etzelo

470 1658 574 1738 major
587 1659 755 1725 delectatio
771 1662 946 1744 spiritualis
965 1664 1171 1746 insuperiori
1187 1666 1218 1727 vi
1274 1665 1385 1728 salutis
1400 1664 1798 1747 proximomm,potissime
1810 1664 1998 1741 subditum,

470 1753 622 1819 allectiva
636 1777 769 1822 manens
788 1761 981 1840 annectitur,
997 1763 1143 1843 quamvis
1163 1764 1220 1825 ali-
1273 1763 1317 1825 ita
1337 1764 1470 1845 agendo.

470 1855 597 1935 quando
611 1875 649 1918 ex
668 1858 773 1919 causis
792 1860 950 1939 praetactis
971 1861 1096 1923 accidat
1115 1861 1216 1924 aliter.
1235 1863 1258 1923 B
1314 1862 1481 1925 Sacranos.
1498 1861 1584 1924 -Si
1605 1861 1731 1925 devotio
1753 1861 1815 1924 ista
1828 1880 1865 1925 ex
1884 1861 1999 1944 pmpria

509 1952 681 2034 Postremo,
698 1955 900 2020 devotionem
922 1958 1051 2039 qnidam
1072 1958 1220 2022 dividunt
1275 1958 1481 2038 infirmitatis,
1511 1960 1612 2041 culpae
1639 1978 1676 2022 ac
1703 1959 1884 2041 indigentie
1914 1959 2000 2023 conn-

469 2051 503 2112 in
529 2052 730 2115 devotionem
756 2054 941 2118 rationalem
965 2064 1059 2137 atque
1087 2057 1220 2120 sensibi-
1274 2058 1436 2121 deratione
1460 2058 1614 2139 procedit,
1639 2057 1765 2121 videtur
1791 2058 1893 2139 potius
1918 2075 2000 2119 anne-

466 2148 534 2211 -lem
552 2174 558 2211 :
576 2169 640 2213 non
655 2152 740 2232 quod
761 2152 889 2216 devotio
904 2152 1082 2235 subjective
1097 2174 1134 2217 ac
1156 2156 1220 2218 ior·
1274 2176 1345 2218 xam
1369 2157 1486 2219 habere
1512 2156 1668 2219 tristitiam
1697 2163 1729 2219 et
1753 2156 1893 2220 dolorem
1919 2174 1999 2237 quam

471 2247 597 2309 maliter
615 2248 692 2310 insit
707 2249 832 2330 rationi,
848 2251 904 2314 sed
924 2251 1030 2333 potius
1048 2252 1217 2332 voluntati,
1274 2254 1467 2316 alacritatem
1488 2261 1520 2316 et
1536 2253 1697 2334 gaudium.

471 2345 556 2408 sicut
579 2354 611 2408 et
634 2347 736 2427 latria,
765 2356 894 2430 propter
921 2349 1004 2432 quod
1030 2350 1094 2413 dici
1119 2351 1219 2433 possit
1314 2353 1745 2433 vaurms.-1nquantum
1770 2371 1807 2415 ex
1828 2351 1920 2433 hujus
1939 2369 2000 2413 con-

471 2443 598 2508 devotio
633 2446 786 2525 volitiva;
816 2456 955 2511 attamen
991 2449 1154 2512 rationalis
1188 2459 1219 2513 et
1275 2449 1476 2514 siderationis
1504 2450 1610 2532 prodit
1638 2450 1754 2530 radice,
1785 2452 1828 2513 ita
1855 2458 1902 2513 est
1933 2450 2001 2511 sicut

472 2540 698 2605 intellectualis
713 2554 855 2623 vocatur,
873 2545 922 2608 vel
938 2546 1012 2628 quia
1030 2566 1068 2609 ex
1089 2547 1219 2610 rationis
1274 2548 1377 2629 tangis
1395 2571 1401 2609 :
1419 2548 1569 2629 quoniam
1589 2548 1799 2612 consideratio
1819 2548 2000 2630 propriomm

473 2641 727 2721 apprehensione
755 2643 945 2725 concipitur,
974 2654 1069 2727 atque
1096 2646 1218 2727 judicio
1274 2645 1501 2728 periculorum,
1532 2645 1694 2723 vitiorum,
1729 2644 1947 2708 infirmitatum
1976 2652 2000 2705 et

472 2738 555 2819 ejus,
571 2758 636 2802 non
652 2740 795 2803 sensibili
811 2742 970 2822 suavitati,
992 2742 1150 2821 innititur,
1167 2744 1217 2806 vel
1274 2744 1487 2824 miseriarum,
1507 2744 1628 2807 directo
1650 2752 1682 2807 et
1702 2764 1741 2807 ex
1763 2763 1820 2807 sua
1841 2751 1946 2806 natura
1963 2750 2002 2804 est

471 2836 621 2917 quoniam
652 2838 732 2901 ratio
760 2858 817 2901 scu
841 2838 1020 2903 intellectus
1044 2859 1102 2922 pro
1127 2860 1220 2923 supe·
1274 2842 1392 2905 doloris
1420 2850 1514 2924 atque
1542 2842 1676 2905 tristitiae
1704 2842 1877 2905 inductiva.
1903 2842 2001 2904 l'ernm

473 2933 548 2996 riori
576 2935 690 2997 animae
723 2945 822 3017 parte,
853 2957 923 3017 quaa
957 2946 989 3000 et
1023 2938 1217 3001 voluntatem
1275 2961 1312 3003 er
1333 2940 1540 3022 consequenti
1561 2948 1609 3003 est
1633 2940 1814 3019 alacritatis,
1837 2939 2003 3003 consolatio

473 3030 619 3109 includit,
636 3033 798 3096 multoties
821 3035 966 3097 sumitur.
1238 3040 1259 3105 C
1275 3039 1325 3100 nis
1347 3058 1383 3101 ac
1398 3038 1506 3119 gaudii
1523 3039 1694 3117 causativa,
1710 3038 1743 3100 in
1758 3046 1909 3119 quantum
1922 3038 2003 3099 hono

512 3128 545 3190 ld
560 3148 687 3211 quoque
703 3131 878 3211 sciendum,
895 3133 980 3213 quod
995 3134 1139 3214 predicti
1156 3143 1219 3197 tres
1275 3137 1314 3199 ad
1339 3137 1437 3199 Deum
1462 3136 1677 3217 confugiendo
1701 3144 1733 3199 et
1753 3137 1823 3217 ejus
1843 3134 2004 3198 misericor-

471 3227 585 3307 gradus
600 3228 778 3291 devotionis
794 3229 894 3291 tribus
908 3231 1072 3294 hominum
1087 3233 1220 3295 statibus
1275 3235 1359 3297 diam
1384 3234 1594 3315 implorando,
1618 3242 1681 3296 tam
1706 3253 1745 3296 ex
1770 3232 2003 3298 consideratione

473 3344 510 3387 ae
525 3325 676 3407 gradibus
691 3327 971 3408 proportionantur
985 3349 1021 3391 ac
1038 3348 1221 3411 correspon-
1276 3332 1401 3413 pietatis
1415 3332 1531 3394 divinar
1545 3351 1641 3413 quam
1656 3351 1694 3395 ex
1709 3340 1811 3413 spect
1829 3328 2004 3393 confidentia

474 3423 560 3502 dent,
588 3424 737 3486 videlicet
761 3448 767 3486 :
790 3423 1025 3507 incipientium,
1050 3428 1221 3509 prolicien-
1275 3431 1386 3507 veniae,
1413 3430 1521 3511 gratiae
1544 3449 1580 3491 ac
1604 3430 1711 3511 gloriae
1740 3428 1941 3511 impetranda
1961 3428 2004 3487 de

474 3522 566 3602 tium,
592 3530 624 3584 et
646 3521 862 3603 perlectorum
878 3545 886 3598 3
909 3524 997 3603 item,
1021 3525 1218 3603 animalium,
1275 3529 1409 3591 lectatur
1424 3528 1456 3590 in
1472 3528 1616 3606 Domino,
1634 3535 1665 3589 et
1685 3528 1874 3609 regratiatur
1893 3526 1920 3589 ei
1933 3524 2004 3606 quod

473 3619 686 3697 rationalium,
703 3628 736 3683 et
750 3620 1011 3683 intellectualium
1024 3645 1033 3701 3
1046 3642 1083 3686 ac
1099 3643 1218 3702 rursus,
1275 3626 1441 3706 hucusque
1463 3625 1523 3688 sibi
1547 3628 1735 3707 pepercerit.

475 3737 639 3781 servornm
677 3718 836 3797 fidelium,
872 3720 1047 3783 amicorum
1083 3730 1220 3785 secreto·
1316 3724 1483 3787 Sacranos.
1500 3724 1694 3787 -Habetne
1709 3725 1806 3787 etiam
1821 3724 1942 3788 devotio
1956 3722 2004 3783 ista

474 3835 557 3894 rum,
577 3824 609 3878 et
633 3815 776 3879 liliorum
801 3819 1019 3895 occultorum3
1046 3819 1135 3897 item,
1161 3820 1221 3883 vira
1275 3842 1433 3885 annexum
1462 3841 1643 3903 moerorem,
1670 3825 1845 3886 secundum
1870 3822 1949 3903 quod
1973 3840 2003 3881 cr

473 3914 657 3996 purgativae,
665 3914 894 3993 illuminativae,
902 3924 934 3979 et
947 3916 1146 3997 perfectivae,
1159 3918 1221 3980 vir·
1275 3920 1328 3983 Dei
1344 3921 1486 4003 procedit
1500 3925 1628 3984 amaret
1644 3920 1682 3983 Et
1699 3930 1831 4003 apparet
1843 3920 1925 4002 quod
1938 3936 2001 3996 non,

474 4020 577 4075 tutum
592 4030 718 4093 quoqne
733 4014 945 4095 politicarum,
953 4016 1219 4096 purgatoriarum‚
1275 4020 1350 4101 quia
1384 4040 1421 4083 ex
1450 4020 1528 4081 tanti
1560 4020 1636 4083 boni
1669 4020 1919 4103 apprehensione
1950 4036 2002 4079 non

474 4110 661 4191 purgatique
676 4110 791 4173 animi:
799 4120 892 4193 prout
902 4112 997 4175 iacile
1012 4121 1060 4175 est
1074 4118 1218 4195 pensare.
1275 4118 1400 4181 videtur
1427 4136 1544 4181 moeror
1572 4117 1660 4181 oriri.
1691 4119 1779 4181 Unde
1810 4127 1842 4182 et
1868 4118 2003 4199 scripturn

1236 4214 1260 4274 D
1276 4225 1323 4279 est
1339 4241 1346 4278 :
1364 4217 1480 4280 hlemor
1495 4216 1541 4279 lui
1557 4216 1624 4294 Dei,
1641 4226 1673 4279 et
1686 4216 1861 4279 delectatus
1876 4234 1951 4278 sum.
2013 4221 2095 4262 rama

1316 4316 1461 4378 tranas.
1477 4314 1600 4377 -Scri
1625 4322 1690 4377 tum
1710 4323 1758 4378 est
1772 4316 1866 4379 etiam
1883 4338 1890 4375 :
1907 4314 2003 4375 Amore
2015 4322 2095 4374 curas

667 4365 911 4431 ARTICULUS
933 4368 1026 4430 XIX·
1275 4414 1434 4495 langueo;
1472 4334 1623 4495 itemqud)
1647 4436 1654 4474 :
1689 4413 1823 4476 Caritme
1857 4412 2003 4475 vulnerata
2014 4425 2099 4473 rarae

474 4516 530 4576 Aa
543 4517 670 4575 devotio
684 4532 809 4591 semper
823 4518 956 4576 oriatur
969 4536 1010 4575 ec
1022 4518 1085 4578 Dei
1098 4536 1218 4581 amore.
1276 4512 1444 4575 sum.Hinc
1459 4511 1562 4593 pallor
1576 4518 1608 4575 et
1621 4512 1738 4575 macies
1750 4512 1842 4593 signa
1857 4520 1927 4575 sunt
1936 4525 2004 4572 arno
2014 4485 2072 4533 ΜΚ

1276 4612 1329 4673 ris.
1345 4612 1452 4691 ltaque
1473 4610 1557 4689 dic0,
1572 4610 1657 4692 quod
1680 4611 1893 4673 consideratio
1913 4608 1961 4671 llei
1980 4614 2004 4667 et

514 4700 658 4763 Vcarras.
675 4737 716 4747 —-
730 4701 850 4763 Caritas
863 4701 1046 4781 habitualis,
1063 4723 1125 4784 qua
1139 4704 1221 4766 lleus
1275 4708 1503 4791 proprietatum
1525 4708 1812 4790 attributommque
1836 4710 1915 4791 ejus,
1934 4705 2006 4769 vidc-

474 4796 700 4879 proximusque
715 4798 901 4879 diliguntur,
918 4819 981 4861 nna
1002 4808 1034 4862 et
1048 4802 1158 4865 eadem
1174 4809 1222 4864 est
1275 4808 1351 4870 licet
1373 4805 1490 4869 divinae
1514 4805 1676 4883 honitatis,
1703 4806 1879 4886 sapientire,
1901 4802 2007 4865 miscri-

474 4915 607 4959 numem
636 4896 669 4958 in
697 4898 809 4959 eodem
844 4906 992 4977 amante;
1022 4907 1110 4961 actus
1145 4918 1220 4963 vero
1276 4903 1401 4979 cordiae,
1431 4903 1573 4985 justitie,
1602 4902 1721 4965 directe
1756 4910 1789 4964 et
1823 4920 1880 4983 per
1907 4918 1938 4963 se
1968 4902 2007 4959 est

474 4994 616 5057 distincti
652 5003 736 5057 sunt.
766 4995 861 5058 Porro
897 4996 1034 5073 devotio,
1069 5015 1139 5078 quae
1174 5006 1221 5060 est
1276 5019 1371 5062 causa
1395 4999 1521 5079 laetitiae,
1548 5008 1580 5063 et
1602 5000 1682 5063 ratio
1706 4998 1814 5081 gaudii
1838 4995 2004 5081 spiritualis,

474 5092 690 5175 promptitudo
705 5093 802 5155 animi
820 5095 859 5155 ad
879 5094 999 5156 cultum
1014 5094 1114 5157 divini
1131 5095 1222 5158 obse·
1276 5116 1373 5179 quum
1395 5097 1548 5179 gaudium
1569 5098 1610 5160 sit
1629 5096 1761 5161 diffusio
1783 5097 1883 5159 animi
1908 5097 1939 5158 in
1963 5112 2007 5175 ap

474 5190 552 5270 quii,
583 5189 727 5271 quamvis
764 5191 983 5273 principaliter
1010 5192 1149 5273 profluat
1183 5213 1222 5256 ex
1277 5196 1488 5277 prehensione
1503 5196 1591 5273 boni,
1609 5196 1741 5277 ipsaque
1755 5195 1922 5259 delectatio
1939 5190 2007 5255 oria·

464 5288 529 5351 „Dei
544 5288 702 5368 amore,in
716 5298 870 5371 quantum
885 5289 953 5371 ipsc
967 5290 1049 5352 Deus
1063 5289 1220 5373 gloriosus
1277 5300 1329 5355 tur
1342 5312 1380 5357 ex
1395 5293 1622 5375 conjunctione
1640 5292 1792 5375 potentias
1810 5312 1884 5357 cum
1897 5291 2007 5372 objecto
