4309 6259
441 499 481 545 ns
501 498 658 548 rucuma
679 499 716 546 rr
736 499 902 548 nicurrars
921 500 1039 560 usura,
1061 501 1151 548 nisan
1171 502 1214 548 ui.
1238 520 1278 531 -
1299 502 1368 548 aar.
1392 502 1445 549 xlv
1658 483 1718 549 blb

142 686 228 748 ..qua
253 666 349 730 etiam
372 667 469 732 bomo
491 669 631 753 amplius
659 672 912 749 verecundatur3
929 670 1008 735 Aad
1038 672 1188 736 virtulem
1222 672 1381 736 habilitas.
1412 670 1584 736 Innotescit
1611 670 1717 751 itaque

166 763 331 844 potissime
343 783 418 827 vero
432 765 472 827 de
486 767 631 830 venereis
643 786 914 849 venereorumque
968 769 1127 833 lleiseram
1142 770 1426 851 admirabilemque
1437 769 1564 833 Mariam
1580 768 1644 831 cito
1655 787 1719 831 om-

165 860 279 942 siguis,
292 869 327 923 ut
341 870 415 923 sunt
429 862 585 944 impudici
600 864 780 945 adspectus,
792 866 913 943 oscula,
968 867 1046 931 nino
1070 869 1295 932 verecundiam
1320 868 1419 931 luisse
1443 886 1679 950 supergressam
1707 890 1715 927 ι

165 966 281 1036 tactus,
303 963 559 1024 verecundantur
581 962 738 1025 homines.
760 963 914 1037 Quoniam
969 965 1088 1049 quippe
1112 984 1182 1047 qnae
1206 974 1270 1029 tam
1294 966 1441 1029 celeriter
1464 974 1559 1047 atque
1587 973 1718 1047 repente

166 1075 244 1137 ergo
271 1056 443 1139 purissima
470 1059 792 1142 incomparabilisque
818 1062 914 1142 Virgo
968 1064 1008 1125 ad
1030 1064 1139 1144 gratiae
1162 1063 1393 1145 plenitudinem
1416 1064 1633 1145 virtutumque
1657 1071 1719 1125 sta·

165 1173 186 1215 a
204 1154 321 1217 talibus
340 1155 516 1238 taliumque
534 1158 781 1238 cogitationibus
801 1159 915 1221 immu-
969 1160 1127 1224 bilitatem
1148 1164 1301 1243 perducta
1323 1170 1382 1225 est.

165 1251 301 1314 nissima
313 1271 351 1316 ac
373 1254 585 1318 remotissima
605 1263 683 1334 erat,
699 1274 764 1319 non
783 1256 915 1338 indigne

163 1349 377 1432 pudicissima
389 1352 585 1433 perbihetur,
602 1353 783 1434 simplicem
804 1355 915 1436 utique

163 1456 199 1509 et
225 1446 445 1512 columbinum
474 1449 596 1513 babens
623 1451 763 1529 oculum,
794 1460 913 1515 tactum
1164 1460 1409 1527 ARTIGULUS
1427 1460 1518 1527 xlv,

163 1546 206 1608 ab
227 1546 315 1609 omni
340 1547 505 1611 immunda
528 1549 634 1611 camis
657 1550 847 1632 contagione
866 1569 915 1613 se-

162 1644 381 1708 renissimum,
1021 1638 1069 1697 De
1081 1636 1221 1714 justitia
1241 1638 1364 1699 Matris
1383 1639 1473 1698 lusti
1485 1638 1666 1715 justorum.

205 1742 369 1822 Praeterea,
395 1744 549 1808 modestia
576 1746 749 1810 exteriores
773 1747 914 1812 actiones

162 1840 322 1922 respicit:
343 1842 376 1903 in
401 1842 517 1924 quibus
538 1850 583 1921 tu,
604 1862 624 1906 o
647 1844 761 1907 Senem
785 1838 955 1909 Sancta-B
1041 1844 1303 1908 UllllAllllODUbl
1318 1845 1429 1925 quinto
1451 1845 1634 1909 lltbicorum
1649 1846 1719 1909 dri·

160 1958 247 2017 rum,
272 1958 396 2003 summe
421 1950 546 2003 matura
570 1943 809 2025 compositaque
832 1946 914 2007 exsi-
972 1842 1184 2043 Ostoleles
1199 1944 1302 2007 lassus
1325 1951 1383 2023 est,
1398 1944 1522 2025 justitia
1543 1945 1719 2026 preclaris-

160 2036 280 2099 stabas.
301 2036 421 2120 Nempe
442 2039 476 2100 in
497 2040 586 2102 omni
607 2041 691 2121 quod
713 2041 839 2123 agebas,
860 2042 914 2105 de
968 2041 1049 2103 sima
1063 2049 1112 2105 est
1127 2042 1239 2121 virtus,
1256 2050 1288 2104 et
1302 2061 1406 2123 neque
1421 2051 1469 2105 est
1483 2042 1641 2124 Hesperus
1656 2062 1716 2107 nec

160 2134 334 2215 lectabilis,
354 2137 501 2199 amabilis
522 2145 553 2200 et
574 2139 650 2201 item
671 2141 809 2219 gratiosa
830 2160 910 2204 eras.
967 2137 1096 2201 Lucifer
1110 2140 1154 2201 ita
1167 2138 1375 2202 admirabilis.
1389 2139 1444 2202 Cui
1460 2139 1580 2202 lllarcus
1596 2140 1717 2203 Tullius

42 2257 114 2305 aret..
126 2260 145 2299 r.
160 2233 234 2295 Tibi
258 2252 396 2315 namque
425 2236 591 2298 verissime
617 2234 754 2299 latemur
780 2262 787 2300 ε
813 2238 912 2313 Quam
967 2236 1071 2318 primo
1090 2237 1129 2298 de
1148 2236 1273 2299 Olliciis
1288 2236 1491 2300 consentiens
1508 2260 1515 2299 ε
1532 2237 1566 2299 ln
1580 2238 1714 2319 justitia,

159 2330 290 2413 pulchri
312 2340 388 2394 sunt
406 2352 534 2414 gressus
556 2334 602 2395 tui
622 2334 655 2395 in
676 2333 911 2415 calceamentis,
967 2334 1084 2415 inquit,
1101 2334 1224 2398 virtutis
1250 2335 1402 2417 splendor
1425 2336 1580 2397 maximus
1606 2344 1663 2398 est.
1679 2335 1717 2399 Et

158 2429 234 2492 lilia
260 2430 436 2512 principis!
463 2431 527 2495 Nec
555 2432 642 2495 enim
670 2452 811 2515 unquam
842 2435 912 2498 sine
967 2432 1053 2496 Plato
1080 2456 1087 2494 ε
1115 2434 1146 2495 Si
1177 2433 1298 2513 liceret,
1324 2433 1378 2511 ait,
1403 2434 1564 2516 corporeis
1588 2434 1716 2497 virtutis

158 2548 258 2592 causa
282 2547 414 2591 manum
436 2530 592 2611 pedemve
613 2532 753 2595 movisti.
777 2531 844 2595 Non
867 2532 913 2595 le-
966 2529 1100 2611 justitias
1124 2531 1396 2614 pulchritudinem
1428 2531 1530 2595 oculis
1558 2532 1715 2613 contueri,

156 2628 221 2705 vis,
237 2645 304 2690 non
317 2627 482 2706 dissoluta,
499 2646 564 2692 uon
579 2629 680 2711 pigra,
697 2649 762 2693 non
783 2631 912 2695 tediosa
967 2628 1174 2691 vehementer
1198 2630 1236 2692 ad
1260 2629 1309 2691 sui
1330 2628 1623 2711 concupiscentiam
1649 2648 1716 2691 cer-

156 2724 273 2804 l'uisti3
288 2726 345 2788 sed
366 2724 413 2787 uti
433 2726 542 2788 omnia
562 2726 712 2791 interiora
737 2736 790 2790 tua
811 2730 912 2809 gratia
966 2726 1072 2789 nentis
1098 2734 1236 2789 mentem
1257 2728 1456 2791 accenderet.
1473 2728 1567 2791 Porro
1591 2727 1717 2808 justitia

156 2822 394 2904 virtutibusque
408 2832 501 2886 erant
520 2823 662 2905 impleta,
679 2824 725 2887 sic
748 2824 857 2907 utique
877 2828 910 2888 in
966 2824 1067 2886 virtus
1090 2833 1138 2887 est
1162 2824 1336 2906 unicuique
1361 2825 1445 2907 qnod
1471 2844 1564 2887 suum
1589 2833 1638 2887 est
1661 2826 1716 2887 tri·

157 2920 286 2983 cunetis
299 2939 427 3002 quoque
446 2922 657 2985 exterioribus
676 2922 771 2986 lactis
787 2944 911 2987 summe
967 2922 1079 2985 buens.
1096 2922 1260 2986 Debitores
1276 2930 1381 2985 autem
1397 2942 1508 2985 sumus
1529 2923 1604 3001 Deo,
1621 2923 1715 2987 nobis

155 3017 351 3102 exemplaris
378 3021 569 3101 penitusque
601 3020 748 3083 ordinata
781 3021 946 3085 exsiste-C
965 3020 1045 3102 ipsis
1060 3028 1092 3082 et
1106 3021 1272 3101 proximo;
1289 3020 1376 3083 aliud
1391 3038 1517 3102 quoquo
1538 3020 1587 3083 bis
1607 3020 1715 3103 singu-

156 3117 227 3179 bas.
249 3116 384 3198 Eratque
406 3136 502 3180 suave
524 3126 618 3199 atque
639 3138 801 3182 amoenum
822 3128 854 3183 te
875 3120 909 3182 in
966 3118 1006 3180 lis
1027 3117 1178 3181 exhibere
1200 3126 1358 3181 tenemur.

155 3213 317 3277 universis
339 3214 496 3294 contueri,
516 3214 574 3278 tibi
597 3216 768 3280 convivere
789 3224 911 3281 tecum·
1004 3215 1176 3281 Enimvero
1206 3217 1238 3277 in
1268 3216 1393 3280 cunctis
1418 3215 1479 3294 bis,
1506 3234 1525 3279 o
1550 3216 1656 3295 llaria,
1684 3224 1714 3281 te

155 3330 221 3392 que
251 3311 453 3383 commorari,
479 3312 631 3394 quoniam
659 3313 790 3377 interior
814 3316 911 3379 decor
964 3313 1105 3395 perlecto
1125 3314 1391 3396 singulariterque
1415 3314 1533 3395 justam
1554 3314 1714 3378 exstitisse

156 3408 299 3472 exterius
323 3409 521 3492 splendebat.
548 3410 637 3473 Unde
660 3412 692 3474 id
720 3430 847 3494 quoque
875 3413 909 3475 in
964 3412 1112 3475 latemur.
1130 3412 1195 3477 Hoc
1210 3432 1336 3494 nempe,
1354 3412 1399 3474 uti
1416 3412 1465 3473 vir
1480 3412 1625 3493 illustris,
1642 3432 1714 3476 san-

156 3514 188 3569 te
205 3505 372 3588 impletum
388 3515 524 3585 constat,
540 3509 626 3589 quod
640 3510 679 3571 de
694 3508 769 3573 lorti
789 3508 910 3573 lomina
964 3518 1034 3573 ctus
1055 3510 1166 3592 utique
1187 3511 1320 3573 antistes
1341 3510 1489 3587 Hilarius,
1506 3509 1641 3589 induxit,
1658 3529 1714 3593 po-

43 3643 143 3685 mr,
156 3604 309 3669 Salomon
329 3605 375 3668 ait
391 3629 398 3667 ε
415 3604 556 3668 conlidit
574 3606 608 3668 in
631 3625 669 3670 oa
688 3625 744 3671 cor
763 3607 824 3670 viri
845 3608 906 3689 sui,
963 3608 1086 3671 tissime
1119 3608 1359 3691 praesertimque
1395 3607 1459 3671 lleo
1487 3616 1643 3688 tenemur,
1678 3616 1714 3671 nt

44 3723 49 3735 ·
157 3712 190 3767 et
216 3703 325 3785 spoliis
349 3721 414 3766 non
438 3703 616 3785 indigebit;
641 3713 673 3767 et
695 3706 780 3787 quod
802 3705 909 3769 denuo
963 3706 1067 3769 omnis
1092 3724 1166 3769 eum
1191 3724 1303 3769 sensus
1327 3713 1445 3782 noster,
1462 3704 1537 3782 vita,
1559 3704 1660 3768 virtus
1680 3714 1713 3768 et

44 3821 144 3876 eane,
157 3802 315 3883 scriptum
335 3809 385 3865 est
401 3824 408 3863 :
424 3801 530 3864 Gratia
551 3801 695 3865 mulieris
716 3803 834 3865 sedula
854 3804 908 3867 de
962 3804 1046 3867 actio
1073 3802 1222 3885 loquatur
1248 3810 1343 3884 atque
1370 3803 1529 3867 honoret:
1546 3803 1710 3884 quoniam,

44 3905 52 3925 ’·
157 3899 291 3963 lactabit
314 3899 418 3962 virum
446 3919 550 3978 suum,
576 3909 609 3963 et
635 3920 708 3965 ossa
735 3900 821 3963 illius
850 3902 909 3964 im·
963 3902 1230 3983 quemadmodum
1252 3920 1290 3963 ex
1312 3900 1572 3983 splendidissimo
1586 3890 1727 3965 tetemae'

155 3998 338 4082 pinguabit.
963 3999 1045 4063 lucis
1060 3998 1160 4078 lonte,
1176 3998 1331 4082 quidquid
1352 3998 1519 4077 babemus,
1536 3998 1637 4062 sortiti
1660 4020 1712 4063 su-

197 4095 344 4178 Amplius
358 4096 675 4175 autem,verecundia
688 4097 721 4159 in
734 4097 908 4179 juvenibus
962 4118 1056 4177 mus;
1079 4098 1126 4161 sic
1149 4116 1279 4180 prorsus
1299 4097 1333 4160 in
1353 4096 1453 4181 ipsius
1472 4096 1710 4162 venerationem

155 4194 289 4277 quidem
314 4193 482 4258 laudabilis
506 4202 565 4275 est,
587 4214 651 4259 non
671 4204 777 4259 autem
803 4196 836 4258 in
860 4217 908 4260 se
922 4194 948 4257 l)
961 4196 994 4259 id
1008 4195 1128 4260 relerre
1142 4196 1284 4278 itemque
1298 4203 1495 4275 convertere,
1505 4213 1631 4277 roqnum
1646 4196 1711 4279 opi·

155 4293 266 4356 nibus.
286 4292 342 4356 llst
365 4291 452 4356 enim
477 4294 670 4357 verecundia
692 4294 789 4358 timor
813 4295 852 4357 de
874 4314 908 4359 ro
962 4314 1030 4359 nor.
1047 4294 1184 4377 ldeoque
1204 4294 1332 4357 divinus
1346 4293 1515 4377 Apostolus
1532 4317 1539 4355 :
1556 4292 1633 4369 Quid
1654 4294 1710 4358 ba·
1723 4318 1855 4375 resana.

155 4390 245 4472 turpi
265 4398 417 4473 tanquam
441 4392 480 4454 ad
504 4391 670 4455 vitandum
696 4393 793 4455 ardua
812 4401 907 4475 atque
961 4394 1017 4457 bes
1032 4392 1161 4475 (inquit)
1175 4393 1260 4475 quod
1275 4411 1339 4457 non
1361 4391 1535 4475 accepistil
1550 4392 1581 4455 Si
1603 4400 1709 4457 autem

155 4488 299 4552 difficili.
315 4488 452 4571 Ideoque
467 4490 501 4552 in
521 4490 775 4554 adolescentibus
794 4490 828 4554 in
843 4492 906 4553 vir·
961 4491 1124 4574 accepisti,
1150 4490 1228 4573 quid
1253 4490 1362 4572 utique
1386 4489 1534 4572 gloriaris
1558 4498 1708 4572 unquam

154 4594 226 4650 tute
240 4588 382 4650 nondum
396 4587 545 4651 stabilitis
560 4589 704 4651 etadbue
721 4589 904 4672 inexpertis,
961 4608 1026 4654 non
1050 4589 1235 4671 acceperisl
1255 4588 1407 4663 Quoniam
1432 4586 1562 4669 quidem
1585 4606 1709 4671 ergo,o

155 4684 285 4748 laudem
313 4694 472 4765 maretnr3
498 4686 532 4749 in
560 4686 712 4768 perlectis
740 4696 846 4751 autom
874 4696 906 4751 et
961 4686 1158 4752 admirabilis
1173 4706 1210 4750 ac
1225 4686 1485 4769 prestantissima
1505 4684 1612 4766 Maria,
1628 4706 1710 4749 nun·

154 4783 309 4847 virtuosis
322 4792 417 4866 atque
430 4785 581 4867 expertis,
597 4786 703 4849 locum
718 4804 781 4849 non
796 4786 904 4866 babet,
960 4805 1056 4868 quam
1079 4785 1210 4849 omnino
1229 4804 1247 4847 a
1267 4792 1353 4847 recto
1374 4800 1527 4865 equoque
1550 4783 1631 4847 calle
1655 4786 1710 4847 de·

154 4881 310 4963 quoniam
332 4882 440 4964 turpia
461 4900 526 4946 uon
555 4883 643 4945 velut
671 4885 710 4946 ad
739 4884 906 4947 vitandum
959 4884 1063 4962 viasti,
1081 4902 1140 4946 neo
1156 4883 1196 4945 ab
1210 4882 1331 4946 ordinis
1347 4881 1536 4945 rectitudine
1550 4880 1706 4960 delecisti,

155 4979 306 5043 diflicilia
320 4980 507 5063 concipiunt
523 5006 530 5043 :
548 4990 767 5047 verumtamen
782 4984 907 5047 sicdis·
960 4982 993 5045 id
1020 4981 1060 5062 (si
1089 4982 1149 5044 rite
1177 4980 1388 5063 contemplor)
1413 4998 1487 5043 mox
1513 4980 1619 5063 palam
1647 4987 1706 5057 est,

155 5079 254 5162 positi
269 5087 354 5157 sunt,
369 5079 496 5161 quodsi
517 5080 595 5162 quid
615 5080 725 5163 utique
747 5082 794 5145 eis
812 5090 905 5165 turpe
958 5081 1045 5162 quod
1072 5078 1184 5160 utique
1210 5080 1314 5160 quoad
1345 5079 1443 5141 Deum
1467 5078 1553 5159 justa
1580 5077 1708 5160 penitus

155 5176 368 5259 contingeret,
390 5197 463 5242 mox
485 5179 788 5244 verecundarentur.
805 5180 844 5243 Et
863 5182 906 5245 ob
960 5198 1030 5243 eras
1054 5202 1061 5241 :
1082 5176 1200 5260 quippe
1224 5195 1319 5259 quem
1344 5176 1449 5239 omnis
1473 5176 1574 5239 virtus
1598 5184 1652 5238 tna
1677 5183 1709 5239 et

155 5276 189 5341 id
208 5277 401 5341 verecundia
418 5277 545 5361 pmprie
565 5277 666 5341 virtus
688 5298 752 5344 uon
772 5290 831 5362 est,
848 5282 903 5345 sed
960 5277 1044 5342 actio
1058 5285 1090 5339 et
1111 5276 1186 5339 item
1207 5275 1273 5339 vita
1295 5274 1488 5356 intendebat,
1503 5272 1707 5356 glorificabat

280 5412 313 5465 r.
331 5413 371 5465 ss.
1552 5408 1583 5461 ss
1667 5474 1670 5479 ⁴
