4309 6259
446 441 504 509 tot
744 462 783 508 oa
804 462 893 509 ooxxs
915 460 1049 507 suranus
1071 460 1190 521 saxum,
1212 459 1387 506 raimerus
1408 461 1428 505 1.
1450 478 1492 489 -
1511 460 1583 506 aar.
1606 459 1648 518 tx,
1670 461 1692 505 x

653 665 898 730 ARTIGULUS
921 664 981 727 IX·
1203 630 1299 693 aitte
1320 629 1539 713 dignissimus,
1555 629 1748 693 venerabilis
1769 627 1920 692 dominus
1937 627 1993 691 aa

1244 737 1420 791 naveutura
1447 728 1660 792 conscribat:
1688 730 1781 810 cujus
1808 728 1855 807 (ui
1885 726 1992 803 fallor)

442 789 599 851 And‘m‘l
616 788 767 865 spirim
785 788 902 849 Sami
920 787 987 846 Μ
1007 786 1138 864 aliquid
1151 789 1190 861 ῤ’
1245 827 1389 889 doctriua
1417 827 1450 888 in
1478 827 1537 889 bac
1565 835 1665 908 parte,
1696 828 1778 889 sicut
1810 825 1844 887 iu
1878 823 1992 887 ceteris

482 898 565 937 aum
579 897 617 936 ac
633 879 820 937 radicatum
834 878 871 935 ia
888 876 1048 935 rationali
1064 882 1190 933 creatu·

486 986 537 1035 ra,
553 967 701 1025 videlice,
716 984 761 1025 an
775 967 842 1025 sin,
857 966 987 1024 totitas
1001 965 1149 1042 quidam·
1245 926 1366 1003 multis,
1391 926 1589 988 documentis
1611 927 1642 989 S.
1666 926 1794 989 Thomae
1817 924 1895 987 satis
1919 942 1992 987 con-

1245 1024 1358 1086 formis
1372 1032 1431 1102 cst,
1447 1043 1511 1087 non
1527 1032 1633 1087 tamen
1649 1025 1682 1085 in
1696 1024 1855 1087 omuibus.

508 1126 715 1191 RIPLICITER
748 1126 885 1207 denique
918 1124 1035 1187 dicitur
1069 1123 1189 1204 aliquid
1285 1123 1394 1203 Igitur,
1420 1124 1596 1185 secundum
1619 1123 1884 1199 Bouaventuram,
1911 1122 1991 1183 Deus

522 1243 591 1286 esse
615 1225 649 1286 in
672 1223 811 1287 bomine.
837 1222 939 1285 Primo
963 1221 1188 1305 potentialiter,
1246 1239 1309 1283 non
1326 1220 1428 1284 solum
1450 1220 1578 1304 perficit
1597 1220 1760 1284 bominem
1783 1229 1893 1283 contra
1915 1219 1993 1283 obli·

444 1322 712 1404 quemadmodum
736 1322 775 1383 do
798 1321 955 1383 infantulo
983 1319 1119 1401 egregiae
1144 1319 1191 1380 in·
1245 1318 1382 1399 quitates
1409 1318 1559 1381 vitiorum
1588 1338 1645 1400 per
1671 1318 1798 1380 babitus
1825 1317 1991 1395 virtutum,

444 1421 526 1483 dolis
541 1420 678 1483 dicimus
693 1420 777 1502 quod
793 1419 833 1481 sit
849 1418 959 1481 beatus
975 1438 1064 1501 puer,
1081 1436 1190 1498 quam
1247 1417 1302 1479 sed
1317 1417 1447 1498 insuper
1466 1415 1593 1498 perficit
1607 1436 1681 1479 eum
1703 1417 1742 1478 ad
1760 1416 1993 1497 expediendum

442 1518 492 1581 vis
517 1538 576 1581 nec
599 1526 704 1580 actum
734 1537 792 1579 nec
817 1516 960 1579 habitum
984 1513 1190 1578 beatitudinis
1246 1534 1279 1577 se
1312 1521 1422 1576 contra
1453 1514 1682 1596 impedimenta
1713 1515 1866 1576 virtutum
1900 1522 1993 1595 atquc

443 1616 707 1694 sitsortitus,sed
723 1614 965 1697 dispositionem
981 1612 1188 1696 pervalidam.
1245 1620 1455 1694 symptomata
1484 1632 1540 1675 seu
1568 1612 1719 1695 reliquias
1752 1612 1904 1675 vitiorum
1940 1632 1995 1694 per

443 1716 588 1778 Secundo
616 1714 831 1791 habitualiter,
861 1721 896 1774 ut
923 1713 963 1775 de
991 1711 1116 1774 erudito
1144 1710 1188 1771 nil
1245 1710 1372 1773 habitus
1392 1710 1560 1788 donorum,
1577 1710 1776 1773 videlicetut
1796 1709 1993 1792 expediteac

443 1813 663 1877 considerante
678 1813 732 1874 sed
747 1812 936 1887 dormiente,
953 1810 1090 1872 dicimus
1105 1809 1189 1891 quod
1208 1811 1231 1872 Β
1247 1817 1391 1890 prompte
1420 1810 1573 1871 virtutum
1607 1808 1835 1890 impedimenta
1863 1809 1994 1889 repellat

443 1911 485 1973 sit
506 1910 611 1974 sciens
633 1930 689 1973 seu
711 1910 953 1991 contemplator,
970 1926 1007 1970 eo
1029 1907 1114 1989 quod
1136 1906 1191 1968 ba·
1245 1915 1338 1987 atque
1353 1906 1543 1988 suppeditet.
1560 1907 1618 1969 Tot
1631 1925 1706 1987 ergo
1720 1907 1803 1969 dona
1817 1925 1887 1968 esse
1902 1924 1993 1987 opor-

443 2010 528 2073 bitus
542 2009 684 2072 scientiae
704 2009 734 2070 ei
757 2008 844 2085 insit,
861 2006 1005 2088 quamvis
1025 2005 1191 2067 actualiter
1244 2013 1299 2082 tet,
1311 2013 1388 2085 quot
1402 2005 1441 2066 ad
1457 2006 1550 2066 talem
1567 2004 1799 2085 expeditionem
1814 2003 1990 2065 sufficiant.

444 2107 525 2168 nihil
541 2113 721 2188 cognoscat.
740 2106 844 2167 Tertio
859 2104 1036 2181 actualiter,
1054 2103 1137 2165 sicut
1151 2103 1189 2163 de
1244 2102 1367 2182 ludigot
1391 2111 1495 2165 autem
1519 2102 1626 2164 anima
1650 2101 1878 2184 septiformiter
1900 2121 1993 2183 expe

443 2202 528 2284 justo
544 2204 697 2285 scriptum
713 2202 887 2280 est,Justus
902 2211 1006 2264 autem
1023 2201 1190 2263 miseretur
1245 2202 1318 2278 diri,
1340 2202 1365 2262 si
1390 2202 1500 2264 omnia
1522 2202 1600 2263 vitia
1621 2200 1859 2284 expeditissime
1881 2201 1994 2262 debeat

324 2310 330 2322 ’
443 2310 476 2363 et
491 2301 608 2363 tribuet
624 2326 631 2363 ς
649 2309 757 2384 utpote
772 2301 922 2382 quoniam
938 2308 1043 2362 actum
1058 2298 1190 2381 justitiae
1245 2300 1376 2362 evitare.
1393 2300 1497 2363 Primo
1511 2300 1640 2380 quidem
1657 2309 1767 2363 contra
1783 2300 1966 2381 superbiam
1984 2324 1990 2359 :

443 2399 532 2477 facit,
548 2400 694 2481 quamvis
710 2407 839 2481 propter
860 2399 962 2461 solum
982 2398 1126 2460 habitum
1140 2397 1190 2477 ju·
1245 2399 1330 2477 quod
1353 2398 1393 2461 fit
1414 2399 1610 2479 pardonum
1633 2401 1773 2467 timoris,
1798 2398 1837 2460 de
1863 2416 1929 2479 quo
1951 2395 1992 2458 ait

442 2505 509 2559 stus
530 2497 602 2579 quis
626 2496 813 2579 appelletur.
834 2497 953 2577 ltaque,
977 2495 1059 2557 inter
1081 2503 1190 2576 poten·
1246 2496 1420 2577 Scriptura,
1435 2495 1493 2568 Qui
1517 2496 1607 2558 timet
1621 2497 1718 2558 Deum
1741 2496 1821 2557 nibil
1837 2495 1991 2577 negligit;
2013 2520 2101 2565 aeae

442 2595 529 2673 tiam,
546 2594 714 2677 quaeuliud
732 2602 858 2656 nonest
877 2593 939 2655 nisi
959 2592 1112 2655 naturalis
1127 2592 1191 2654 dis·
1245 2602 1276 2655 et
1300 2613 1420 2671 rursus,
1447 2594 1554 2657 Timor
1577 2593 1701 2655 Domini
1726 2593 1855 2674 expellit
1883 2588 2096 2689 pecca-23¹¹,

441 2692 558 2776 positio
573 2692 621 2753 vel
637 2691 791 2774 aptitudo,
809 2699 840 2753 et
855 2700 972 2769 actum,
989 2690 1042 2771 qni
1059 2697 1106 2752 est
1122 2689 1190 2771 ipsa
1245 2698 1322 2753 tum.
1339 2692 1441 2766 Quium
1463 2693 1549 2753 enim
1571 2692 1714 2753 omnium
1736 2691 1886 2753 vitiomm
1907 2710 1995 2753 coer-

441 2790 583 2874 operatio
605 2808 743 2871 ususque
766 2789 823 2867 rei,
840 2789 967 2851 babitus
989 2787 1119 2850 mediat.
1137 2787 1191 2849 Est
1245 2799 1315 2853 ceat
1335 2797 1477 2869 matrem,
1495 2791 1526 2852 id
1549 2797 1597 2852 est
1618 2790 1811 2870 superbiam,
1827 2788 1873 2850 nil
1895 2789 1994 2869 negli-

444 2906 560 2969 nempe
575 2887 700 2950 babitus
715 2886 882 2970 dispositio
898 2904 953 2947 seu
968 2884 1106 2966 qualitas
1126 2883 1190 2946 fixe
1245 2889 1403 2969 git,atque
1418 2905 1512 2950 omne
1524 2897 1689 2970 peccatum
1701 2886 1840 2969 expellit.
1848 2887 1993 2949 Secundo

443 2986 602 3047 inhaerens
617 2985 773 3067 subject0,
791 3005 847 3067 per
860 3003 955 3067 quam
972 2984 1109 3047 faciliter
1123 3002 1191 3064 age-
1207 2991 1229 3053 C
1245 2994 1355 3049 contra
1377 2986 1530 3048 invidiam
1552 3009 1559 3047 ε
1583 2985 1667 3067 quod
1688 2985 1726 3048 fit
1751 3004 1808 3067 per
1825 2987 1993 3061 pictatem,

443 3104 478 3147 re
493 3091 606 3165 potest.
623 3082 893 3155 Quemadmodum
914 3092 1018 3145 autem
1041 3083 1137 3144 homo
1151 3081 1190 3144 ad
1245 3104 1339 3164 quam
1369 3092 1492 3146 constat
1519 3103 1589 3146 esse
1621 3082 1773 3165 proximis
1806 3083 1993 3146 benevolam

445 3182 642 3263 sequendum
658 3179 690 3241 in
705 3180 853 3242 omnibus
869 3180 1001 3243 rationis
1019 3179 1189 3262 judicium,
1246 3190 1340 3263 atque
1361 3182 1540 3244 beneficam
1558 3206 1565 3244 ε
1582 3182 1701 3263 quippe
1722 3200 1802 3263 quae,
1819 3190 1899 3243 teste
1914 3182 1994 3262 Apo
2007 3198 2096 3239 trians

444 3278 567 3359 indiget
580 3278 769 3361 quibusdam
785 3278 944 3341 habitibus
959 3279 1012 3360 qui
1028 3277 1193 3341 nominan-
1246 3281 1337 3356 stolo,
1354 3279 1393 3341 ad
1408 3280 1517 3342 omnia
1531 3280 1618 3342 utilis
1633 3288 1690 3341 est.
1707 3280 1765 3354 Qui
1788 3278 1874 3341 enim
1888 3279 1994 3359 diligit
2016 3296 2066 3337 aa«.
2075 3307 2102 3332 1..

444 3386 496 3439 tur
514 3376 658 3455 virtutes,
675 3377 720 3439 sic
742 3376 780 3437 ad
801 3376 989 3438 imitandum
1012 3377 1045 3437 in
1067 3375 1191 3438 cunctis
1247 3379 1438 3460 proximum,
1455 3379 1558 3459 legem
1580 3378 1737 3460 implevit.
1753 3377 1854 3441 Pietas
1869 3397 1947 3459 ergo
1962 3378 1993 3438 in
2005 3361 2024 3399 ⁸·

443 3474 560 3538 divinae
576 3474 793 3555 inspirationis
812 3474 968 3536 influxum
985 3494 1040 3536 seu
1056 3474 1191 3555 Spiritus
1247 3484 1399 3557 quantum
1421 3486 1469 3538 est
1489 3478 1621 3555 donum,
1637 3477 1800 3539 caritatem
1824 3476 1994 3538 fraternam

445 3573 550 3637 Sancti
567 3573 765 3650 instinctum,
783 3572 905 3653 indiget
926 3572 1115 3652 quibusdam
1138 3573 1193 3635 ha·
1246 3574 1362 3652 munit,
1379 3574 1536 3637 confortat
1554 3594 1590 3637 ac
1607 3575 1709 3652 fulcit,
1726 3582 1881 3655 quatenus
1899 3592 1994 3637 omne

443 3671 564 3735 bitibus
578 3671 632 3753 qui
648 3672 732 3734 dona
747 3678 910 3733 vocantur.
928 3671 1014 3733 Dona
1034 3690 1108 3751 ergo
1124 3671 1193 3753 Spi-
1248 3672 1360 3734 vitium
1397 3671 1526 3734 invidiae
1566 3672 1803 3754 expeditissime
1841 3672 1994 3748 destruat,
2117 3659 2118 3722 i

444 3771 524 3833 ritus
549 3769 655 3831 Sancti
681 3778 754 3831 sunt
777 3768 955 3830 habituales
980 3768 1192 3851 perfectiones
1248 3790 1437 3853 semperque
1453 3771 1626 3852 benignum
1649 3790 1686 3833 ac
1701 3771 1827 3833 dulcem
1842 3770 1995 3834 affectum

445 3869 645 3951 quiescentes
661 3867 693 3929 in
710 3866 856 3929 rationali
876 3875 1019 3929 creatura
1033 3866 1117 3929 sicut
1130 3866 1194 3928 vir·
1249 3869 1338 3931 fratri
1361 3868 1532 3949 impendat.
1554 3869 1660 3932 Tertio
1681 3877 1791 3932 contra
1814 3869 1904 3947 iram,
1926 3888 1996 3950 qua

447 3975 541 4044 tutes,
570 3965 686 4047 quibus
713 3963 876 4027 habitibus
905 3965 1047 4027 redditur
1073 3964 1193 4047 optime
1248 3975 1297 4030 est
1320 3966 1445 4029 insania
1468 3966 1566 4028 animi
1594 3990 1600 4028 :
1625 3968 1709 4048 quod
1735 3967 1773 4029 fit
1797 3966 1996 4049 pardonum
2116 3905 2118 4040 i

448 4062 618 4145 dirigibilis
651 4082 669 4123 a
697 4062 807 4125 divino
836 4062 998 4125 instinctu.
1029 4062 1191 4139 Praeterea,
1248 4066 1400 4126 scientia.
1417 4065 1531 4138 erarto
1550 4071 1660 4127 contra
1675 4066 1815 4128 acediam
1834 4088 1840 4125 :
1857 4066 1943 4145 quod
1959 4063 1997 4126 fit
2115 4143 2116 4150 ἵ

449 4160 585 4243 Spiritus
600 4160 733 4221 Sanctus
748 4161 901 4242 perdone
916 4160 1103 4223 suadicitur
1124 4180 1193 4223 esse
1210 4159 1306 4245 Dper
1326 4164 1443 4225 donum
1464 4165 1690 4239 fortitudinis,
1713 4163 1779 4226 bac
1800 4163 1886 4225 enim
1906 4183 1996 4225 men·
2115 4159 2116 4166 '

449 4258 588 4339 itemque
612 4276 739 4320 manere
761 4258 793 4319 in
815 4258 916 4320 uobis.
940 4258 992 4321 Sic
1013 4259 1053 4320 de
1074 4258 1194 4340 Spiritu
1250 4269 1312 4322 tem
1328 4261 1366 4322 ad
1382 4260 1491 4323 divina
1513 4261 1674 4323 robustam
1697 4262 1850 4323 redditae
1863 4260 1992 4341 agilem.

449 4357 564 4419 Sancto
586 4356 718 4437 loquens
740 4356 906 4438 discipulis
921 4356 1061 4418 Christus
1079 4381 1085 4418 :
1102 4357 1194 4438 Apud
1248 4358 1363 4432 Quinto
1391 4367 1501 4423 contra
1529 4359 1694 4422 avaritiam
1721 4383 1728 4420 ι
1758 4360 1842 4441 quod
1870 4358 1909 4421 fit.
1938 4379 1994 4442 per
2114 4407 2115 4436 ,

329 4467 335 4479 '
450 4475 506 4519 vos
521 4455 651 4539 (inquit)
666 4455 817 4533 manebit,
834 4465 865 4517 et
880 4456 912 4516 in
927 4454 1018 4517 vobis
1033 4455 1194 4536 eritErgo
1249 4457 1367 4518 donum
1390 4458 1533 4526 consilii,
1557 4475 1615 4537 per
1636 4456 1720 4537 quod
1748 4457 1843 4519 homo
1867 4466 1995 4537 sponta-

449 4562 480 4617 et
501 4555 584 4617 dona
605 4553 739 4635 Spiritus
761 4553 867 4615 Sancti
887 4561 961 4615 suut
981 4552 1108 4616 babitus
1129 4573 1194 4615 ma·
1249 4572 1341 4615 neam
1357 4560 1574 4635 paupertatem
1594 4553 1807 4635 amplectitur,
1824 4555 1934 4636 sicque
1949 4556 1995 4618 af-

448 4660 559 4714 ueutes
574 4672 611 4715 ac
626 4652 682 4714 fixi
699 4651 731 4712 in
747 4651 849 4713 uobis.
1248 4650 1368 4713 fectum
1383 4671 1402 4713 a
1416 4651 1550 4713 terrenis
1561 4651 1742 4732 expeditum
1754 4653 1891 4716 sortitur.
1899 4654 1994 4717 Sexto

930 4807 974 4869 x·
1248 4757 1370 4925 titt
1385 4749 1994 4931 stimi,statuite

447 4933 495 4991 De
515 4930 621 4997 atmiis
639 4929 817 4987 mundum
838 4928 1023 5030 dPCiff'ifflm
1046 4928 1194 4987 D0Ci⁰⁷f⁸
1248 4952 1363 5007 ventur
1376 4945 1472 5008 corda
1492 4952 1596 5007 vestra
1618 4946 1748 5026 crapula
1762 4946 1812 5008 vel
1828 4946 1991 5027 ebrietate,
2007 4941 2036 4979 ³⁸·
2113 4931 2115 4996 i

760 5017 877 5075 dem·
1247 5061 1317 5122 quaa
1339 5050 1413 5103 sunt
1433 5042 1556 5123 species
1577 5041 1659 5122 gulae
1676 5064 1682 5102 :
1699 5042 1783 5123 quod
1805 5042 1844 5106 fit
1864 5063 1921 5125 per
1939 5044 1995 5105 do

517 5139 663 5205 PORTET
675 5144 778 5201 autem
791 5138 953 5201 advertere
968 5138 1042 5221 quid
1059 5140 1192 5222 deipsis
1247 5160 1324 5201 num
1344 5144 1539 5210 intellectos,
1554 5139 1608 5220 qui
1631 5140 1770 5203 animam
1792 5141 1888 5220 acuit,
1904 5150 1937 5203 et
1958 5161 1995 5204 ca

531 5238 622 5303 donis
637 5234 895 5319 sufficientiaeque
909 5236 1063 5300 donorum
1078 5238 1193 5301 Doctar
1248 5258 1317 5320 quae
1332 5238 1487 5301 rationem
1508 5238 1708 5321 obnubilant,
1725 5238 1861 5303 faciliter
1876 5240 1992 5323 rejicit.
