4309 6259
362 485 401 533 ou
421 483 579 531 rueoomo
598 483 636 529 rr
656 482 820 530 oronnam
839 482 955 539 ιιιιιιιιι,
977 482 1067 528 crem
1087 483 1131 529 ιιι.
1154 502 1195 513 -
1215 484 1286 530 ιιι.
1309 484 1397 541 ιιιιι,
1418 484 1493 530 xxiv
1643 468 1704 532 ote

154 654 336 734 virtutibus,
352 653 439 717 omni
460 653 587 736 penitus
609 652 793 735 passionum
816 651 939 714 inor-A
956 671 1108 733 mumque
1143 654 1387 736 contemplantis
1420 655 1582 719 oblectans
1610 663 1703 736 atque

153 756 261 817 dinato
290 753 394 816 caruit
423 761 511 815 motu
541 776 548 813 :
577 751 712 831 ideoque
740 749 901 813 liberrimo
957 750 1130 813 reliciensl
1152 751 1303 834 Denique,
1325 772 1362 816 ex
1388 754 1539 834 bonitate,
1560 753 1704 817 amabili-

154 871 281 933 semper
295 851 329 913 in
343 851 469 914 eunctis
488 850 619 913 rationis
639 848 832 931 fungebatur
851 849 902 930 ju·
956 856 1019 911 tate
1043 858 1075 911 et
1099 849 1174 913 item
1199 850 1423 914 convenientia
1449 852 1617 933 dispositio
1645 852 1704 913 ista

154 951 250 1013 dicio.
267 948 528 1013 Constantissima
549 948 657 1029 itaque
679 947 747 1010 luit.
956 956 1093 1010 emanat.
1117 947 1234 1029 ltaque,
1255 967 1318 1029 quo
1342 958 1386 1028 tu,
1407 968 1426 1012 ο
1450 950 1557 1027 llaria,
1578 950 1702 1029 melior,

49 1087 84 1115 ee.
99 1084 140 1120 on,
193 1048 316 1128 Adhuc,
342 1047 368 1109 si
393 1047 543 1127 Apostolo
568 1046 673 1108 dicere
702 1044 802 1123 licuit,
828 1044 901 1119 Quis
957 1064 1021 1126 quo
1048 1046 1218 1109 amabilior
1246 1047 1432 1128 cunctisque
1461 1038 1705 1111 convenientior

49 1168 54 1177 ·
153 1166 212 1209 nos
227 1143 715 1228 separabitacaritateChristil
730 1151 762 1204 et
782 1143 899 1221 denuo,
956 1144 1094 1223 exsistis,
1106 1162 1144 1207 eo
1160 1144 1269 1225 utique
1284 1145 1457 1209 dulciorem
1472 1154 1583 1209 teesse
1599 1147 1703 1228 palam

49 1267 139 1310 ureae.
153 1246 263 1308 Certus
284 1264 354 1306 sum
374 1243 450 1323 quia
469 1260 572 1322 neque
595 1260 692 1319 mors,
709 1260 812 1321 neque
838 1241 903 1303 vita
956 1250 1015 1304 est.
1044 1243 1210 1323 Quumque
1238 1243 1283 1305 nil
1313 1263 1441 1326 prorsus
1469 1245 1701 1323 amaritudinis,

154 1343 272 1426 poterit
293 1361 352 1404 nos
376 1360 523 1423 separare
547 1359 566 1401 a
589 1340 719 1401 caritate
742 1339 809 1414 Dei,
830 1357 901 1419 quae
956 1339 1226 1421 tortuositatisque
1240 1340 1284 1402 nil
1300 1342 1431 1405 omnino
1446 1342 1478 1404 in
1494 1352 1524 1405 te
1540 1342 1702 1423 consistat,

154 1442 250 1503 estin
264 1440 387 1503 Christo
401 1438 474 1501 Jesu
490 1438 623 1499 Domino
637 1445 766 1499 nostro:
783 1446 902 1518 quanto
957 1438 1011 1499 sed
1041 1437 1258 1501 misericordia
1286 1460 1422 1520 summa,
1450 1441 1568 1503 militas
1596 1442 1701 1523 plena,

154 1539 256 1619 magis
278 1547 311 1601 et
331 1536 433 1599 llariae
453 1537 487 1597 in
508 1534 595 1598 omni
618 1533 728 1615 utique
754 1533 902 1614 perlecti·
957 1535 1135 1616 caritasque
1150 1536 1300 1617 perlecta,
1318 1538 1616 1619 clucescit,opinor,
1629 1540 1704 1620 quia

153 1656 213 1699 oue
250 1636 437 1717 completael
465 1634 636 1696 Enimvero
663 1640 814 1694 constans
842 1650 901 1695 nee
957 1652 1031 1694 vere
1046 1641 1110 1696 tota
1125 1634 1231 1695 suavis
1246 1654 1280 1697 es
1297 1634 1436 1717 itemque
1451 1638 1703 1701 amoenallnim-

152 1734 315 1817 prosperis
334 1733 506 1811 extollitur,
522 1731 578 1793 sed
602 1730 719 1812 gratias
738 1730 825 1811 agit3
841 1750 901 1792 nec
956 1732 1207 1813 vero,quomodo
1223 1732 1331 1815 utique
1346 1751 1409 1796 non
1424 1734 1490 1814 jam
1505 1735 1701 1816 dulcissima,

152 1833 294 1896 adversis
308 1832 468 1913 dejicitur,
476 1831 531 1893 sed
542 1828 762 1912 equanimiter
772 1827 898 1891 sullert.
918 1824 1020 1891 Bimo
1039 1836 1072 1891 et
1090 1828 1225 1893 dulcedo
1244 1831 1387 1911 quaedam
1407 1832 1579 1913 purissima
1603 1853 1700 1915 esses,

151 1927 728 1994 llanclobsanctushabuit:llonec
749 1924 900 1988 delicium
955 1944 1025 2007 quae
1052 1926 1182 1990 Fontem
1211 1928 1402 2008 dulcedinis,
1429 1928 1564 1994 infinitae
1593 1932 1701 2013 utique

66 2042 70 2049 ·
151 2027 342 2110 (inquiens),
371 2046 436 2090 non
471 2027 618 2088 recedam
646 2025 687 2087 ab
715 2024 899 2086 innocentia
954 2024 1120 2086 suavitatis
1133 2025 1263 2106 Regem,
1280 2026 1466 2109 concepisti,
1484 2029 1517 2090 in
1537 2037 1626 2093 utero
1647 2030 1702 2092 ba-

149 2135 272 2205 mea‚et
285 2125 550 2208 justificationem
566 2143 662 2205 quam
677 2132 785 2186 tenere
801 2122 896 2204 coepi,
953 2122 1074 2202 julasti,
1101 2122 1208 2185 clausa
1236 2124 1399 2205 peperisti,
1427 2135 1536 2189 natum
1564 2127 1699 2209 lactasti,

148 2245 210 2289 non
229 2225 420 2305 relinquam.
436 2224 545 2304 ltaque
559 2241 619 2284 nee
635 2221 727 2283 laude
747 2220 898 2284 lavoreve
954 2222 1169 2301 contrectasti,
1185 2223 1270 2284 etad
1286 2224 1482 2287 incrementa
1501 2226 1700 2308 perduxistil

147 2323 327 2401 hominum,
344 2341 404 2384 nec
419 2321 518 2383 minis
533 2338 637 2400 neque
652 2318 818 2381 tormentis
839 2317 898 2379 ini·
953 2319 1105 2399 lleliquiae
1121 2319 1299 2383 dulcedinis
1314 2320 1425 2402 ejus,0
1439 2324 1545 2403 llario,
1554 2344 1701 2406 perman-

146 2422 305 2484 micorum
326 2420 412 2483 llecti
433 2418 518 2481 valet
535 2426 589 2479 aut
613 2415 718 2498 lrangi
742 2416 796 2497 qui
822 2435 897 2479 con·
953 2425 1064 2479 serunt
1085 2416 1118 2478 in
1141 2418 1427 2502 temeritatisque
1453 2441 1517 2484 suae
1541 2423 1619 2485 odor
1643 2424 1702 2485 im-

146 2520 296 2583 stantiam
318 2536 427 2580 veram
446 2516 578 2580 sortitus
602 2522 661 2577 est.
678 2516 764 2577 llane
786 2515 896 2595 utique
953 2515 1113 2577 mobiliter
1147 2516 1279 2579 adhesit
1313 2518 1495 2583 substantiae
1530 2528 1601 2584 tua.
1632 2522 1700 2604 lpse

146 2617 329 2681 fortissimae
347 2616 410 2679 itta
428 2614 542 2677 Christi
561 2612 688 2676 athletae
709 2632 746 2675 ac
772 2632 896 2695 sponsae
951 2614 1069 2696 quippe
1084 2613 1183 2676 Filius
1198 2622 1282 2695 tuus,
1299 2616 1338 2678 de
1353 2635 1416 2698 quo
1431 2619 1607 2699 psallimus,
1620 2620 1700 2694 Quo·
1715 2638 1852 2691 reuma

146 2736 215 2797 quaa
236 2716 271 2777 in
290 2734 367 2777 sexu
387 2714 492 2795 fragili
516 2712 656 2794 martyrii
679 2712 817 2793 palmam
842 2712 897 2774 ad·
951 2713 1038 2775 niam
1053 2720 1099 2790 tu,
1116 2712 1261 2792 Domine,
1279 2715 1385 2777 suavis
1400 2724 1432 2777 et
1446 2716 1542 2796 mitis,
1560 2726 1589 2780 te
1611 2719 1699 2781 omni

146 2824 225 2895 eptae
242 2820 328 2889 sunt,
338 2812 558 2893 possederunt.
572 2810 714 2890 Denique
730 2829 786 2891 per
799 2810 894 2888 hanc,
951 2819 1114 2890 creatura,
1131 2812 1368 2894 praesertimque
1383 2814 1516 2891 homini,
1530 2816 1699 2880 amabilem

146 2913 266 2974 nedum
280 2910 393 2989 virilis,
410 2910 466 2971 sed
480 2918 513 2971 et
527 2907 690 2971 deiformis
704 2926 831 2988 quoque
851 2907 896 2970 le·
951 2928 1021 2971 esse
1041 2910 1140 2972 voluit
1166 2911 1355 2993 dulcemque
1380 2911 1500 2975 elleeit.
1518 2912 1555 2974 Et
1578 2933 1663 2994 ecce,
1681 2934 1700 2978 ο

146 3010 234 3072 mina
248 3027 383 3089 queque
404 3005 560 3069 allicitur.
577 3005 621 3068 De
641 3006 705 3068 lleo
728 3005 815 3068 enim
839 3006 896 3067 Ba-
916 3000 1176 3089 CDomina‚post
1189 3008 1288 3072 Deum
1304 3009 1494 3072 altissimum
1509 3011 1554 3073 nil
1571 3032 1700 3094 prorsus

49 3138 133 3177 emo,
147 3109 230 3171 laam
246 3126 338 3171 orsus
349 3130 355 3166 :
365 3105 434 3168 Non
449 3114 498 3167 est
510 3105 582 3185 (ait)
597 3105 679 3167 Deus
693 3111 728 3166 ut
742 3105 848 3181 homo,
862 3111 897 3165 ut
952 3107 985 3169 in
1000 3107 1151 3170 universo
1173 3116 1222 3170 est
1241 3108 1326 3189 quod
1348 3116 1408 3172 tuae
1429 3110 1590 3173 dulcedini
1614 3130 1700 3175 com·

147 3206 330 3281 mentiatur,
359 3223 465 3285 neque
499 3212 535 3265 ut
562 3203 653 3265 lilius
680 3202 832 3282 hominis,
862 3210 898 3264 ut
953 3224 1010 3287 par
1030 3206 1172 3268 exsistat.

148 3313 299 3368 mutetur.
316 3304 451 3384 Ideoque
464 3302 596 3384 justitiae
610 3301 740 3364 semitas
759 3300 894 3363 indecli-

70 3432 97 3468 ,ι
115 3422 133 3463 2.
147 3404 300 3467 nabiliter
313 3401 471 3484 gradiens,
488 3419 591 3481 neque
606 3400 646 3462 ad
661 3401 821 3462 dexteram
837 3418 897 3461 nee

147 3505 185 3565 ad
200 3502 365 3565 sinistram
384 3500 561 3579 declinans,
579 3507 664 3562 recte
685 3498 796 3579 utique
817 3498 896 3561 deus
1132 3478 1523 3565 ARTICULUSXXIV·

147 3602 279 3683 qnidam
301 3598 498 3682 perhibemr·
952 3631 998 3690 De
1012 3636 1162 3686 materna
1184 3628 1246 3686 itta
1266 3628 1538 3707 acerbissimoque
1558 3648 1698 3705 conopas·

991 3718 1079 3775 sione
1094 3736 1159 3793 qua
1171 3718 1317 3793 patienti
1330 3718 1418 3777 Filio
1432 3720 1698 3793 affectuosissima

991 3806 1063 3881 ejus
1081 3808 1191 3866 Mater
1209 3807 1386 3865 condoluit.

326 3854 572 3919 ARTIGULUS
595 3852 723 3917 XXIII.

222 4007 273 4066 De
294 4005 469 4064 dulcedine
489 4004 723 4063 amantissimae
742 4003 813 4065 Dei.
1013 3996 1042 4053 T
1039 3995 1163 4054 ΑΒᾹΤ
1169 3994 1391 4068 aulemjwvla
1405 4013 1531 4053 crucem
1542 3996 1618 4055 lesu
1628 3999 1697 4057 Ma·
1710 4020 1842 4072 rounam.

1026 4101 1075 4151 ter
1090 4092 1169 4167 ejus.
1179 4090 1212 4151 ln
1229 4089 1434 4171 praeinductis
1447 4090 1495 4170 (ni
1510 4090 1616 4171 lallor)
1629 4092 1695 4173 jam
1710 4087 1747 4189 ’ᾗ
1766 4146 1783 4191 tt
1800 4152 1834 4193 m

52 4221 78 4249 ·.
112 4224 132 4260 v,
204 4194 393 4257 1³!ersz
415 4211 505 4250 meus
529 4210 627 4265 ευμεν
646 4192 709 4247 met
730 4190 849 4259 dauleio,
864 4188 1116 4255 etltevidenter
1131 4186 1407 4269 claruitquouiam
1429 4188 1580 4251 dilectum
1603 4210 1695 4252 suum
1710 4179 1792 4255 uit'
1836 4180 1842 4193 ’

82 4304 87 4314 “
150 4300 175 4356 k
219 4293 387 4351 hereditas
406 4310 478 4348 mea
498 4307 597 4363 super
615 4290 679 4346 mel
702 4296 732 4346 et
755 4288 895 4362 fetrum
949 4286 1044 4349 Maria
1065 4304 1232 4366 passurum
1258 4286 1413 4367 praeuovit
1430 4310 1435 4347 :
1454 4287 1588 4369 ideoque
1612 4289 1698 4351 lulu-

144 4391 304 4450 memoria
326 4409 395 4447 mea
410 4389 445 4446 a'n
458 4388 668 4462 §oneratione
689 4388 892 4445 seculorum.
949 4404 1016 4447 ram
1047 4383 1133 4445 illius
1159 4383 1338 4465 passionem
1368 4384 1504 4446 ubertim
1533 4388 1698 4466 praemedi-

145 4487 224 4561 Quid
241 4494 301 4564 est,
313 4484 508 4562 dulcissima,
521 4482 598 4564 quid
613 4488 700 4561 est,0
714 4481 892 4562 mitissima,
948 4492 1031 4561 tans,
1047 4500 1154 4545 amara
1169 4480 1356 4563 plerumque
1378 4482 1568 4561 alllictionc,
1585 4504 1696 4546 secun-

145 4604 165 4649 o
179 4604 255 4648 vere
269 4583 367 4646 nimis
388 4582 495 4644 suavis
517 4579 634 4642 llarial
650 4580 695 4641 Tu
717 4597 892 4659 nunquam,
949 4581 1024 4642 dum
1040 4579 1310 4660 dispensationem
1326 4588 1431 4641 tamen
1447 4580 1568 4642 etitem
1590 4582 1696 4643 mode-

145 4704 164 4747 o
191 4683 338 4760 munina,
362 4701 418 4763 per
447 4689 553 4762 portas
581 4677 742 4741 memoriae
770 4677 893 4759 ingredi
949 4698 1058 4740 ramen
1074 4676 1204 4759 superni
1225 4676 1363 4757 consilii,
1380 4676 1497 4740 allecta
1515 4676 1626 4758 luisse,
1643 4681 1696 4761 pie

145 4782 232 4844 vales
257 4779 320 4841 nisi
345 4778 449 4841 insitae
473 4778 531 4840 tibi
560 4775 741 4839 dulcedinis
763 4776 892 4839 odorem
949 4776 1107 4839 credenda
1126 4783 1184 4837 est.
1202 4772 1413 4837 Conlormiter
1433 4794 1570 4857 quoque,
1588 4777 1614 4838 si
1638 4778 1696 4840 rite

144 4880 322 4962 dispergas.
338 4876 362 4939 0
376 4876 480 4938 dulcis
495 4895 532 4937 ac
548 4874 789 4953 delectabilis,o
804 4874 895 4936 redo·
949 4872 1158 4954 contemplor,
1176 4873 1259 4935 etde
1275 4872 1362 4934 illius
1379 4891 1451 4936 mox
1466 4874 1696 4938 resurrectione

144 4979 214 5041 lens
235 4975 448 5057 amabilisque
469 4973 585 5036 llarial
950 4972 1067 5049 lutura,
1085 4980 1160 5033 tune
1186 4970 1295 5051 utique
1321 4970 1570 5033 consolationem
1591 4991 1697 5034 susce-

183 5074 266 5151 Quid
289 5081 338 5137 est
361 5081 467 5136 autem
492 5071 627 5134 dulcedo
651 5071 717 5132 haee
746 5072 893 5133 mentalis
948 5070 1005 5153 pit.
1022 5070 1117 5132 Porro
1138 5068 1203 5150 jam
1224 5088 1310 5131 nunc
1333 5070 1492 5151 passionis
1515 5070 1593 5132 hora
1618 5087 1696 5150 pre-

144 5183 239 5257 atque
255 5173 391 5253 interna,
408 5171 471 5234 nisi
490 5188 602 5234 serena
622 5170 767 5252 quiedam
789 5169 893 5251 dispo
949 5177 1049 5246 sente,
1065 5167 1203 5248 itemque
1217 5166 1365 5250 passione
1381 5167 1449 5249 ipsa
1468 5168 1610 5246 durante,
1629 5176 1697 5230 tan·

145 5273 219 5337 sitio
254 5281 394 5335 mentem
428 5268 576 5333 habentis
602 5267 794 5344 exhilarans,
824 5268 892 5329 ani·
949 5276 999 5330 tus
1013 5284 1082 5329 eam
1098 5264 1189 5328 dolor
1202 5264 1371 5346 oppressit,
1381 5273 1416 5328 ut
1430 5264 1550 5328 nullam
1566 5284 1695 5348 prorsus
