4309 6259
455 516 495 563 bs
515 516 716 565 ascensuro
736 520 946 567 accusasset&
966 520 1125 568 saltuosas
1146 522 1215 568 SEX.
1237 540 1278 553 ··-
1298 523 1397 571 Sfflo
1417 522 1437 569 V
1661 500 1718 567 471

169 702 230 766 pro
245 688 511 769 persequentibus
525 697 558 751 et
571 688 840 752 calumniantibus
854 708 918 753 vos
934 690 961 751 A
975 701 1173 754 crementum
1192 700 1342 774 tanquam
1367 693 1407 757 ad
1431 693 1552 757 lentem
1574 691 1721 754 salutaris

212 784 413 865 Denique,ad
424 785 599 867 perlectam
615 787 833 870 impletionem
847 808 922 870 praa
974 789 1084 853 auxilii
1109 800 1242 873 possunt
1269 792 1421 855 accedere
1447 814 1454 853 :
1482 791 1525 853 ita
1553 798 1658 853 emen
1688 796 1723 851 ut

171 882 259 963 cepti
277 882 318 945 de
337 884 467 947 caritate
491 893 606 949 cuncta
629 886 814 968 evangelica
838 887 923 949 ordi·
975 887 1008 949 in
1023 888 1230 952 meditatione
1250 890 1377 953 assidua
1391 898 1423 952 et
1437 887 1663 971 recogitatione
1678 895 1723 951 at-

170 988 292 1043 nantur
305 980 451 1061 consilia,
462 983 585 1065 triaque
600 991 673 1048 vota
689 983 920 1066 religiosorum,
975 993 1061 1049 tenta
1075 987 1234 1068 passionis
1249 987 1418 1051 dominicae
1433 987 1593 1050 enitantur
1607 985 1724 1069 passio

170 1086 206 1141 et
220 1078 369 1142 universa
384 1087 500 1142 statuta
513 1098 635 1143 eorum.
651 1080 737 1155 Quod
753 1082 781 1144 si
795 1083 834 1145 ad
853 1082 922 1145 hae
975 1103 1052 1145 num
1077 1103 1206 1147 suarum
1227 1085 1455 1148 amaritudines
1475 1085 1653 1163 dulcorare,
1670 1084 1724 1145 ad-

171 1178 271 1240 etiam
286 1177 454 1241 seculares
468 1185 628 1257 tenentur,
644 1179 722 1260 quid
736 1180 776 1243 de
795 1180 923 1262 religio
974 1201 1066 1245 versa
1079 1182 1301 1263 equanimiter
1316 1182 1484 1265 sustinere,
1495 1183 1528 1244 in
1543 1181 1723 1263 abjectione

170 1275 219 1337 sis
234 1276 430 1338 censendum
446 1277 562 1359 estqui
580 1284 646 1339 um
665 1277 802 1341 laciliter
818 1277 922 1341 ollen-
974 1288 1007 1343 et
1020 1279 1230 1361 subjectione,
1243 1280 1276 1342 in
1292 1280 1492 1362 correptione
1507 1288 1540 1343 et
1553 1279 1724 1343 correctio-

169 1376 304 1451 duntur,
335 1375 525 1456 irascuntur,
551 1376 768 1457 indignantur,
793 1384 923 1441 conten·
974 1397 1027 1456 ne,
1044 1378 1077 1439 in
1093 1378 1310 1443 admonitione
1329 1387 1362 1442 et
1381 1378 1589 1443 instructione
1604 1376 1724 1440 salubri

169 1474 265 1553 dunt,
282 1481 314 1535 et
328 1492 401 1535 cum
415 1474 594 1555 aversione,
611 1492 742 1538 rancore
756 1485 788 1538 et
805 1476 923 1538 duritia
975 1478 1114 1559 gaudere
1136 1486 1168 1540 et
1189 1477 1306 1559 gratias
1327 1496 1432 1560 agere.

169 1571 339 1648 incedunt,
356 1570 400 1633 ita
414 1578 450 1633 ut
469 1591 529 1635 nec
549 1573 780 1637 benevolentia
795 1574 922 1655 signum
1015 1575 1174 1657 Amplius,
1191 1594 1290 1657 quum
1306 1576 1479 1654 celebrare,
1492 1574 1533 1637 sit
1548 1583 1612 1637 tam
1627 1573 1726 1657 privi-

169 1688 234 1732 nec
249 1670 383 1732 verbum
397 1670 487 1752 pium
502 1671 569 1733 suis
590 1672 690 1734 velint
710 1672 924 1735 confratribus
976 1673 1128 1754 legiatum
1143 1692 1180 1736 ac
1194 1673 1419 1755 dignissimum
1441 1691 1532 1755 opus,
1549 1672 1605 1735 Dei
1627 1671 1726 1735 Patris

170 1768 342 1851 impertiri,
359 1768 422 1831 imo
436 1787 501 1832 non
516 1768 656 1833 caritatis
671 1770 850 1850 dulcedine,
868 1772 922 1834 sed
977 1771 1217 1853 omnipotentis,
1235 1772 1301 1837 imo
1315 1779 1346 1834 et
1361 1772 1457 1835 totius
1475 1770 1727 1854 superexcellen-

169 1866 279 1929 felleae
303 1867 524 1930 amaritudinis
548 1868 721 1950 punctione
746 1869 920 1950 replentur,
941 1864 1107 1932 Btissimae
1122 1869 1285 1933 Trinitatis
1306 1870 1467 1952 praecipue
1488 1869 1725 1945 bonorativum‚

169 1964 390 2046 allligtmtque
404 1965 512 2029 miseri
528 1966 772 2047 semetipsos,in
788 1985 925 2049 praesen·
977 1968 1197 2051 passionisque
1225 1967 1340 2030 Christi
1364 1975 1396 2031 et
1418 1974 1598 2030 ceterorum
1626 1965 1727 2048 ipsius

171 2062 195 2124 ti
223 2063 379 2125 habentes
406 2064 497 2127 etin
522 2063 630 2127 luturo
658 2064 799 2128 habituri
826 2064 925 2127 inler-
978 2065 1201 2147 mysteriorum
1221 2084 1258 2129 ac
1279 2064 1514 2129 beneficiormn
1539 2064 1655 2127 eximie
1680 2083 1728 2127 re-

171 2180 268 2239 num,
284 2160 344 2223 nisi
369 2161 558 2244 resipiscant
581 2162 764 2244 paenitendo
789 2163 924 2226 idoneel
978 2163 1188 2242 cordativum,
1205 2163 1261 2227 toti
1277 2182 1404 2245 quoque
1418 2161 1578 2242 Ecclesia,
1596 2161 1660 2225 ime
1681 2162 1728 2224 vi-

171 2259 222 2321 An
250 2259 389 2341 ignoras,
415 2260 470 2341 qui
495 2260 569 2322 talis
592 2279 639 2339 es,
661 2263 746 2343 qued
771 2261 860 2324 nulla
884 2261 926 2324 sit
978 2262 1027 2324 vis
1055 2281 1094 2325 ae
1119 2260 1254 2325 mortuis
1284 2261 1450 2344 potissime
1480 2260 1727 2337 subventivum3

170 2357 243 2419 vita
270 2357 409 2420 deterior
432 2376 527 2439 quam
551 2375 685 2439 corpore
714 2358 809 2421 simul
837 2359 926 2421 habi·
978 2360 1170 2423 admonendi
1204 2367 1279 2423 sunt
1312 2360 1492 2423 sacerdotes
1525 2364 1559 2420 ut
1587 2357 1729 2443 quotidie

170 2462 255 2535 tare,
272 2472 336 2517 non
351 2462 469 2533 mente,
485 2474 545 2518 nec
561 2456 764 2519 concordiam
779 2460 924 2520 servaret
979 2459 1141 2522 celebrare
1156 2475 1220 2521 non
1235 2464 1372 2538 cessent,
1389 2457 1451 2519 nisi
1467 2456 1605 2538 speciale
1620 2474 1731 2519 eccur·

169 2554 277 2631 Certe,
309 2562 343 2615 ut
370 2554 471 2616 sancti
499 2554 606 2617 Patres
633 2562 800 2635 testantur,
829 2555 926 2619 homo
980 2557 1257 2633 ratobstaculum3
1275 2556 1339 2619 imo
1354 2556 1398 2619 sic
1414 2554 1607 2632 conversari,
1625 2552 1731 2616 taliter

172 2651 345 2733 religiosus
373 2651 428 2732 qui
457 2670 521 2715 non
550 2654 656 2715 studet
683 2672 743 2716 nec
771 2654 927 2719 assuescit
978 2655 1137 2738 prolicere
1159 2662 1313 2737 satagant,
1330 2654 1413 2735 qued
1438 2654 1478 2716 ad
1503 2651 1729 2716 celebrandum

172 2751 206 2812 in
222 2751 366 2813 claustro
379 2750 521 2832 quotidie
536 2750 697 2814 refrenare
717 2771 755 2815 ac
777 2751 925 2834 lrangere
979 2753 1132 2835 quotidie,
1145 2761 1299 2834 quantum
1316 2752 1456 2815 humana
1469 2750 1547 2814 sinit
1560 2750 1727 2833 fragilitas,

171 2847 397 2929 semetipsum,
412 2856 445 2910 et
458 2849 603 2930 proprias
619 2849 799 2930 relinquere
813 2851 926 2914 volun·
979 2871 1037 2915 suo
1057 2852 1152 2915 modo
1179 2851 1243 2913 sint
1266 2842 1365 2934 digni,
1382 2851 1552 2933 implentes
1577 2849 1657 2912 illud
1681 2868 1730 2911 ar·
1756 2874 1758 2877 ’

171 2955 269 3023 tates,
306 2945 554 3027 passionumque
589 2946 727 3027 impetus
762 2966 923 3029 superare,
980 2949 1170 3030 ohiapostoli
1196 2948 1372 3012 beatissimi
1393 2948 1474 3011 Petri
1492 2947 1632 3011 :Omnes
1652 2965 1870 3027 una-ram„

172 3043 390 3109 obedientiam
410 3043 595 3126 adimplere,
612 3045 769 3125 abnegare
790 3054 823 3108 et
843 3064 926 3108 mor·
944 3046 966 3109 C
981 3047 1096 3125 nimos,
1119 3046 1359 3129 compatientes,
1381 3045 1586 3109 fraternitatis
1611 3052 1730 3107 amato-
1744 3038 1765 3080 ⁸·

173 3144 305 3206 tilieare
326 3142 478 3225 quidquid
499 3143 622 3206 caritati
647 3145 839 3206 eontrarium
865 3154 923 3220 est,
981 3164 1043 3223 res,
1074 3144 1310 3223 misericordes,
1339 3143 1485 3223 modesti,
1512 3143 1672 3220 humiles3
1697 3149 1729 3205 et

174 3243 281 3306 multo
296 3241 334 3303 lit
347 3241 439 3323 peior
452 3260 548 3322 quam
563 3242 590 3303 si
605 3242 775 3305 mansisset
786 3243 818 3305 in
831 3262 926 3307 saecu·
980 3244 1065 3324 quod
1094 3251 1223 3305 sanctus
1252 3243 1401 3305 admonet
1429 3240 1543 3304 Paulus
1571 3264 1577 3302 :
1605 3240 1728 3303 Induite
1758 3258 1842 3306 coeto.

175 3343 218 3420 lo,
238 3348 295 3403 aut
313 3358 408 3421 wem
422 3340 569 3403 homines
589 3341 767 3403 saculares.
783 3340 873 3422 llam,
891 3349 927 3403 ut
980 3361 1049 3421 vos,
1067 3341 1150 3405 sicut
1163 3340 1256 3404 electi
1271 3341 1337 3418 Dei,
1350 3340 1473 3404 viscera
1487 3338 1725 3416 misericordia,
1741 3325 1875 3441 '33⁸2‘

50 3458 99 3501 ma
123 3471 160 3507 ιιι,
174 3439 293 3503 asserit
306 3438 471 3517 Dominus,
487 3438 539 3500 cui
560 3438 633 3521 plus
653 3439 761 3501 datum
777 3448 835 3517 est,
852 3440 925 3521 plus
981 3440 1222 3521 benignitatem,
1263 3437 1488 3518 humilitatem,
1525 3436 1724 3515 modestiam,
1740 3449 1761 3491 2·
1868 3417 1875 3439 ’

40 3523 69 3562 ⁴⁸·
174 3537 359 3618 requiretur
372 3536 412 3599 ab
426 3554 485 3614 eo;
502 3545 607 3617 atque,
623 3543 659 3599 ut
672 3537 820 3618 princeps
833 3537 926 3599 docet
980 3538 1178 3622 patientiam,
1195 3544 1418 3618 supportantes
1433 3535 1572 3598 invicem
1593 3536 1626 3597 in
1647 3533 1728 3597 cari-

40 3652 124 3742 prar.
137 3668 160 3705 a,
174 3634 412 3717 Apostolorum,
427 3633 542 3696 melius
557 3634 621 3695 illis
636 3642 720 3697 esset
734 3652 798 3697 non
814 3652 926 3715 cogno
980 3644 1055 3715 tate,
1086 3644 1118 3697 et
1145 3636 1300 3697 donantes
1328 3632 1576 3715 vobismetipsis,
1603 3633 1629 3695 si
1655 3633 1727 3713 quis

40 3720 67 3757 '¹'
174 3752 268 3797 scere
293 3732 377 3794 viam
399 3732 541 3813 justitiae,
558 3750 653 3813 quarn
676 3741 748 3813 post
771 3732 926 3814 cognitio
981 3735 1133 3797 adversus
1154 3732 1292 3813 aliquem
1311 3731 1408 3794 habet
1429 3731 1613 3813 querelam;
1636 3731 1727 3793 item-

175 3852 252 3893 nem
274 3838 446 3894 retrorsum
468 3831 595 3892 reverti.
612 3828 771 3910 Numquid
792 3830 865 3893 talis
886 3831 924 3891 ad
980 3851 1042 3913 que
1060 3854 1067 3892 z
1085 3831 1117 3892 Si
1133 3849 1195 3911 qua
1210 3829 1385 3893 consolatio
1399 3830 1432 3891 in
1447 3828 1579 3910 Christo,
1597 3828 1622 3890 si
1641 3829 1724 3909 quod
1741 3848 1874 3907 attremat,

175 3948 288 3992 veram
325 3928 427 3991 tendit
465 3927 708 4010 perlectionem,
748 3929 832 3991 sicut
868 3947 925 3991 sua
981 3930 1128 3993 solatium
1145 3927 1296 4005 caritatis,
1313 3928 1339 3989 si
1354 3945 1417 4009 qua
1431 3927 1565 3990 societas
1584 3926 1724 4009 spiritus,
1741 3914 1786 3956 ¹⁴·

175 4028 285 4110 ipsum
307 4026 497 4109 constringit
517 4026 697 4109 professiol
980 4028 1007 4091 si
1029 4047 1093 4109 qua
1111 4028 1234 4090 viscera
1258 4026 1481 4104 miserationis,
1499 4026 1629 4109 implete
1651 4044 1727 4107 gau-

215 4127 371 4189 Praeterea
395 4126 635 4203 advertendum,
658 4126 743 4206 quod
767 4135 871 4188 motus
895 4132 927 4187 et
980 4126 1070 4189 dium
1084 4145 1203 4203 meum,
1225 4135 1261 4188 ut
1282 4126 1365 4188 idem
1388 4125 1528 4207 sapiatis,
1546 4124 1725 4203 unanimes,

175 4225 369 4309 punctiones
383 4243 420 4286 ac
437 4224 575 4304 impetus
589 4223 772 4305 passionum
794 4224 923 4300 sentire,
941 4225 965 4285 b
981 4225 1012 4286 id
1033 4225 1138 4306 ipsum
1164 4224 1348 4304 sentientes,
1365 4224 1445 4285 nihil
1471 4242 1527 4304 per
1553 4221 1728 4285 contentio-

175 4342 244 4387 nen
263 4322 369 4385 statim
388 4322 570 4384 damnabile
589 4329 648 4401 est,
664 4322 719 4384 sed
746 4322 925 4385 consentire
980 4342 1065 4398 nem,
1089 4342 1193 4404 neque
1219 4342 1276 4404 per
1299 4322 1426 4384 inanem
1451 4321 1596 4403 gloriam,
1614 4322 1668 4383 sed
1694 4320 1726 4381 in

176 4421 312 4485 eisdem.
329 4420 493 4483 immorari
509 4438 584 4483 vero
600 4427 631 4482 et
645 4438 709 4483 uon
725 4419 801 4481 satis
816 4419 927 4482 celeri·
980 4419 1158 4482 humilitate
1187 4419 1366 4501 superiores
1392 4418 1453 4480 sibi
1480 4418 1619 4480 invicem
1644 4416 1728 4479 arbi-

176 4529 228 4584 ter
241 4518 440 4599 viriliterque
454 4518 607 4598 abjicere,
625 4517 719 4600 culpa
734 4537 799 4581 non
818 4526 924 4595 caret3
980 4526 1121 4593 trantes3
1148 4518 1256 4579 omnia
1284 4515 1378 4577 laeite
1408 4515 1476 4577 sine
1505 4514 1728 4577 murmuratio
1742 4539 1876 4591 reatae.

177 4630 210 4682 et
239 4617 304 4680 nisi
328 4618 408 4680 ratio
434 4617 617 4695 reluctetur,
642 4617 810 4679 dissentiat
832 4624 926 4698 atque
981 4616 1087 4694 nibus,
1107 4623 1143 4677 ut
1166 4615 1235 4677 sitis
1260 4614 1329 4676 sine
1353 4614 1494 4695 querela,
1511 4622 1542 4675 et
1565 4612 1728 4695 simplices

178 4716 362 4799 prevaleat,
379 4714 419 4777 lit
432 4714 577 4778 mortale.
590 4714 648 4789 Qui
663 4724 769 4777 autem
784 4715 929 4797 pulsatur
982 4714 1044 4777 lilii
1066 4712 1132 4776 Dei.

179 4815 232 4877 his
247 4814 398 4893 motibus,
410 4819 443 4875 et
457 4814 490 4874 in
505 4814 591 4875 lucta
604 4813 762 4890 consistit,
775 4813 928 4875 invocans
1021 4812 1123 4887 Quum
1148 4811 1214 4873 heac
1239 4818 1271 4873 et
1293 4809 1474 4873 consimilia
1497 4809 1671 4890 apostolica
1699 4816 1731 4872 et

179 4912 399 4990 Dominum,a
419 4911 645 4973 communione
665 4918 697 4972 et
716 4909 929 4973 celebratione
983 4909 1169 4991 evangelica
1197 4911 1389 4972 documenta
1412 4907 1562 4971 omnibus
1586 4907 1731 4988 injuncta

180 5030 249 5076 non
270 5010 467 5092 prohibetur.
484 5008 562 5072 Nam
582 5016 614 5071 et
627 5008 725 5090 aliqui
741 5028 779 5071 ex
793 5009 929 5072 naturali
985 5008 1048 5070 sint
1068 5008 1266 5087 Christianis,
1283 5026 1454 5089 pensemus
1474 5025 1569 5088 quam
1589 5005 1662 5085 vile,
1678 5005 1733 5067 de-

180 5108 393 5191 dispositione
408 5108 446 5170 ad
461 5106 645 5188 hujusmodi
665 5107 793 5170 aculeos
812 5108 932 5189 passio-
984 5106 1131 5169 testabile
1156 5113 1250 5186 atque
1280 5104 1472 5183 damnabile,
1499 5123 1594 5185 quam
1622 5103 1734 5166 erube·

182 5226 264 5270 num
278 5213 353 5269 sunt
365 5204 471 5289 proni,
487 5204 542 5286 qui
562 5223 620 5286 pro
641 5206 741 5286 gratia
763 5205 932 5268 resistendi
987 5205 1110 5282 scibile,
1128 5212 1219 5285 turpe
1239 5210 1271 5265 et
1289 5202 1503 5266 abominabile
1525 5202 1566 5265 sit
1587 5201 1734 5265 homines

184 5307 343 5369 instanter
360 5312 393 5367 et
410 5303 601 5387 praevalendi
622 5304 800 5384 salubriter,
816 5305 856 5367 ad
881 5306 934 5368 Sa·
990 5303 1155 5386 religiosos
1180 5302 1213 5364 in
1237 5300 1307 5365 istis
1330 5300 1482 5379 delicere,
1499 5300 1543 5363 ita
1565 5308 1601 5364 ut
1624 5318 1737 5381 queru-
