4309 6259
449 474 509 541 111
719 501 760 547 nr
779 500 936 547 66666616
957 502 994 548 61
1014 501 1178 549 6161111116
1198 501 1314 559 uuam,
1337 502 1424 549 116116
1445 503 1477 549 u.
1500 521 1541 533 -
1560 503 1630 549 mr.
1653 504 1730 551 xvur

449 665 640 732 fundissima
667 679 761 754 atque
789 671 941 755 perfecta,
971 692 1005 736 se
1032 672 1135 754 ipsam
1164 681 1196 736 et
1208 673 1234 736 Α
1248 673 1416 756 enigmata
1429 682 1462 739 61
1478 674 1610 756 figuras,
1626 676 1724 738 lleum
1745 674 1843 737 ridet.
1859 674 1896 737 et
1913 675 1978 737 Pau-

449 765 525 828 item
539 768 624 847 quod
639 788 734 851 supra
748 790 783 833 se
797 779 856 849 est,
872 770 1047 834 clarissime
1063 790 1100 833 66
1120 771 1196 835 6161-
1249 773 1298 835 166
1318 791 1351 835 66
1375 773 1482 857 utique
1505 773 1695 837 insinuans:
1713 773 1783 837 Seio
1803 773 1871 853 (ait)
1889 774 1979 837 bomi-
1987 794 2066 847 1666

450 872 563 928 neuter
576 867 717 946 agnovit.
732 868 880 950 ideoque,
896 869 942 931 uti
958 868 1077 932 nullius
1092 868 1196 931 bumi—
1248 889 1322 932 nem
1338 870 1370 933 in
1385 870 1520 950 Christo,
1536 880 1609 935 ante
1630 890 1732 935 annos
1753 871 1977 954 quatuordecim
1987 860 2018 900 ²⁴·

449 962 521 1026 lites
535 963 606 1045 ejus
620 966 737 1048 aequari
752 967 837 1031 valet
854 967 1035 1048 humilitati,
1053 968 1099 1030 sie
1119 986 1197 1050 quo
1248 969 1329 1049 (sive
1343 968 1377 1032 in
1391 988 1522 1053 corpore
1538 970 1604 1033 sive
1619 978 1706 1034 extra
1727 988 1854 1053 eorpus,
1870 970 1976 1046 nescio,

448 1081 510 1143 quc
524 1064 673 1127 omuibus
688 1066 758 1146 ipsa
771 1074 896 1129 eternae
909 1075 1029 1129 naturae
1047 1066 1196 1147 majesta·
1248 1067 1331 1130 Deus
1355 1068 1437 1147 scit),
1465 1076 1588 1149 raptum
1613 1068 1798 1150 hujusmodi
1827 1086 1923 1149 usque
1946 1069 1978 1131 ad

448 1160 1195 1245 tem,incomprehensibilitatem,simplicitatem
1249 1164 1376 1227 tertium
1395 1164 1532 1242 coelum3
1549 1172 1581 1228 et
1600 1164 1667 1228 scio
1686 1164 1870 1247 hujusmodi
1894 1165 1980 1228 bomi-

447 1276 485 1319 66
500 1259 1197 1344 bonitatem,incircumscriptibilitatem,in·
1249 1280 1323 1324 nem
1345 1262 1427 1342 (sive
1452 1262 1484 1324 in
1510 1281 1642 1345 corpore
1667 1262 1733 1325 sive
1757 1270 1844 1325 extra
1868 1281 1977 1345 eorpus,

448 1354 691 1437 dependentium
716 1358 1018 1440 beatitudinemque,
1039 1359 1196 1422 excellen-
1248 1362 1367 1441 neseio,
1388 1361 1470 1423 Deus
1492 1361 1576 1441 6611),
1592 1360 1745 1442 quoniam
1767 1369 1876 1443 raptus
1893 1363 1979 1424 estin

447 1453 509 1516 tius
531 1462 626 1535 atque
648 1455 810 1537 limpidius
831 1458 1043 1539 contemplata
1064 1466 1123 1521 est.
1249 1458 1442 1541 paradisum,
1464 1468 1496 1521 et
1518 1458 1639 1521 audivit
1660 1478 1776 1522 arcana
1797 1460 1903 1539 verba,
1922 1479 1978 1542 qua

1249 1575 1313 1620 non
1338 1556 1414 1619 lieet
1437 1556 1560 1619 bomini
1585 1556 1684 1638 loqui.
1709 1557 1828 1639 ltaque,
1855 1558 1881 1619 si
1905 1558 1979 1639 juxta

1251 1655 1540 1738 praedemonstrata,
1558 1654 1609 1717 bis
1629 1662 1693 1717 tam
1709 1654 1895 1719 sublimibus
1914 1656 1978 1719 viris

624 1728 869 1792 ARTICULUS
892 1729 1017 1792 XVIII·
1249 1754 1367 1816 nedum
1393 1771 1534 1835 compar,
1564 1753 1619 1815 sed
1648 1752 1842 1817 eminentior
1868 1773 1978 1836 prorsus

445 1878 501 1937 An
517 1877 682 1937 benedicta
704 1886 735 1936 e,
756 1879 938 1937 venerabi·
911 1882 953 1937 ,3
974 1880 1067 1954 „5790
1081 1847 1231 1939 Mamali
1250 1858 1344 1931 atque
1358 1850 1391 1912 in
1406 1869 1493 1914 61661
1485 1849 1706 1933 'perfectione
1720 1851 1885 1915 exaltatior
1903 1852 1979 1914 exsti-

487 1967 524 2025 6,
540 1967 701 2041 mma
720 1967 790 2026 „ta
812 1968 934 2027 Merit
949 1948 1622 2043 6667366663.11111616661661616,661
1643 1948 1672 2012 61
1695 1957 1759 2011 1616
1781 1949 1979 2013 desiderabilis

486 2057 636 2116 sentiam
1250 2056 1378 2128 tamque
1392 2045 1501 2109 divina
1516 2045 1671 2129 perfectio
1691 2065 1845 2111 concessa
1864 2066 1923 2111 nou
1941 2047 1981 2110 lu-

1251 2146 1320 2225 erit,
1337 2152 1392 2208 aut
1409 2164 1467 2209 cur
1485 2145 1513 2207 ei
1533 2145 1643 2227 negari
1666 2145 1791 2224 debeat,
1808 2165 1869 2209 nec
1888 2164 1979 2223 cerno,

312 2234 379 2280 ω’·
395 2249 433 2289 '¹¹·
516 2242 710 2304 6011116616
733 2260 812 2311 meo,
833 2251 865 2301 61
888 2244 933 2302 ad
957 2262 1006 2301 me
1028 2245 1195 2303 conversio
1253 2261 1357 2324 neque
1379 2242 1514 2324 reperio.

302 2299 336 2341 ω’
527 2338 683 2417 ejusdam
699 2358 785 2401 nunc
797 2339 837 2402 de
849 2339 1090 2421 praeclarissima
1101 2348 1194 2421 atque
1291 2340 1435 2422 Amplius
1449 2348 1566 2417 autem,
1584 2358 1673 2405 amor
1687 2342 1791 2423 maJ'or
1805 2341 1980 2405 infimiorem

446 2436 690 2547 incomparabili
714 2436 816 2499 116116
840 2436 1007 2518 sapientia,
1028 2438 1139 2518 multa,
1161 2447 1196 2501 ut
1251 2438 1403 2501 unionem
1436 2437 1552 2517 elficit,
1583 2438 1737 2521 pluraque
1771 2440 1857 2503 bona
1882 2440 1980 2503 dilecto

447 2535 549 2617 quivi,
564 2534 709 2598 disserui.
730 2535 827 2616 ldque
852 2534 898 2616 (ni
924 2534 1031 2615 fallor)
1054 2555 1092 2599 ex
1117 2556 1195 2617 6161-
1251 2537 1419 2619 impendit.
1436 2536 1598 2613 Quomodo
1613 2556 1689 2618 ergo
1710 2538 1793 2600 hane
1814 2538 1939 2620 gratiam
1958 2539 1980 2599 61

307 2642 379 2695 1111
391 2649 432 2689 ut
447 2632 583 2695 ostensis
597 2632 767 2695 616666611.
780 2651 850 2695 6616
866 2633 975 2714 utique
989 2634 1193 2697 sacerrimam
1250 2634 1332 2697 Deus
1346 2652 1411 2697 uon
1425 2634 1609 2717 praestitisse
1628 2634 1807 2697 credendus
1827 2643 1886 2713 est,
1901 2654 1979 2717 quam

300 2718 406 2757 ''’''''¹'
447 2730 599 2809 Puellam,
615 2731 1100 2795 aeternil’atrisamantissimam
1117 2751 1195 2813 6116-
1251 2732 1453 2815 praecunctis
1472 2740 1536 2794 1616
1559 2730 1767 2795 ineffabiliter
1788 2733 1884 2815 616311
1902 2741 1980 2814 atque

447 2828 775 2910 cordialissimamque
797 2828 896 2891 filiam
900 2838 1019 2911 ‚atque
1038 2830 1078 2892 ad
1097 2830 1128 2892 id
1153 2831 1193 2893 ab
1249 2830 1981 2913 11161111111166,661116111116,61161166666

447 2927 781 3009 661661616661661616
810 2927 949 3007 itemque
973 2937 1191 3010 preparatam,
1250 2949 1311 3012 que
1339 2929 1404 2993 vita
1432 2929 1513 2993 Deus
1543 2929 1717 3010 praeelectae
1745 2930 1903 3011 Virgini'
1895 2948 1981 3011 ipsam

446 3034 483 3089 ut
496 3026 674 3088 naturalem
688 3045 724 3088 66
740 3025 937 3107 unigenitum
957 3046 1049 3088 suum
1063 3026 1191 3108 Filium,
1209 3030 1231 3095 C
1250 3047 1340 3091 suam
1355 3027 1525 3090 essentiam
1540 3026 1662 3089 dederit
1676 3046 1734 3109 per
1747 3028 1887 3109 speeiem
1906 3027 1982 3091 iutel-

447 3124 547 3207 ipsius
562 3124 700 3186 Verbum
715 3123 963 3204 sapientiamque
977 3124 1192 3201 exsistentem,
1250 3126 1360 3207 ligere,
1377 3125 1470 3207 cujus
1494 3133 1587 3206 atque
1612 3143 1650 3187 ex
1673 3143 1735 3206 qua
1759 3126 1831 3208 ipse
1855 3135 1981 3190 naturam

447 3221 533 3284 felici
550 3229 660 3284 ventre
674 3219 865 3297 effunderet,
879 3219 1135 3301 splendidissima
1151 3240 1196 3283 sa·
1249 3243 1356 3287 veram
1372 3222 1520 3305 dignatus
1535 3230 1583 3285 est
1597 3224 1819 3287 assumerefSi
1831 3226 1899 3307 ipsa
1908 3224 1981 3287 dedit

447 3319 567 3401 pientia
581 3316 757 3399 illustrique
771 3317 899 3399 ingenio
914 3327 1056 3381 ornatam
1072 3318 1192 3397 fuisse3
1249 3322 1312 3384 Deo
1327 3341 1396 3384 esse
1412 3322 1495 3401 quod
1510 3321 1578 3402 ipsa
1592 3329 1651 3400 est,
1665 3340 1723 3384 our
1735 3340 1802 3385 non
1817 3323 1847 3385 ei
1861 3322 1981 3386 dedisset

447 3436 541 3499 66166
555 3416 665 3495 161116,
681 3416 722 3478 ab
736 3416 901 3497 Unigenifo
924 3434 991 3494 suo,
1008 3416 1112 3479 omnis
1134 3418 1194 3478 uti·
1250 3420 1331 3483 Deus
1353 3420 1533 3501 intelligere
1555 3419 1638 3500 quod
1661 3420 1730 3501 ipse
1752 3424 1828 3483 6611

447 3535 509 3597 que
528 3515 690 3597 sapientie
711 3514 810 3593 fonte,
827 3534 863 3577 ac
886 3514 1109 3577 intellectualis
1131 3514 1195 3578 vir·
1289 3518 1328 3579 At
1341 3537 1417 3581 vero
1432 3525 1556 3581 constat
1568 3518 1718 3599 quoniam
1734 3520 1856 3583 credita
1876 3528 1906 3583 et
1923 3520 1980 3581 visa

449 3615 524 3677 tutis
552 3614 722 3696 principio,
751 3632 789 3676 66
818 3611 1011 3694 61636161166
1038 3614 1194 3676 excellen-
1249 3615 1411 3678 ardentius
1446 3614 1716 3698 concupiscuntur
1746 3635 1844 3698 quam
1877 3617 1981 3681 credite

448 3712 576 3794 tiusque
604 3712 705 3793 ipsam
735 3730 800 3792 prae
829 3711 986 3773 universis
1014 3712 1194 3774 decoratam
1249 3715 1435 3777 dumtaxat:
1453 3714 1644 3777 desiderium
1666 3734 1805 3797 nemque
1830 3736 1885 3779 seu
1906 3734 1981 3779 amor

448 3811 558 3889 fuisse,
588 3828 651 3891 quo
679 3828 743 3890 prae
771 3807 911 3887 famulis,
939 3809 1005 3871 sive
1032 3809 1194 3891 Prophetis
1250 3812 1282 3875 in
1298 3812 1478 3894 cognitione
1494 3811 1760 3893 radicaturatque
1781 3832 1821 3876 ex
1842 3834 1879 3877 ea
1899 3812 1981 3897 proli-

448 3908 517 3970 sive
541 3907 711 3990 Apostolis,
738 3927 845 3970 veram
873 3907 1194 3989 honestissimamque
1250 3911 1391 3973 ciscitur.
1408 3910 1456 3973 Uti
1471 3928 1546 3992 ergo
1561 3910 1656 3992 Virgo
1678 3911 1857 3990 benedicta,
1872 3913 1981 3974 unirer-

448 4005 641 4070 Genitricem
668 4005 775 4067 fulciri
803 4006 946 4068 decebat.
976 4006 1037 4068 Sed
1070 4014 1103 4068 et
1128 4006 1194 4087 jam
1250 4008 1294 4070 sis
1308 4008 1408 4071 Deum
1422 4007 1583 4071 ardentius
1603 4028 1730 4090 semper
1748 4010 1983 4091 praecordialius-

311 4116 364 4160 661.
391 4122 433 4162 ut.
448 4124 574 4190 quoque
595 4103 690 4185 paulo
714 4111 798 4181 aute,
819 4104 1084 4183 quemadmodum
1111 4124 1195 4166 sum·
1250 4125 1311 4186 que
1327 4106 1511 4188 concupivit
1525 4106 1664 4187 itemque
1679 4105 1799 4188 dilexit,
1807 4108 1855 4171 sic
1870 4125 1982 4189 prorsus

301 4192 346 4231 ¹¹¹¹
360 4192 411 4223 ¹¹¹¹·
448 4224 501 4267 me
520 4201 765 4283 contemplativa
785 4201 891 4280 fuerit,
909 4202 1073 4283 mysticam
1098 4202 1194 4265 etiam
1210 4207 1234 4268 D
1251 4202 1426 4285 pleniorem
1442 4204 1512 4285 ejus
1528 4203 1674 4267 notitiam
1690 4206 1799 4268 sortita
1816 4204 1982 4268 16616111-

448 4302 638 4383 theologiam
674 4300 869 4363 lucidissime
903 4301 1062 4379 didicerit,
1097 4302 1194 4363 dedu·
1250 4310 1318 4364 6166
1332 4310 1437 4365 661661
1452 4302 1505 4383 qui
1521 4302 1571 4364 vel
1587 4304 1684 4365 semel
1701 4303 1799 4366 Deum
1817 4325 1874 4386 per
1891 4322 1983 4367 essen·

450 4409 537 4464 ctum
559 4407 617 4462 est.
1249 4402 1326 4463 tiam
1345 4400 1435 4481 vidit,
1452 4402 1510 4463 etsi
1529 4410 1638 4483 666166
1656 4421 1722 4466 non
1741 4422 1868 4486 semper
1887 4405 1917 4466 in
1938 4402 1982 4465 illa

488 4497 1195 4580 11661666,666661661116111166661666616
1250 4497 1447 4580 perfectione
1473 4508 1663 4580 perseveret,
1687 4520 1814 4583 semper
1838 4510 1947 4577 161666,
1961 4498 1982 4560 61

448 4616 519 4661 rum
544 4597 724 4674 Doctorum,
739 4597 779 4656 de
803 4595 993 4676 quibusdam
1019 4596 1194 4676 praeelectis
1251 4597 1310 4660 rite
1345 4597 1553 4678 contemplor,
1583 4598 1709 4679 plenius
1737 4599 1839 4663 Deum
1867 4599 1914 4662 bis
1939 4596 1982 4679 qui

447 4693 641 4772 bominibus,
657 4692 797 4774 ipsisque
812 4694 996 4773 praesertim,
1012 4694 1115 4775 bloyse
1129 4713 1195 4756 ma·
1251 4696 1340 4758 illum
1376 4714 1533 4777 nusquam
1568 4715 1625 4777 per
1659 4697 1800 4779 speeiem
1837 4699 1981 4771 videmnl,

447 4794 546 4876 gistro
560 4792 750 4871 ludaeorum,
767 4792 910 4873 gentium
925 4809 1051 4872 quoque
1065 4793 1195 4855 doctore
1250 4794 1405 4876 agnoscit,
1422 4794 1659 4875 ferventiorque
1681 4805 1858 4877 permanet.
1878 4797 1982 4877 ltaque,

448 4893 556 4969 Paulo,
572 4890 696 4954 censeri
712 4897 842 4971 parest,
858 4890 1053 4970 quodetiam
1076 4890 1109 4951 16
1133 4892 1196 4953 1116
1251 4890 1393 4954 siblaria
1417 4891 1516 4955 Deum
1541 4890 1693 4954 continuo
1722 4892 1841 4956 elarius
1868 4898 1985 4957 noverat

447 4993 509 5054 bac
533 4989 572 5052 ad
598 4996 717 5051 tantam
746 4987 811 5049 siut
838 4988 969 5069 gratiam
998 4989 1133 5051 traducti
1162 4998 1197 5051 ut
1250 4988 1496 5069 aestuantiusque
1517 4989 1652 5066 amabat,
1669 5008 1754 5069 eum,
1771 4990 1798 5053 si
1823 5010 1888 5055 non
1912 4988 1986 5052 deei-

447 5089 548 5151 Deum
573 5107 631 5170 per
654 5085 823 5149 essentiam
847 5085 992 5149 viderint.
1013 5086 1133 5169 Nempe
1157 5088 1196 5150 de
1251 5086 1332 5169 pior,
1349 5088 1400 5149 vel
1425 5086 1593 5169 aliquando
1617 5086 1767 5150 omnibus
1791 5086 1985 5153 excellentius

301 5204 433 5256 Numana.
447 5188 551 5270 Moyse
574 5187 657 5249 Deus
682 5184 827 5247 sublimis
852 5192 884 5246 et
905 5184 1094 5247 benedictus
1114 5209 1120 5247 :
1138 5186 1196 5249 016
1251 5185 1341 5248 vidit.
1995 5233 2074 5281 M„

449 5285 582 5367 (inquit)
596 5286 637 5348 ad
650 5302 687 5348 os
701 5282 813 5365 loquor
827 5282 871 5361 ei3
884 5290 917 5345 61
930 5282 1047 5365 661616,
1060 5301 1125 5346 666
1139 5302 1197 5365 661
1290 5283 1454 5362 Praeterea,
1470 5283 1645 5347 secundum
1660 5284 1869 5367 praeinducta,
1885 5286 1915 5349 iu
1929 5302 1986 5348 616-
1996 5314 2023 5343 a.
