4309 6259
472 487 533 553 392
623 507 663 554 DE
684 506 886 555 SAMRNTO
905 508 1034 554 aaronis
1056 508 1094 553 BT
1114 494 1211 630 MIS'SAE
1232 504 1460 554 cataenartorta
1482 508 1639 554 marmus
1663 526 1704 537 -
1724 508 1795 555 aar.
1817 508 1867 555 Vlll

474 685 507 740 et
529 677 720 760 specialibus
739 677 880 755 ferculis,
902 676 1065 761 reperiunt
1084 632 1171 759 quel
1189 675 1260 737 inA
1279 676 1364 740 tione
1379 676 1551 758 spiritualis
1565 678 1627 742 eibi
1642 678 1715 743 vitae
1729 678 1776 742 illi
1791 680 1997 745 convenientis.

475 775 523 839 eis
547 775 661 839 excitet
689 784 721 839 et
747 776 901 839 accendat
927 774 1092 839 vivificum
1121 774 1222 837 sancti
1276 773 1455 839 lucordatio
1469 784 1574 839 autem
1589 793 1654 840 non
1673 786 1721 840 est
1740 778 1826 841 aliud
1843 798 1928 860 quam
1943 781 2001 861 spi-

475 873 594 936 amoris
609 874 759 955 calorem,
774 874 861 956 ipsos
876 872 1095 955 spiritualibus
1115 880 1223 953 pascat
1278 872 1400 935 ritualis
1415 892 1472 935 seu
1491 873 1640 937 cordialis
1660 874 1772 953 unitio,
1790 884 1863 957 puta
1879 876 1997 955 dilectio

475 970 608 1034 deliciis.
624 972 698 1035 ldeo
714 973 811 1035 verba
825 980 857 1035 et
870 970 1029 1035 beneficia
1047 970 1114 1048 Dei,
1132 970 1222 1033 cibus
1277 978 1430 1051 quantum
1455 972 1494 1033 ad
1522 972 1585 1033 vim
1609 972 1773 1036 motivam.
1790 974 1938 1055 Quumque
1959 975 1999 1037 in

476 1078 550 1131 sunt
564 1069 741 1132 animarum
764 1070 909 1133 fidelium
923 1077 955 1132 et
968 1068 1122 1151 pabulum
1144 1068 1223 1131 divi·
1278 1069 1455 1151 corporatio
1481 1069 1544 1132 eibi
1572 1070 1614 1131 sit
1642 1089 1716 1133 vere
1741 1072 1898 1147 comestio,
1920 1074 1998 1153 cnjus

475 1168 508 1230 ni
523 1169 768 1250 amorisltaque
784 1177 847 1231 ιιιιι
863 1168 999 1245 bonitas,
1007 1167 1220 1250 pulchritudo,
1278 1166 1524 1248 praeparationes
1546 1175 1621 1230 sunt
1643 1188 1713 1251 quae
1737 1168 1998 1251 incorporationem

476 1266 625 1345 suavitas,
643 1266 942 1344 munificentiaDei,
958 1284 1055 1347 quam
1077 1266 1147 1346 ejus
1169 1266 1222 1328 be·
1276 1266 1471 1345 precedunt,
1501 1273 1536 1328 ιιι
1569 1265 1692 1344 fractio,
1724 1267 1947 1348 masticatioque
1971 1268 1997 1329 in

475 1363 603 1443 nelicia,
618 1364 746 1446 eloquia
766 1384 803 1427 ac
827 1365 994 1446 promissa,
1012 1371 1086 1426 sunt
1111 1362 1222 1425 incita-
1277 1380 1353 1439 ore3
1380 1362 1426 1425 sic
1451 1362 1626 1427 incordatio
1654 1364 1717 1427 cibi
1746 1364 1911 1446 spiritualis
1935 1385 1998 1428 vere

475 1463 789 1545 mentum,pabnlum
800 1470 832 1525 et
842 1463 1026 1525 incendium
1041 1461 1221 1524 dilectionis
1277 1459 1430 1524 comestio
1449 1469 1497 1524 est
1520 1460 1583 1525 cibi
1608 1461 1704 1525 illius.
1721 1462 1758 1525 Et
1780 1463 1919 1543 quoniam
1941 1464 1998 1525 sine

475 1580 562 1642 purae
577 1563 616 1623 ad
631 1562 786 1639 Deum,ac
802 1561 1021 1624 delectationis
1036 1568 1069 1623 et
1083 1559 1222 1641 comple·
1276 1558 1506 1637 incordatione,
1523 1559 1555 1622 id
1576 1567 1625 1622 est
1648 1560 1778 1623 cordiali
1802 1559 1931 1623 unitione
1951 1580 1998 1622 seu

476 1659 585 1722 centiae
600 1659 633 1721 in
648 1659 771 1723 eodem.
788 1659 876 1733 Quod
891 1658 1053 1740 Scriptura
1072 1658 1221 1739 lreqncn-
1277 1656 1459 1735 dilectione,
1489 1674 1548 1720 nec
1577 1656 1674 1719 vitam
1704 1658 1811 1738 gratiae
1838 1678 1893 1721 nec
1918 1658 1998 1719 vium

327 1768 460 1816 Psarela
475 1763 524 1817 ter
549 1755 689 1818 insinuat
716 1779 723 1817 ε
750 1754 893 1818 Satiabor
919 1755 1095 1835 (inquiens)
1123 1774 1221 1836 quum
1276 1754 1383 1835 gloriae
1404 1754 1519 1835 aliquis
1541 1762 1644 1836 potest
1666 1756 1794 1833 babere,
1810 1764 1924 1820 constat
1940 1755 1998 1818 sine

327 1866 460 1918 Parnet-
474 1854 655 1935 apparuerit
674 1854 774 1935 gloria
796 1863 870 1930 tua3
894 1861 935 1933 et,
957 1854 1107 1915 Torrente
1133 1852 1221 1914 volu·
1239 1852 1261 1913 B
1277 1852 1432 1934 spirituali
1458 1852 1512 1915 Dei
1539 1852 1732 1917 comestione
1757 1862 1897 1916 neutram
1918 1854 1998 1916 vitam

327 1967 368 2010 1²1.
387 1978 458 2014 avus.
474 1953 569 2033 ptatis
595 1961 655 2015 tuae
678 1952 801 2033 potabis
824 1970 900 2029 eos,
927 1959 969 2029 et,
992 1951 1090 2025 Quam
1114 1950 1220 2013 dulcia
1276 1950 1460 2013 consistere.
1477 1951 1549 2014 Ideo
1570 1951 1635 2014 dixi
1656 1975 1663 2013 :
1685 1952 1742 2026 Qui
1768 1953 1997 2027 manducatus,
2019 1979 2096 2021 rme

327 2031 375 2073 ¹⁰⁸·
473 2049 620 2111 faucibus
648 2050 728 2111 meis
756 2049 882 2129 eloquia
910 2056 983 2110 tua!
1014 2048 1222 2122 Quemadmo
1277 2047 1362 2110 vivet
1377 2056 1506 2130 propter
1521 2068 1591 2128 me3
1608 2057 1651 2127 ct,
1667 2050 1724 2124 Oui
1747 2051 1910 2113 manducat
1928 2050 1998 2110 bunc
2010 2045 2047 2144 {lg
2057 2104 2077 2141 Β,

473 2149 549 2211 dum
584 2148 633 2209 vir
667 2147 780 2224 bonus,
811 2145 957 2208 amabilis
985 2154 1034 2207 est
1060 2154 1092 2208 et
1118 2145 1221 2208 duleis
1276 2165 1402 2228 panem,
1421 2146 1507 2209 vivet
1529 2146 1562 2208 in
1583 2155 1757 2226 eternum3
1779 2147 2069 2229 itemque:l'.gone.u

473 2245 603 2323 amanti,
629 2253 693 2308 tam
722 2252 853 2327 propter
877 2244 1105 2307 virtuositatem
1131 2262 1220 2306 suam
1277 2264 1346 2305 sum
1370 2244 1461 2325 panis
1486 2244 1569 2307 vitae.
1595 2244 1629 2307 ln
1654 2254 1777 2307 tantum
1806 2246 1916 2328 quippe
1941 2264 1999 2307 sum

472 2343 504 2405 in
520 2363 566 2423 se,
584 2361 677 2424 quam
695 2351 823 2424 propter
844 2342 928 2405 bona
948 2342 1046 2404 verba
1066 2360 1103 2403 ac
1125 2360 1221 2422 opera
1275 2342 1368 2423 panis
1383 2343 1466 2422 vitae,
1482 2342 1515 2405 in
1530 2351 1683 2424 quantum
1698 2343 1782 2408 lacio
1797 2343 1912 2425 aliquos
1925 2343 2001 2424 spiri·
2106 2334 2107 2397 Ϊ

473 2460 530 2503 sna
556 2465 563 2502 ε
590 2459 689 2522 quum
713 2448 818 2503 ιιιιιιιι
844 2440 951 2502 omnia
976 2440 1036 2501 ista
1064 2457 1129 2501 non
1159 2438 1220 2500 nisi
1275 2438 1404 2502 tualiter
1424 2459 1475 2501 me
1493 2459 1599 2504 amare
1618 2460 1655 2504 ac
1676 2441 1746 2523 ipso
1765 2460 1870 2505 amoro
1891 2440 1999 2503 nutriri.

472 2539 654 2620 permodica
669 2538 875 2619 adspersione
890 2557 926 2600 ac
942 2537 1029 2600 tenui
1051 2536 1222 2619 participa·
1276 2537 1314 2599 Et
1332 2537 1392 2600 hoc
1412 2537 1582 2619 diligenter
1606 2540 1747 2617 adverte,
1764 2539 1839 2620 quia
1862 2548 1906 2601 est
1927 2538 2001 2599 radix

471 2637 570 2715 tione,
587 2655 719 2699 summae
738 2644 769 2698 et
788 2635 936 2698 increatae
956 2634 1106 2697 bonitatis
1127 2642 1221 2715 atque
1277 2635 1473 2716 probationis
1501 2635 1625 2699 viviiici
1654 2644 1748 2718 atque
1772 2636 1938 2700 ineffabilis
1959 2636 2003 2697 Sa-

472 2734 651 2797 dulcedinis
665 2734 776 2815 primae
795 2741 827 2795 et
845 2732 999 2814 abyssalis
1013 2732 1223 2812 comparatio·
1277 2733 1443 2811 crementi,
1470 2752 1565 2814 qnam
1595 2733 1705 2815 nequit
1733 2733 1876 2817 elingere
1898 2733 2003 2796 intelle

472 2852 525 2910 ne,
541 2832 647 2895 dulcia
668 2831 732 2893 sint
752 2839 783 2894 et
803 2831 897 2894 bona.
1277 2838 1346 2892 ctus
1369 2830 1449 2893 bene
1471 2830 1657 2912 dispositus.

513 2931 607 2994 Porro
630 2929 788 2992 beneficia
807 2930 951 3010 quasdam
977 2937 1050 2991 sunt
1074 2928 1221 2991 transito
1317 2928 1617 3009 Praeterea,quidam
1632 2928 1774 2991 haeretici
1790 2930 1946 2992 veritatem
1960 2930 2004 2990 bu-

473 3029 540 3106 ria3
556 3037 588 3092 et
611 3046 700 3090 amor
717 3047 754 3090 ex
775 3027 901 3091 illorum
922 3026 1092 3090 collatione
1112 3046 1221 3108 proce-
1240 3030 1261 3092 G
1277 3025 1328 3106 jus
1369 3025 1558 3089 sacramenti
1599 3036 1797 3109 negaverunt
1831 3027 1942 3109 duplici
1974 3046 2004 3088 er

473 3128 552 3189 dens
574 3125 655 3189 solet
674 3144 811 3203 cessare,
828 3124 1026 3187 cessantibus
1051 3124 1220 3187 beneficiis
1277 3142 1394 3186 errore.
1411 3123 1527 3201 Primo,
1544 3123 1695 3205 quoniam
1715 3125 1959 3189 masticationem
1977 3124 2004 3185 in

474 3224 550 3287 illis.
567 3223 636 3285 Alia
651 3231 724 3284 sunt
739 3222 896 3285 beneficia
916 3231 979 3285 tam
1001 3222 1056 3285 diu
1077 3223 1222 3285 durantia
1277 3238 1343 3299 ore,
1369 3223 1445 3283 dnm
1471 3241 1544 3284 esca
1572 3221 1685 3284 teritur
1712 3242 1749 3286 ao
1778 3224 1866 3306 quasi
1893 3222 2006 3286 ιιιοιὶιιιι

474 3322 556 3385 sicut
571 3322 662 3383 durat
675 3320 743 3383 baec
759 3319 925 3397 vita‚sieut
940 3320 1098 3383 beneficia
1114 3339 1222 3401 peren·
1277 3318 1436 3397 dentibus,
1453 3327 1507 3381 aut
1529 3318 1563 3380 in
1584 3327 1727 3383 ventrem
1750 3322 1914 3402 trajicitur,
1929 3328 2006 3403 puta-

473 3428 542 3482 tum
567 3420 599 3481 in
625 3418 779 3498 sobolem,
796 3418 960 3499 potissime
983 3417 1144 3480 beneficia
1167 3417 1221 3479 Dei
1278 3418 1354 3479 bant
1368 3436 1437 3479 esse
1452 3416 1691 3480 comestionem.
1704 3418 1862 3498 Secundo,
1872 3419 2005 3501 qnoniam

474 3518 508 3580 in
537 3525 697 3580 creaturas
723 3539 730 3577 :
761 3516 832 3578 ideo
861 3534 951 3577 amor
978 3514 1093 3577 exinde
1121 3523 1219 3592 ortus,
1277 3514 1500 3577 dillerentiam-
1520 3516 1603 3577 inter
1625 3518 1854 3581 comestionem
1877 3535 2006 3599 corpora-

472 3615 593 3698 jugiter
619 3614 714 3676 debet
741 3614 867 3690 durare,
893 3614 1026 3675 durante
1056 3612 1119 3675 vita
1149 3613 1221 3691 ista,
1278 3614 1340 3676 lem
1375 3633 1413 3676 ac
1442 3613 1640 3694 spiritualem
1671 3614 1905 3695 ignoraverunt.
1931 3614 2006 3689 Quod
2105 3618 2106 3685 ι

473 3716 538 3777 imo
552 3711 695 3795 quotidie
710 3730 853 3775 crescere
867 3731 904 3774 ac
920 3720 1064 3773 recenter
1078 3710 1224 3774 validius·
1278 3713 1362 3773 enim
1387 3711 1594 3793 corporaliter
1617 3713 1838 3792 manducatur,
1861 3722 1975 3797 oportet
1991 3732 2007 3773 a

474 3832 536 3894 que
560 3812 780 3873 flammescere
803 3828 841 3871 ex
865 3808 1113 3887 continuatione,
1132 3827 1223 3871 reno·
1279 3809 1407 3891 propria
1432 3808 1534 3872 forma
1558 3809 1684 3888 nudari,
1701 3819 1732 3873 et
1752 3811 1786 3872 in
1805 3810 2007 3875 manducantis

475 3911 601 3974 vatione
634 3917 666 3972 et
698 3907 962 3988 multiplicatione
991 3906 1222 3969 bcnelieiomm
1279 3906 1485 3969 substantiam
1501 3908 1761 3971 transmutari.ln
1776 3910 1929 3992 spirituali
1943 3926 2007 3971 vero

474 4009 573 4072 Patris
589 4005 737 4082 ooelestis,
755 4005 801 4068 sic
816 4013 921 4067 tamen
942 4013 977 4065 ut
997 4012 1098 4067 toturn
1121 4005 1224 4067 since·
1278 4004 1473 4068 comestione
1494 4004 1534 4067 iit
1555 4024 1740 4085 econverso,
1758 4008 1833 4088 quia
1852 4026 1912 4090 quo
1931 4008 2007 4071 cibus

476 4108 553 4169 riter
575 4104 739 4168 ordinetur
762 4104 801 4165 ad
825 4103 936 4165 Deum.
952 4101 1043 4164 Nunc
1067 4102 1154 4165 enim
1179 4102 1224 4166 lo
1278 4104 1450 4186 spiritualis
1469 4104 1577 4186 purior
1595 4112 1689 4186 atque
1709 4104 1863 4188 integrior
1879 4108 1959 4170 venit
1975 4104 2007 4167 ad

476 4223 557 4287 quor
573 4205 613 4264 de
633 4220 740 4263 amore
762 4208 859 4280 recto,
875 4199 1025 4281 gratuito,
1041 4219 1136 4281 quem
1159 4219 1222 4263 non
1239 4201 1264 4262 ll
1279 4220 1344 4279 cor,
1360 4209 1448 4264 tanto
1471 4201 1660 4283 profundius
1680 4202 1708 4264 ei
1728 4204 1848 4282 unitur,
1864 4211 1896 4267 et
1917 4204 2006 4286 ipsum

476 4304 621 4366 incurvat
637 4318 696 4361 nec
711 4297 856 4380 inquinat
871 4297 989 4359 utilitas
1010 4305 1064 4359 aut
1077 4298 1223 4378 voluptas
1278 4317 1335 4361 cor
1357 4298 1418 4360 sibi
1443 4298 1609 4379 assimilat,
1625 4308 1657 4362 et
1680 4301 1912 4381 quodammodo
1933 4301 1962 4363 in
1980 4318 2007 4359 sa

476 4401 524 4463 sui
540 4396 712 4481 ipsius,qui
728 4395 857 4477 proprie
872 4395 987 4458 caritas
1003 4404 1222 4476 nuncupatur;
1278 4404 1389 4476 mutat,
1415 4396 1496 4459 sicut
1520 4396 1640 4461 asserui
1665 4398 1842 4479 Augustino
1865 4423 1872 4461 :
1894 4399 1958 4463 Non
1980 4407 2007 4459 ιιι

476 4498 532 4580 qui
554 4494 731 4560 venalitatis
755 4502 787 4556 et
801 4493 1025 4575 negotiationis
1046 4493 1093 4554 nil
1116 4494 1221 4572 habet,
1278 4495 1414 4557 mutabis
1443 4514 1493 4558 me
1521 4495 1554 4558 in
1584 4504 1626 4575 te,
1656 4496 1711 4558 sed
1747 4514 1807 4577 ego
1836 4498 1959 4560 mutabo
1983 4504 2008 4556 te

477 4612 539 4677 qno
563 4600 685 4656 amator
712 4610 776 4655 non
805 4591 942 4654 intendit
969 4591 1143 4671 quidquam
1173 4608 1225 4653 ac·
1278 4592 1310 4653 in
1333 4611 1393 4655 me.

476 4692 600 4774 quirere
619 4690 692 4768 sibi,
708 4708 768 4752 nec
787 4696 927 4751 amatum
946 4688 1078 4751 allicere
1104 4707 1220 4749 suum:
1318 4691 1356 4752 At
1380 4709 1467 4769 vero,
1493 4692 1760 4773 quemadmodum
1788 4693 1904 4757 veritas
1931 4693 2008 4756 cibus

476 4793 541 4853 imo
555 4789 615 4870 ipsi
631 4789 746 4851 dilecto
761 4786 897 4849 intendit
911 4794 943 4849 et
957 4787 1069 4868 satagit
1081 4786 1223 4850 obtinere
1278 4796 1326 4850 est
1340 4787 1530 4865 intellectus,
1547 4787 1592 4851 sic
1607 4788 1733 4851 bonitas
1747 4790 2007 4854 voluntatisldem

475 4887 628 4971 quidquid
651 4886 735 4949 valet
755 4885 913 4948 commodi
934 4893 965 4947 et
987 4885 1126 4948 honoris.
1277 4904 1402 4967 quoque
1427 4892 1475 4947 est
1499 4885 1615 4949 veritas
1640 4888 1679 4949 ad
1703 4886 1913 4968 intellectum,
1937 4886 2008 4971 quod

515 4986 678 5062 Preterea,
694 4982 776 5047 sicut
790 5002 854 5046 non
874 4990 923 5047 est
943 4982 1015 5045 vitae
1036 4984 1222 5047 sustentatio
1277 4982 1414 5047 exterior
1427 4984 1481 5046 lux
1495 4984 1534 5045 ad
1549 5002 1693 5062 sensnm3
1710 4993 1741 5046 et
1755 4983 1839 5048 sicut
1853 5006 2008 5069 corporeus

476 5083 602 5165 corpori
625 5081 771 5145 animalis
791 5080 859 5143 sine
880 5081 1134 5162 incorporatione
1160 5082 1221 5144 cibi
1277 5082 1367 5145 cibus
1396 5081 1578 5145 corroborat
1600 5099 1715 5163 corpus
1743 5102 1842 5165 quum
1871 5086 1900 5148 ei
1929 5084 2009 5147 luerit

477 5179 710 5257 convenientis,
727 5179 773 5241 sic
788 5196 851 5241 ιιοιι
866 5187 915 5241 ιιι
929 5179 992 5241 vita
1006 5180 1114 5261 gratiae
1135 5180 1222 5242 cordi
1276 5180 1505 5261 incorporatus,
1523 5179 1569 5241 sio
1588 5179 1706 5242 veritas
1726 5181 1924 5246 intellectum
1946 5202 2008 5246 con-

476 5283 616 5345 bumano
631 5279 750 5360 absque
765 5275 982 5341 incordatione
1002 5285 1033 5340 et
1051 5276 1222 5341 inviscera·
1275 5277 1370 5341 iortat
1398 5296 1435 5341 ιο
1459 5275 1565 5341 reiicit
1588 5277 1778 5342 certitudine
1801 5300 1900 5362 quum
1928 5280 2008 5344 luerit
