4309 6259
450 465 509 529 238
721 483 761 531 DE
781 484 870 531 00le
892 483 1025 529 srlnlrtls
1047 480 1165 539 saltent,
1187 479 1361 528 maturus
1384 482 1427 528 111.
1450 501 1494 512 -
1512 483 1583 529 Aur.
1607 483 1667 539 xbt,
1689 481 1751 528 xtll

453 651 534 714 alios
558 660 622 715 tam
645 652 828 733 elementer,
846 652 1019 716 liberaliter
1040 672 1096 715 seu
1119 671 1204 715 com·
1219 652 1243 713 A
1261 660 1347 713 etum
1376 652 1510 733 timoris,
1541 659 1589 715 θεῖ
1617 652 1746 714 malum.
1779 648 1987 713 Secundanum
2106 706 2107 735 ,

455 750 692 814 munieabiliter
719 772 777 816 uos
804 753 960 815 babemus
985 751 1068 813 sicut
1090 751 1130 813 ad
1156 769 1204 812 sa-
1260 769 1336 813 vero
1365 750 1435 831 ejus
1464 750 1638 832 obiectum,
1665 751 1704 812 ad
1733 748 1819 830 quod
1847 749 1989 811 timoren

455 848 555 910 lutam
583 850 728 931 exigitur.
755 851 914 913 Tenemur
941 849 1026 912 enim
1050 848 1203 931 proximis
1260 849 1466 929 consequenti
1489 868 1522 911 se
1543 848 1639 912 habet
1660 868 1696 911 ac
1719 847 1857 929 respicit,
1878 854 1923 909 est
1942 846 1989 907 bo

454 946 572 1008 nostris
595 947 773 1029 spiritualia
795 956 891 1030 atque
915 945 1093 1029 corporalia
1120 946 1204 1009 bona
1259 963 1336 1006 num
1362 944 1440 1007 illud
1461 946 1545 1026 quod
1565 953 1758 1027 potestesse
1781 962 1872 1006 causa
1894 942 1987 1005 mali:

453 1052 562 1107 nostra
585 1063 642 1126 pro
666 1064 772 1123 causa,
799 1045 871 1109 loco
894 1054 927 1109 et
950 1054 1092 1125 tempore
1118 1062 1204 1106 com·
1259 1061 1364 1123 aquo
1389 1045 1538 1106 recedere
1563 1044 1682 1106 malum
1707 1050 1765 1123 est,
1791 1041 1917 1123 impium
1945 1047 1990 1101 aut
2106 1030 2107 1113 J

453 1141 628 1204 manicare.
652 1142 732 1205 Dum
755 1143 851 1225 igitur
875 1162 914 1205 ex
938 1161 975 1206 eo
999 1142 1085 1221 quod
1110 1141 1202 1203 nobis
1259 1140 1419 1204 nocivum.
1444 1142 1525 1203 Deus
1549 1149 1654 1203 autem
1679 1139 1800 1202 malum
1824 1157 1919 1220 poenaa
1942 1154 1989 1218 pro
2106 1124 2107 1181 Ῠ

454 1242 595 1303 abundat
614 1241 686 1303 aliis
705 1243 827 1320 damus,
851 1261 910 1304 nee
926 1241 958 1302 in
979 1248 1102 1302 tantum
1118 1259 1203 1303 com·
1259 1238 1352 1319 culpa
1376 1237 1504 1319 infligit.
1530 1238 1661 1315 Rursus,
1688 1237 1714 1299 si
1740 1254 1799 1299 nos
1824 1254 1841 1298 a
1866 1236 1924 1297 Deo
1950 1253 1990 1295 re-
2106 1258 2107 1313 3

455 1338 620 1401 municare
648 1339 796 1402 volumus
824 1339 909 1420 quod
943 1338 1002 1421 ipsi
1036 1337 1202 1419 penuriam
1258 1336 1410 1414 cedimus,
1432 1336 1482 1399 vel
1506 1336 1574 1418 ipse
1596 1356 1614 1398 a
1636 1335 1741 1415 nobis,
1762 1335 1880 1397 malum
1902 1332 1990 1413 culpa
2106 1328 2107 1417 l

456 1437 595 1518 aliquam
619 1437 843 1516 sustineamus,
868 1448 945 1501 tunc
971 1436 1110 1519 primum
1139 1436 1204 1517 pie·
1258 1432 1553 1513 illabimur.Sieque
1567 1433 1649 1496 licus
1664 1431 1836 1515 dupliciter
1851 1429 1990 1493 timendus

457 1534 528 1597 tatis
543 1536 675 1616 gradum
690 1535 795 1618 adepti
811 1554 931 1597 sumus.
949 1536 1112 1598 Secundus
1128 1550 1203 1597 vcro
1258 1530 1408 1594 videtur:
1426 1531 1542 1613 primo,
1563 1531 1638 1613 quia
1660 1531 1811 1594 vitiorum
1833 1536 1879 1592 est
1897 1528 1989 1600 ult0r3
2106 1560 2107 1613 p

455 1633 572 1713 gradus
604 1632 718 1714 ipsius,
748 1641 797 1695 est
824 1633 921 1695 etiam
949 1652 988 1694 ex
1015 1630 1204 1695 necessariis
1260 1631 1411 1710 seeundo,
1423 1630 1574 1710 quoniam
1589 1630 1644 1710 qui
1659 1648 1693 1692 εθ
1708 1630 1748 1692 ab
1763 1628 1832 1710 ipso
1846 1627 1989 1708 elongant,
2008 1647 2036 1690 n.
2050 1624 2107 1693 ma*

457 1731 573 1794 nostris
589 1732 827 1795 communicare
841 1731 1066 1796 confratribus.
1081 1730 1204 1793 Tertius
1259 1728 1410 1810 peribunt
1427 1751 1433 1789 :
1451 1748 1525 1790 nam
1547 1728 1680 1809 gratiam
1702 1727 1839 1809 perdunt
1860 1712 2027 1807 gloriam-²³·

456 1838 562 1892 autem
590 1831 718 1911 gradus,
743 1839 792 1893 est
814 1832 890 1893 dum
914 1830 1011 1893 bomo
1036 1848 1070 1891 εθ
1099 1829 1204 1910 ipsum
1222 1830 1322 1907 Bque
1343 1827 1498 1889 amittent.

456 1927 627 2008 aliquando
660 1928 827 2011 impendit,
857 1929 1126 2009 quemadmodum
1162 1926 1206 1989 ait

456 2025 626 2107 Apostolus
657 2049 664 2088 ε
694 2025 920 2089 Libentissime
956 2025 1139 2107 impendam
1173 2032 1204 2087 et
1449 2079 1695 2144 ARTICULUS
1711 2080 1804 2143 XLII

336 2136 342 2147 ·
456 2124 721 2207 superimpendar
734 2125 803 2207 ipse
818 2144 875 2206 pro
890 2124 1057 2187 animabus
1076 2122 1201 2187 vestris.
1809 2127 1816 2141 '

455 2223 584 2300 lterum,
612 2222 733 2304 primus
758 2224 874 2304 gradus
897 2223 973 2286 doni
997 2222 1133 2304 pietatiS,
1156 2229 1205 2284 θεῖ
1423 2231 1471 2290 De
1505 2230 1667 2305 speciebus
1702 2229 1842 2289 timoris.

456 2320 584 2383 veniam
603 2320 678 2383 dare
698 2320 862 2402 precanti3
879 2322 1049 2399 secundus,
1066 2328 1113 2382 est
1132 2327 1204 2382 ante

456 2426 618 2482 ostensam
647 2437 774 2499 precem
803 2418 907 2481 eidem
932 2419 1118 2499 ignoscere;
1144 2425 1205 2480 ter·
1330 2414 1467 2490 ENIQUE
1487 2414 1634 2497 Magister
1655 2416 1746 2479 tertio
1765 2414 1858 2493 libro,
1872 2420 2107 2495 quatucraaamanr

456 2516 529 2594 tius,
546 2516 713 2599 injurianti
738 2515 819 2579 bene
840 2536 945 2598 agere,
966 2535 1023 2599 pro
1044 2516 1113 2598 ipso
1137 2534 1206 2579 ora·
1343 2514 1465 2596 species
1502 2513 1625 2577 timoris
1659 2513 1809 2595 assignat.
1839 2512 1893 2575 Est
1918 2511 1993 2575 eninr

457 2634 502 2677 re.
519 2614 695 2677 Praesertim
714 2632 841 2696 quoquc
861 2616 960 2697 pietas
980 2615 1042 2677 ista
1060 2613 1205 2677 consistit
1259 2610 1355 2676 timor
1378 2610 1569 2689 mundanus,
1592 2628 1656 2691 quo
1680 2609 1869 2693 temporalia
1891 2608 1995 2672 inordi-

456 2712 490 2775 in
519 2712 580 2775 hoc
614 2714 699 2793 quod
732 2712 868 2794 quilibet
895 2712 992 2775 alium
1025 2712 1066 2775 ab
1098 2730 1203 2775 errore
1259 2717 1332 2773 nate
1348 2709 1500 2772 timentur
1514 2708 1627 2789 amitti,
1646 2709 1690 2771 ita
1703 2708 1789 2789 quod
1811 2708 1904 2772 bomo
1918 2706 1995 2769 malit

456 2811 629 2890 retrahere,
659 2811 692 2872 in
720 2811 814 2875 bonis
842 2812 998 2875 iustruere
1026 2831 1063 2874 ae
1094 2810 1206 2891 pacili-
1259 2828 1393 2891 peccare
1408 2826 1504 2889 quam
1520 2808 1649 2870 illorum
1664 2807 1890 2870 detrimentum
1904 2807 1996 2869 incur-

457 2928 530 2972 care
559 2917 702 2988 conetur,
732 2918 767 2971 ut
798 2910 840 2972 sit
866 2909 1016 2973 omnibus
1040 2908 1205 2971 aedificati·
1260 2926 1338 2970 rere.
1356 2907 1471 2988 Estque
1487 2906 1583 2969 timor
1597 2907 1650 2969 bie
1666 2925 1794 2988 semper
1812 2905 1914 2969 malus
1926 2928 1934 2984 3
1948 2904 1995 2967 sed

456 3007 615 3085 vus,nulli
629 3007 794 3086 molestus,
810 3016 963 3089 quantum
979 3007 1038 3070 sibi
1054 3006 1203 3089 possibile
1223 3005 1335 3068 Ctunc
1369 3013 1417 3067 est
1450 3004 1583 3069 mortale
1618 3013 1796 3087 peccatum,
1826 3005 1902 3067 dum
1934 3002 1995 3084 quis

455 3113 566 3168 exstat.
1258 3105 1377 3166 mundo
1406 3111 1556 3183 tanquam
1584 3102 1645 3164 lini
1675 3102 1809 3165 iubaeret
1836 3102 1903 3164 sive
1927 3100 1996 3163 inni-

1258 3201 1346 3280 titur,
1367 3200 1489 3264 malcns
1513 3199 1663 3263 videlicet
1685 3209 1851 3282 peccatum
1876 3198 1995 3263 mortale

1257 3299 1409 3377 incidere,
1440 3317 1536 3380 quam
1566 3298 1649 3361 bona
1677 3299 1798 3362 caduca
1825 3316 1882 3360 seu
1910 3298 1995 3359 vitam

648 3358 894 3423 ARTICULUS
917 3358 1005 3421 XLI·
1259 3396 1455 3478 corporalem
1470 3396 1660 3479 relinquere.
1674 3396 1839 3460 Secundus
1853 3404 1902 3459 est
1915 3396 1997 3458 timor

456 3510 505 3570 De
518 3508 669 3576 essentia,
678 3506 798 3583 objecto
812 3515 909 3585 alque
919 3507 1048 3581 origine
1062 3506 1200 3566 timoris
1259 3494 1395 3575 serviliS,
1421 3496 1498 3557 dum
1523 3495 1595 3575 quis
1624 3495 1716 3557 limet
1743 3494 1828 3557 mala
1857 3511 1996 3576 peragere

1258 3592 1429 3655 formidine
1454 3611 1567 3673 poeuae.
1595 3592 1653 3655 Hic
1678 3592 1772 3657 timor
1792 3592 1826 3654 in
1854 3600 1996 3673 quantum

518 3692 609 3755 111011
635 3691 778 3773 proinde,
801 3691 1069 3771 quemadmodum
1094 3691 1204 3753 asserit
1259 3689 1392 3769 servilis,
1420 3698 1468 3753 est
1491 3690 1604 3753 malus.
1631 3690 1711 3752 Nam
1736 3699 1891 3772 quantum
1917 3689 1947 3751 in
1969 3706 1996 3749 εθ

533 3789 739 3871 Augustinus,
755 3796 804 3851 est
818 3787 894 3870 luga
909 3787 983 3850 mali
997 3786 1105 3850 futuri.
1123 3788 1203 3850 Dum
1259 3796 1317 3866 est,
1335 3789 1491 3869 praeponit
1513 3789 1631 3851 malum
1653 3789 1748 3868 bono,
1764 3787 1926 3868 velletque
1943 3803 1997 3847 non

455 3890 540 3953 enim
555 3886 822 3970 apprehendimus
844 3886 962 3966 aliquid
983 3893 1133 3967 tauquam
1149 3905 1205 3948 no
1259 3905 1328 3949 csse
1343 3885 1486 3948 illicitum
1502 3886 1702 3968 prevaricari
1719 3910 1726 3947 :
1745 3885 1809 3948 imo
1823 3894 1855 3947 et
1868 3884 1997 3947 divinam

456 3987 562 4049 civum
590 4004 628 4046 ae
661 3983 814 4060 futurum,
846 3983 1004 4045 timemus.
1036 3984 1203 4065 Objectum
1257 3983 1414 4064 justitiam
1439 3983 1535 4046 vellet
1557 4002 1622 4047 uon
1647 4003 1729 4064 esse,
1753 3984 1778 4046 si
1803 3982 1888 4047 loret
1911 3980 1998 4064 possi·

455 4101 532 4164 ergo
555 4081 687 4157 timoris,
715 4090 765 4143 est
786 4080 905 4142 malum
930 4081 1072 4143 futurum
1096 4083 1134 4144 ad
1159 4081 1205 4143 vi·
1259 4082 1333 4143 bile.
1353 4082 1471 4144 'lamen
1487 4082 1663 4144 secundum
1680 4081 1892 4145 substantiam
1908 4081 1998 4143 bonus

454 4182 588 4244 tandum
609 4178 752 4242 dillicile.
769 4179 910 4260 lienique
930 4180 1033 4243 omnis
1053 4179 1147 4243 timor
1167 4200 1204 4243 en
1220 4183 1244 4245 D
1259 4180 1298 4243 ab
1327 4180 1484 4261 aliquibus
1512 4180 1641 4259 dieitur,
1667 4178 1745 4261 quia
1772 4199 1792 4242 a
1821 4179 1906 4243 malo
1936 4177 1999 4241 lacit

456 4278 564 4358 aliquo
579 4285 726 4340 causatur
739 4296 847 4341 amore
861 4301 867 4339 :
881 4278 925 4339 nil
941 4278 1025 4341 enim
1041 4278 1202 4359 timemus,
1260 4279 1417 4358 recedere,
1434 4286 1465 4340 et
1481 4278 1519 4341 ad
1540 4279 1659 4342 bonum
1683 4278 1798 4360 incipit
1820 4295 1996 4359 praeparare.

455 4375 518 4438 nisi
540 4375 732 4439 contrarium
757 4375 827 4455 ejus
851 4394 1004 4438 amemus.
1026 4376 1106 4438 lllud
1128 4395 1204 4458 ergo
1260 4376 1383 4439 Tertius
1413 4384 1461 4439 est
1488 4377 1585 4439 timor
1608 4376 1751 4456 initialis,
1781 4376 1837 4457 qui
1862 4374 1998 4457 quamvis

456 4475 576 4537 malum
598 4473 737 4553 timetur,
754 4473 847 4554 cujus
869 4473 1060 4535 eontrarium
1083 4474 1202 4536 bonum
1259 4482 1422 4556 apeecato
1437 4483 1566 4556 propter
1584 4493 1713 4556 poeuam
1734 4474 1885 4551 declinet,
1904 4482 1998 4536 tamen

456 4572 596 4654 diligitur
617 4595 624 4633 :
642 4572 726 4633 unde
748 4571 994 4652 vituperationes
1015 4589 1079 4633 nou
1101 4571 1200 4650 timet,
1259 4572 1478 4655 principaliter
1494 4580 1622 4654 propter
1637 4572 1736 4635 Deum
1751 4570 2000 4654 operatuassuar

456 4670 517 4733 nisi
532 4670 587 4751 qui
601 4668 722 4731 laudari
736 4668 915 4746 desiderat3
932 4686 1035 4748 neque
1055 4669 1204 4732 abhorret
1258 4678 1309 4732 tus
1330 4688 1406 4732 vero
1428 4678 1476 4731 est
1496 4670 1590 4732 timor
1610 4668 1722 4731 filialis
1745 4677 1777 4732 et
1797 4677 1914 4753 castus,
1941 4686 1999 4731 san·

456 4768 633 4851 penuriam,
650 4766 711 4829 nisi
725 4767 780 4847 qui
797 4766 1024 4829 sufficientiam
1039 4765 1090 4830 vel
1105 4767 1204 4830 abun·
1258 4777 1327 4832 ctus
1348 4775 1379 4831 et
1401 4766 1591 4848 amicabilis,
1611 4767 1666 4849 qui
1688 4768 1789 4831 Deum
1813 4774 1997 4830 reveretur:

456 4864 595 4928 dentiam
612 4864 709 4945 cupit.
1257 4866 1311 4948 qui
1337 4865 1407 4928 ideo
1432 4865 1510 4928 lacit
1533 4885 1551 4928 a
1575 4866 1670 4948 eulpa
1693 4884 1831 4945 cessare,
1856 4884 1898 4926 ne
1925 4864 1999 4927 Deus

496 4962 557 5025 Sed
572 4970 648 5023 tunc
663 4961 794 5041 quaestio
808 4960 918 5037 oritur,
934 4962 1092 5041 quomodo
1107 4962 1201 5042 Deus,
1259 4964 1466 5027 inhonoretur
1479 4964 1530 5026 vel
1546 4962 1739 5027 offendatur.

456 5060 511 5142 qui
535 5068 584 5122 est
607 5059 676 5141 ipsa
701 5058 852 5121 bonitatis
876 5059 1023 5136 essentia,
1041 5060 1200 5138 timeatur,
1296 5062 1403 5143 Aliqui
1426 5080 1553 5142 quoque
1578 5060 1744 5123 allirmant
1768 5080 1823 5123 sex
1846 5078 1917 5123 esse
1941 5078 2000 5143 spc-

456 5158 483 5221 ai
504 5158 549 5219 nil
571 5157 634 5219 nisi
655 5156 774 5219 malum
796 5156 935 5218 timetur.
951 5156 989 5218 Et
1010 5160 1203 5239 responden·
1258 5159 1322 5222 cies
1338 5159 1472 5239 timoriS,
1489 5160 1641 5223 addentes
1662 5158 1823 5240 predictis
1838 5158 1999 5241 speciebus

456 5256 545 5337 dum,
567 5256 651 5339 quod
675 5254 813 5336 primum
837 5262 931 5335 atque
956 5253 1090 5318 formala
1114 5256 1202 5339 obie—
1256 5257 1403 5321 timorem
1425 5258 1614 5339 naturalem,
1637 5272 1701 5339 quo
1722 5255 1860 5340 quilibet
1880 5265 2000 5321 natura·
