4309 6259
38 3948 102 3991 hana.
116 3962 146 3999 n.

38 4015 53 4061 Ι,
62 4015 92 4055 52.

580 524 740 571 carosum
757 522 865 570 ursan.
888 541 929 551 -
949 522 1018 567 aar.
1042 520 1173 581 xxrvur,
1196 522 1292 569 xxxrs
1651 502 1709 567 ³77

202 696 345 780 benique
368 698 428 759 ista
451 697 562 777 oratio,
582 704 615 759 et
638 696 734 759 etiam
758 712 906 777 sequens,
921 691 948 755 t
962 694 1042 756 siam
1069 691 1330 775 triumphantem,
1356 714 1426 777 quas
1453 700 1593 758 torrenta
1620 693 1710 757 volu·
1724 716 1858 769 reuma.

160 813 232 877 quae
255 795 402 859 ultimam
426 794 614 877 particulam
636 794 733 875 hujus
757 792 909 857 orationis
962 792 1058 878 ptatis
1076 792 1194 857 divinae
1216 793 1411 873 inebriatur3
1432 794 1608 857 secundum
1629 792 1710 856 alios

160 894 552 975 exponit,ordinanturad
566 894 712 956 devotam
726 912 763 955 ac
779 892 908 973 dignam
962 900 1068 955 autem
1092 891 1211 973 ligarat
1238 910 1292 955 eos
1320 892 1375 974 qui
1400 892 1434 954 in
1458 890 1641 975 purgatorio
1665 890 1712 954 al-

161 993 358 1055 Sacramenti
387 991 637 1074 perceptionem.
663 992 806 1073 Sequens
834 1009 909 1053 vero
963 990 1130 1072 iliguntur,
1159 988 1215 1072 qui
1250 990 1341 1072 aquis
1375 990 1617 1055 tribulationum
1653 988 1712 1051 im-

159 1092 273 1171 oratio,
282 1093 402 1154 Libera
415 1112 486 1161 aas,
501 1110 698 1171 quaesamus,
705 1091 855 1160 Domine,
869 1092 909 1149 ab
964 1090 1103 1172 plentur.

161 1192 313 1250 omnibus
340 1192 449 1259 matis,
477 1196 552 1265 etc,
582 1187 615 1249 in
645 1206 741 1251 sensu
768 1186 909 1250 dillicul-
1004 1187 1123 1249 Deinde
1144 1188 1292 1251 sacerdos
1313 1188 1572 1251 communionem
1588 1186 1710 1250 sumit:

163 1294 260 1350 tatem
280 1287 472 1351 nonhabet.
493 1286 678 1350 Petitenim
701 1287 849 1349 sacerdos
869 1286 910 1349 ab
963 1305 1059 1368 quam
1087 1305 1160 1348 cum
1189 1305 1304 1368 magno
1332 1285 1452 1349 ellectu
1475 1294 1506 1348 et
1534 1285 1712 1349 reverentia

162 1386 250 1448 ornni
266 1387 351 1449 malo
365 1406 422 1449 seu
440 1385 530 1463 vitio,
547 1392 612 1447 tam
631 1384 792 1467 praeterito
812 1402 909 1465 quarn
964 1402 1088 1447 summa
1118 1383 1263 1466 accipere
1291 1385 1396 1463 debet,
1426 1402 1490 1448 non
1518 1384 1711 1461 lestinand0,

162 1483 311 1565 praesenti
332 1493 366 1547 et
383 1483 500 1562 lutura,
517 1502 575 1566 per
588 1482 839 1546 misericordiam
853 1482 909 1545 Dei
964 1482 1020 1545 sed
1048 1482 1208 1545 beneficia
1235 1482 1350 1546 Christi
1378 1482 1601 1546 ardentissime
1627 1499 1714 1545 reco-

162 1582 301 1645 liberari.
331 1581 451 1645 Deinde
478 1582 557 1663 petit
585 1600 696 1664 pacem
724 1580 860 1663 adipisci
891 1600 911 1643 a
965 1581 1070 1657 lende,
1081 1580 1232 1643 videlicet
1246 1580 1509 1659 incarnationem,
1518 1580 1712 1663 passionem,

161 1682 309 1757 Domino,
340 1699 397 1762 per
424 1679 685 1743 intercessionem
718 1679 911 1761 dignissimae
965 1677 1169 1741 dilectionem
1198 1679 1267 1760 ejus
1296 1680 1334 1742 ad
1363 1696 1433 1757 nos,
1456 1687 1575 1741 tantam
1604 1678 1714 1759 digna-

162 1778 304 1861 Virginis
329 1787 361 1841 et
386 1779 572 1841 Sanctorum
593 1797 674 1860 quos
696 1777 851 1857 nominat,
874 1788 911 1838 ut
965 1776 1085 1839 tionem
1109 1796 1146 1839 ac
1170 1777 1392 1839 liberalitatem
1417 1794 1479 1858 qua
1499 1776 1545 1840 sie
1565 1776 1715 1858 dignetur

161 1897 233 1954 ope,
248 1877 281 1940 id
295 1885 345 1939 est
359 1876 528 1958 adjutorio,
542 1876 660 1939 divium
675 1876 801 1957 pietatis
814 1877 910 1952 adju·
929 1871 953 1934 B
967 1892 1037 1936 esse
1065 1872 1232 1937 nobiscum
1262 1882 1293 1935 et
1321 1874 1403 1936 sumi
1432 1892 1451 1935 a
1480 1873 1583 1937 nobie.
1615 1873 1713 1936 Debet

162 1978 202 2045 ti,
218 1985 250 2036 et
271 1996 291 2035 a
310 1985 439 2051 peceato
459 1977 562 2035 simus
581 1994 707 2051 semper
721 1976 830 2044 liberi,
846 1992 910 2037 non
966 1971 1063 2034 etiam
1084 1971 1242 2034 Christum
1261 1971 1456 2035 fiducialiter
1475 1971 1605 2055 alloqui,
1627 1990 1714 2035 eum-

161 2072 342 2137 obediendo
370 2072 527 2135 voluntati
559 2071 688 2149 diaboli,
718 2072 824 2135 carnis
858 2079 913 2134 aut
966 2087 1028 2150 que
1055 2070 1166 2131 intime
1199 2088 1328 2133 exorare
1357 2088 1414 2152 pro
1442 2068 1493 2132 his
1520 2088 1590 2152 quae
1620 2069 1715 2132 vehe-

161 2171 287 2251 mundi,
303 2180 334 2231 et
355 2173 395 2230 ab
415 2173 506 2230 amai
522 2172 772 2247 perturbatione
791 2172 911 2239 semri,
967 2168 1106 2230 mentius
1130 2167 1219 2249 cupit
1240 2166 1375 2250 adipisci
1399 2169 1439 2232 ab
1463 2168 1544 2250 ipso,
1568 2176 1631 2229 tam
1657 2186 1714 2249 pro

160 2277 228 2330 tam
254 2268 396 2332 interiori
425 2286 521 2350 quam
551 2267 710 2344 exteriori,
733 2276 765 2330 et
790 2276 911 2331 utnon
967 2286 1001 2329 se
1020 2284 1116 2348 quam
1141 2284 1199 2347 pro
1224 2265 1399 2328 carioribus
1420 2264 1493 2343 sibi,
1514 2266 1714 2347 deprecando

161 2366 266 2448 magis
288 2366 456 2429 timeamus
479 2366 699 2429 tribulationes
723 2385 761 2429 ac
791 2373 913 2447 pertur-
967 2364 1126 2427 Christum
1150 2372 1185 2425 ut
1207 2363 1356 2445 dignetur
1376 2382 1409 2426 se
1431 2363 1562 2427 omnino
1584 2381 1716 2427 conver-

160 2465 308 2528 betiones
321 2483 392 2546 qum
412 2464 505 2528 nobis
527 2465 690 2545 insurgere
710 2472 844 2546 possunt
861 2463 912 2525 vel
968 2472 1035 2526 tere
1053 2470 1084 2525 et
1105 2460 1247 2524 stabilire
1267 2480 1454 2543 semperque
1477 2461 1656 2525 confortare
1680 2462 1714 2524 in

161 2562 295 2641 instant,
320 2582 416 2644 quarn
445 2571 530 2625 recta
558 2562 638 2625 ratio
665 2563 762 2625 dictat
790 2570 821 2623 et
849 2562 913 2623 Deo
968 2562 1048 2643 ipso.
1074 2558 1113 2621 Et
1136 2567 1238 2622 tutum
1268 2568 1316 2621 est
1344 2577 1407 2623 non
1433 2558 1593 2623 modicum
1619 2558 1716 2621 nimis

160 2661 279 2743 placet.
296 2661 418 2735 Quanto
432 2669 538 2723 autern
554 2661 702 2723 sacerdos
716 2679 813 2723 sacrae
827 2678 913 2723 corn-
967 2661 1023 2721 sed
1047 2657 1226 2739 aliqualiter
1248 2658 1382 2720 multum
1406 2658 1446 2720 de
1470 2657 1545 2720 vino
1570 2658 1715 2739 accipere

161 2758 309 2822 munioni
333 2757 405 2840 plus
429 2758 628 2841 propinquus
650 2757 804 2836 eflicitur,
825 2766 913 2820 tanto
968 2764 1041 2839 post
1058 2754 1223 2837 sanguinis
1243 2755 1468 2837 sumptionem,
1485 2774 1525 2817 ne
1545 2754 1625 2819 lorte
1645 2776 1715 2838 spe-

161 2858 196 2919 in
217 2856 363 2921 oratione
384 2876 452 2934 sna,
473 2856 570 2939 signis
590 2876 628 2919 ac
650 2857 792 2937 gestibus
811 2855 913 2937 magis
968 2855 1034 2917 cies
1058 2853 1173 2935 aliquae
1196 2853 1389 2915 Sacramenti
1417 2853 1513 2916 alicui
1542 2854 1623 2935 parti
1650 2853 1715 2916 oris

161 2956 310 3018 timorate
333 2963 365 3017 et
388 2963 571 3018 reverenter
593 2962 686 3034 atque
711 2954 836 3016 interne
859 2954 913 3015 ba·
968 2954 1158 3016 adhereant.
1188 2951 1252 3014 Nec
1281 2951 1372 3015 decet
1400 2951 1464 3014 cito
1497 2970 1610 3033 spuere
1645 2960 1716 3033 post

161 3056 240 3117 bere
254 3072 291 3115 se
304 3053 409 3133 debet,
427 3060 462 3115 ut
476 3052 521 3115 sie
536 3072 610 3115 vere
625 3052 791 3133 dijudicet,
806 3052 837 3114 id
853 3061 911 3129 est,
928 3058 950 3121 C
969 3051 1239 3129 communionem,
1260 3050 1315 3113 sed
1338 3050 1371 3111 in
1391 3050 1540 3113 omnibus
1560 3059 1666 3113 mente
1685 3058 1717 3113 et

159 3152 259 3233 digne
279 3150 320 3213 ab
337 3150 408 3213 aliis
427 3150 508 3214 cibis
527 3149 686 3213 discernat
701 3158 733 3213 et
746 3150 829 3227 edat,
846 3169 914 3213 cor·
970 3167 1102 3231 corpore
1121 3148 1314 3211 custoditum
1333 3156 1427 3230 atque
1447 3148 1625 3211 modestum
1642 3166 1717 3211 con-

160 3271 223 3333 pus
244 3249 386 3314 Domini.
969 3247 1097 3325 sistere;
1111 3265 1169 3309 nec
1185 3246 1289 3307 minus
1305 3266 1374 3309 esse
1390 3246 1562 3310 sollicitum
1577 3247 1617 3308 ad
1631 3246 1718 3308 Chri-

970 3354 1054 3407 stum
1083 3352 1171 3426 grate
1200 3344 1384 3423 tenendum,
1410 3363 1505 3424 quarn
1529 3352 1601 3406 ante
1626 3342 1719 3405 exsti-

970 3451 1051 3505 terat
1072 3443 1113 3505 ad
1137 3461 1210 3505 eum
1239 3442 1334 3523 digne
1359 3441 1607 3523 suscipiendum.
1632 3442 1718 3504 Unde

308 3512 553 3578 ARTICULUS
581 3512 772 3576 XXXVIII·
970 3542 1106 3604 multum
1125 3540 1277 3621 arguendi
1298 3540 1446 3602 videntur
1464 3540 1518 3622 qui
1541 3548 1613 3621 post
1633 3559 1719 3604 com-

179 3668 230 3726 De
247 3664 318 3739 ,qm
332 3663 556 3721 communione
570 3680 672 3739 usque
686 3662 730 3719 ad
743 3661 895 3721 „mmm
970 3640 1155 3703 munionem
1171 3646 1203 3701 et
1213 3638 1313 3701 hiissae
1327 3638 1645 3718 consummationem,
1653 3646 1717 3700 tam

405 3760 533 3826 partem
553 3751 671 3811 Missa.
971 3738 1110 3801 laciliter
1133 3756 1167 3799 se
1192 3736 1276 3799 laras
1301 3736 1471 3798 ellundunt
1494 3744 1587 3817 atque
1612 3736 1645 3797 in
1667 3756 1718 3799 er-

970 3835 1138 3899 terioribus
1158 3842 1366 3918 occupantur,
1388 3834 1450 3896 nisi
1470 3833 1642 3897 necessitas
1663 3852 1718 3917 po-

232 3944 290 4004 60
302 3958 376 3999 sum
395 3938 493 4014 panis
513 3939 619 4008 vicus,
635 3938 695 4016 pai
712 3939 753 3996 de
765 3940 842 3997 coelo
862 3940 915 3997 de·
970 3934 1077 3999 stulet.

244 4038 359 4099 scendi
367 4057 383 4106 ,·
395 4038 427 4096 εἰ
439 4036 514 4115 qais
531 4037 782 4096 manducaverit
802 4055 844 4095 ete
858 4037 916 4096 boc

154 4157 260 4215 pane,
287 4137 373 4195 vivet
397 4137 434 4194 ia
460 4143 631 4195 aternum.
658 4131 730 4196 Post
757 4132 916 4196 orationes

158 4234 334 4317 praedictas
357 4232 475 4295 dicitur
497 4235 613 4309 Apaas
634 4233 708 4301 Dei,
728 4250 767 4293 ex
790 4231 955 4297 institu-I)
1129 4199 1375 4265 ARTICULUS
1398 4198 1558 4263 XXXIX·

158 4334 252 4397 ‘5⁰⁰⁰
275 4330 378 4413 sergii
402 4330 513 4412 Plpoei
533 4338 566 4392 θῖ
585 4329 704 4391 (ῘῙθῙῑΠΓ
727 4338 785 4407 ‘fils
806 4338 916 4392 ⁰⁰⁰³&
1042 4352 1090 4410 De
1115 4349 1233 4409 ultima
1256 4356 1353 4424 parte
1376 4348 1498 4417 Missae,
1522 4349 1643 4408 scilicet

158 4430 308 4513 triplicia
340 4429 427 4508 vitia,
457 4427 562 4491 cordis
594 4427 756 4505 videlicet,
786 4428 850 4490 oris
884 4436 916 4491 et
1167 4440 1359 4513 gratiaram
1377 4439 1514 4497 actione.

157 4530 285 4613 operis,
310 4526 361 4589 vel
385 4525 425 4588 ad
449 4526 582 4607 gloriam
610 4524 785 4588 benedictae
813 4526 915 4588 Trini-

47 4643 130 4690 κακὴ,
158 4630 247 4691 tatis.
266 4625 423 4689 Dividitur
436 4632 542 4687 autem
557 4623 671 4702 hostia,
687 4624 763 4705 quia
781 4631 813 4687 et
826 4624 914 4687 Chri·
1007 4627 1044 4689 N
1055 4627 1204 4686 omnibus
1215 4628 1344 4702 pretias
1354 4628 1441 4703 cpite
1451 4630 1516 4689 Deo
1532 4646 1588 4709 per
1602 4627 1715 4691 Filium
1731 4644 1739 4688 ι
1754 4646 1831 4689 ηοω.
1843 4659 1864 4696 v.

83 4712 116 4751 Ν,

1731 4712 1768 4761 tt;
1778 4710 1863 4756 Calan.

158 4735 230 4789 stus
246 4742 365 4807 panem
379 4722 542 4785 benedixit
554 4740 592 4785 aa
608 4720 712 4803 tregit.
729 4722 817 4797 Quod
838 4741 913 4785 vero
1021 4724 1091 4806 ejus
1121 4723 1227 4786 lesum
1256 4723 1426 4787 Christum.
1452 4726 1605 4800 Quoniam
1635 4727 1717 4791 cele·
1731 4788 1760 4821 n.
1778 4776 1810 4816 ,7,

158 4827 193 4887 in
218 4834 289 4887 tres
313 4831 417 4905 partes
441 4820 605 4900 dividitur,
626 4820 665 4883 iit
683 4820 722 4882 ad
746 4820 914 4902 designan-
969 4822 1071 4885 bratio
1085 4822 1185 4885 blissae
1204 4830 1251 4884 est
1270 4841 1349 4904 opus
1368 4823 1514 4886 divinum
1534 4833 1627 4905 atque
1647 4846 1717 4909 per-

157 4925 239 4987 dum
271 4920 430 5003 triplicem
458 4926 575 4981 statum
611 4919 753 5000 corporis
787 4920 913 5001 mystici
968 4920 1100 4997 lectum,
1121 4921 1212 4983 decet
1236 4930 1270 4983 ut
1293 4920 1375 4983 sicut
1398 4942 1416 4984 a
1437 4921 1500 4985 Deo
1523 4922 1647 5005 incipit,
1669 4925 1716 4987 sic

156 5042 217 5085 seu
242 5017 355 5102 populi
381 5017 499 5094 lidelis,
524 5024 600 5099 puta
624 5024 740 5078 statum
764 5016 914 5081 Ecclesia
969 5019 1003 5080 in
1019 5019 1090 5100 ipso
1105 5018 1204 5081 linem
1220 5018 1417 5101 accipiat3et
1432 5019 1503 5083 ideo
1518 5021 1628 5085 ultima
1642 5041 1715 5105 pars

155 5116 403 5199 triumphantis,
433 5124 464 5178 et
491 5115 671 5192 militantis,
700 5134 737 5177 ac
767 5124 913 5196 purgato-
968 5117 1067 5179 hlissae
1102 5117 1273 5197 gratiarum
1308 5118 1390 5181 actio
1426 5119 1608 5182 nominatur
1638 5145 1645 5182 :
1677 5124 1716 5185 ad

156 5219 245 5281 rium
279 5213 438 5296 patientis.
463 5213 539 5275 Pars
566 5230 692 5296 quoque
718 5212 750 5274 in
779 5212 912 5275 calicem
968 5214 1051 5277 banc
1070 5216 1155 5278 enim
1181 5216 1367 5278 ordinantur
1390 5236 1460 5299 quae
1483 5226 1554 5299 post
1576 5236 1717 5281 commu-

156 5317 275 5393 misse,
299 5312 473 5375 secundum
501 5312 654 5393 quosdam
679 5310 784 5393 signat
805 5310 913 5375 neere—
970 5312 1100 5377 nionem
1119 5313 1279 5377 dicuntur.
1296 5314 1397 5390 Quum
1417 5333 1554 5396 namque
1574 5316 1613 5379 de
1628 5318 1716 5381 omni
