4309 6259
293 487 333 533 DE
353 485 553 533 saepultura
574 486 704 532 aurants
726 486 763 531 BT
782 486 880 531 lllSSAE
902 484 1128 532 chamutum
1149 486 1307 533 ntatoous.
1329 505 1371 516 -·
1391 486 1461 533 Ant.
1484 488 1558 534 XXXl

1637 470 1697 533 429

199 661 361 723 Siccanas.
385 694 426 704 -
449 658 492 720 lle
519 656 624 721 forma
651 655 899 720 consecrationis
912 657 939 719 Α
953 657 1003 719 bis
1018 658 1151 740 protulit
1164 658 1260 721 verba
1276 657 1341 738 illa,
1359 658 1456 721 semel
1477 664 1608 735 secrete,
1625 674 1699 721 con-

161 758 223 820 vini
243 776 292 819 me
313 757 423 819 edoce.

198 857 337 918 Vanuas.
366 889 407 900 -
439 854 482 916 lle
516 853 620 917 forma
651 853 900 917 consecrationis

162 952 319 1034 sanguinis
338 970 402 1015 non
422 960 471 1014 est
493 960 580 1013 tanta
599 952 770 1016 concordia
792 952 900 1014 docto

57 1086 147 1125 ..rm
162 1070 238 1130 rum,
253 1052 335 1113 sicut
354 1050 421 1131 jam
443 1049 594 1112 recitasti.

198 1150 362 1211 Sacranos.
378 1184 419 1193 —
435 1148 549 1209 ldirum
569 1148 654 1228 quod
670 1147 831 1229 Sapientia
852 1146 901 1207 in·

49 1268 148 1323 ratiti.
162 1254 270 1328 amata,
286 1264 358 1326 quae
378 1244 486 1309 omnia
507 1246 588 1308 bene
609 1244 777 1327 disposuit,
794 1242 900 1306 Eccle-

161 1346 234 1406 siam
249 1362 338 1405 suam
353 1343 387 1404 in
403 1351 490 1404 ῖθιιῖθ
510 1362 543 1404 re
559 1342 715 1404 fluctuare
735 1340 898 1424 permittit,

159 1442 276 1524 magnis
294 1440 479 1504 doctoribus
500 1440 534 1503 in
555 1440 688 1503 materia
708 1440 768 1503 hac
790 1438 900 1501 salutis

158 1541 277 1603 diversa
301 1538 524 1616 sentientibus,
549 1547 581 1601 et
605 1538 690 1601 inter
717 1557 751 1601 se
779 1537 900 1600 dissen-

158 1636 317 1699 tientibus.

194 1735 337 1797 Vsurras.
362 1732 498 1796 -Noli
528 1733 574 1796 sic
599 1733 736 1815 opinari,
762 1732 839 1813 quia
866 1732 899 1793 in

953 757 1118 835 secrando,
1135 756 1249 819 deinde
1269 756 1338 819 aliis
1358 756 1493 820 formam
1508 756 1622 819 dando.
1640 756 1700 817 Sed

953 853 1068 915 melius
1089 853 1216 933 dicitur,
1237 856 1322 935 quod
1345 854 1487 916 Christus
1512 852 1609 915 semel
1634 861 1702 915 tan-

955 957 1021 1012 turn
1050 951 1182 1033 protulit
1209 970 1256 1031 ea,
1284 969 1384 1032 eaque
1413 950 1603 1033 proferendo
1628 969 1703 1012 con-

954 1048 1101 1132 secravit,
1125 1068 1161 1111 ac
1184 1048 1254 1111 aliis
1275 1047 1411 1112 formam
1433 1048 1530 1126 dedit,
1555 1048 1597 1110 ita
1617 1048 1702 1129 quod

954 1146 1172 1209 benedicendo
1187 1155 1218 1208 et
1233 1146 1423 1228 porrigendo
1442 1146 1619 1228 discipulis,
1636 1164 1704 1208 cre·

953 1244 1040 1306 ditur
1059 1262 1273 1307 consecrasse.

994 1342 1156 1419 Praeterea,
1187 1342 1285 1423 aliqui
1314 1341 1424 1405 dicunt
1458 1342 1537 1403 nibil
1565 1361 1634 1404 esse
1663 1342 1702 1404 dc

954 1438 1057 1502 forma
1083 1442 1330 1503 consecrationis
1355 1441 1519 1522 sanguinis
1543 1441 1605 1501 nisi
1634 1442 1701 1504 haec

955 1538 1063 1617 verba,
1092 1539 1149 1602 Hic
1177 1547 1226 1601 est
1254 1539 1335 1601 calix
1364 1538 1529 1620 sanguinis
1564 1538 1637 1619 mei,
1667 1547 1703 1601 ut

954 1636 1119 1717 utriusque
1135 1636 1237 1701 forma
1252 1636 1499 1700 consecrationis
1521 1636 1560 1698 sit
1575 1636 1698 1699 similis.

954 1732 1085 1796 Praelata
1099 1735 1195 1797 etiam
1211 1734 1307 1797 verba
1328 1735 1477 1797 videntur
1495 1734 1539 1796 ita
1560 1735 1701 1816 perfecte

156 1831 340 1894 necessariis
362 1832 402 1894 ad
426 1830 561 1893 saluwm
586 1831 663 1893 satis
682 1830 832 1893 Ecclesia
852 1834 937 1897 estB
954 1831 1122 1913 designare
1151 1832 1393 1897 conversionem
1422 1832 1488 1895 vini
1518 1832 1551 1894 in
1576 1834 1704 1914 sangui-

157 1930 326 2011 provisum.
349 1928 459 1992 Nonne
483 1928 553 2011 ipsa
577 1929 617 1991 ab
643 1927 806 1991 infallibili
832 1928 901 2009 Spi-

157 2028 215 2091 ritu
229 2029 345 2091 Sancto
366 2026 581 2090 infallibiliter
593 2026 778 2089 vivificatur
796 2045 833 2088 ac
853 2045 901 2088 re·

156 2126 257 2207 giturl
285 2126 360 2188 ldeo
395 2125 592 2189 consuetudo
626 2124 816 2187 universalis
843 2124 900 2187 Ec-

158 2224 257 2286 clesiae
297 2242 372 2287 vere
410 2223 586 2302 catholice,
622 2222 819 2285 auctoritatis
853 2230 901 2284 est

156 2324 304 2385 marimae.
336 2322 482 2385 Formam
509 2330 616 2385 autem
651 2320 900 2384 consecrationis

157 2419 318 2502 sanguinis
333 2419 448 2483 Christi
468 2440 506 2483 ex
525 2419 695 2482 traditione
714 2419 898 2501 apostolica,

156 2527 298 2581 movente
318 2517 539 2599 principaliter
562 2517 681 2599 Spiritu
703 2517 829 2597 Sancto,
850 2535 901 2579 ac-

157 2617 236 2699 cepit
249 2616 404 2693 Ecclesia,
417 2634 488 2696 que
501 2634 562 2678 nec
577 2616 710 2678 calicem
725 2615 810 2678 levat
824 2634 902 2696 quo-

156 2734 251 2795 usque
277 2714 403 2797 prolata
428 2714 493 2776 sint
520 2714 629 2777 omnia
656 2714 753 2776 verba
780 2713 899 2776 illaad

157 2812 285 2876 formam
301 2812 490 2894 spectantia,
506 2812 563 2875 llic
578 2820 626 2874 est
640 2812 721 2875 calix
736 2811 900 2893 sanguinis

157 2913 226 2989 mei,
246 2931 324 2974 curn
346 2911 433 2974 omni
457 2910 720 2974 determinatione
744 2930 802 2973 sua
821 2930 901 2993 prae-

955 1946 1040 2006 nem,
1070 1929 1152 1991 sicut
1181 1931 1248 1993 haec
1276 1930 1383 2011 verba,
1413 1930 1477 1993 lloc
1506 1938 1554 1993 est
1588 1948 1702 2011 corpus

954 2046 1073 2105 meum,
1097 2029 1340 2092 couversionem
1363 2029 1530 2110 designant
1553 2029 1644 2111 panis
1668 2027 1702 2088 in

954 2143 1069 2206 corpus
1095 2124 1220 2188 Christi.
1242 2126 1302 2189 Sed
1327 2126 1402 2208 quia
1425 2126 1623 2190 conditiones
1648 2145 1703 2207 ap

954 2223 1064 2303 positae
1079 2223 1119 2285 ad
1134 2223 1314 2305 subjectum
1330 2224 1379 2286 vel
1395 2224 1611 2306 praedicatum,
1629 2232 1703 2286 sunt

954 2321 993 2382 de
1022 2321 1203 2401 integritate
1230 2322 1412 2403 locutionis,
1442 2322 1514 2386 ideo
1542 2322 1596 2385 alii
1631 2341 1702 2405 pro

954 2418 1093 2481 habilius
1115 2419 1237 2500 dicunt,
1253 2422 1337 2502 quod
1359 2428 1460 2484 toturn
1483 2440 1630 2502 sequens,
1654 2430 1702 2484 est

954 2516 1129 2598 deforma,
1150 2537 1248 2599 quum
1278 2537 1342 2583 non
1371 2520 1410 2581 sit
1438 2520 1557 2583 locutio
1578 2538 1634 2601 per
1655 2539 1699 2597 se,

955 2614 1011 2676 sed
1025 2615 1248 2680 determinatio
1271 2616 1441 2699 praedicati.
1459 2617 1532 2691 Quae
1547 2618 1644 2680 verba
1665 2636 1703 2680 er

954 2713 1091 2775 diversis
1107 2714 1186 2777 locis
1201 2714 1369 2796 Scripturas
1385 2732 1442 2797 pro
1461 2715 1597 2777 maxima
1615 2724 1703 2797 parte

956 2810 1123 2891 habentur,
1150 2812 1298 2893 quamvis
1323 2831 1387 2875 uon
1416 2812 1621 2876 inveniantur
1648 2813 1705 2875 ali-

956 2909 1029 2972 cubi
1052 2908 1148 2972 simul
1167 2911 1296 2993 scripta,
1313 2912 1388 2992 quia
1409 2912 1618 2993 Evangelistae
1640 2931 1704 2976 non

74 3074 78 3085 ,
157 3017 245 3088 tacta,
262 3009 419 3091 usquead
434 3008 513 3071 illud
530 3008 622 3071 :llaec
637 3008 899 3090 quotiescumque
913 3009 936 3074 C
958 3008 1106 3070 volebant
1132 3008 1251 3071 formas
1280 3018 1550 3074 sacramentorum
1575 3011 1704 3093 publice

157 3106 304 3170 feceritis.
336 3106 409 3170 ldeo
438 3106 544 3169 cuncti
574 3105 689 3169 fideles
716 3106 792 3169 huic
825 3124 901 3169 con-

157 3205 313 3269 suetudini
339 3205 455 3268 debent
477 3204 708 3287 obtemperare,
729 3212 761 3268 et
779 3205 902 3285 integra

157 3303 208 3366 illa
239 3304 346 3367 forma
378 3304 436 3382 uti,
466 3322 526 3366 nec
555 3302 721 3366 fluctuare.
752 3302 901 3366 Doctores

156 3421 228 3465 vero
245 3401 398 3465 catholici
421 3401 476 3483 qui
502 3400 588 3464 circa
606 3401 666 3464 hoc
687 3400 901 3465 diversimode

157 3500 289 3563 sensisse
319 3500 481 3580 videntur,
510 3499 671 3581 opinatIve
699 3500 797 3563 locuti
828 3519 902 3562 ceu-

157 3608 271 3679 sentur,
288 3618 347 3661 seu
369 3597 429 3661 sub
450 3598 648 3661 correctione
669 3596 830 3678 Ecclesia,
851 3599 901 3660 vel

157 3715 226 3759 cum
252 3696 439 3761 conditione
467 3696 635 3777 implicita,
660 3695 701 3758 ab
729 3697 902 3759 assertione

157 3796 323 3857 temeraria
343 3814 381 3856 ac
402 3792 559 3875 pertinaci
581 3793 786 3858 abstinentes.

196 3894 364 3957 Sscsanos.
381 3929 422 3939 —
439 3892 566 3955 Placent
586 3893 653 3955 haec
676 3894 767 3955 valde
780 3916 789 3972 3
804 3901 836 3956 et
856 3893 903 3956 fa-

160 3999 224 4054 teor
248 3992 357 4074 plane,
381 3992 467 4073 quod
495 3990 530 4051 in
558 3990 618 4054 hac
648 4010 693 4069 re,
719 4001 848 4054 sanctus
872 3999 904 4054 et

160 4090 274 4153 electus
295 4089 352 4153 ille
371 4088 548 4151 catholicus
567 4088 677 4152 doctor
696 4089 832 4152 Thomas
856 4108 904 4151 se

956 3108 1091 3169 tradere.
1112 3105 1200 3180 Quod
1221 3115 1327 3170 autem
1350 3108 1572 3191 interponitur,
1595 3110 1705 3192 Myste-

957 3204 1038 3266 rium
1059 3204 1148 3285 fidei,
1171 3224 1208 3267 eu
1231 3205 1400 3269 traditione
1422 3206 1535 3269 Christi
1557 3208 1703 3289 habetur,

956 3321 1026 3383 quae
1039 3302 1079 3365 ad
1094 3321 1152 3366 nos
1168 3322 1225 3385 per
1238 3304 1406 3385 Apostolos
1421 3314 1548 3368 sanctos
1563 3306 1701 3369 devenit.

957 3399 1085 3477 Rursus,
1107 3400 1140 3462 in
1160 3400 1399 3465 consecratione
1420 3403 1584 3484 sanguinis
1605 3405 1705 3466 multa

955 3499 1053 3562 verba
1081 3499 1240 3561 adduntur
1266 3500 1371 3581 potius
1403 3519 1499 3581 quam
1533 3502 1565 3563 in
1595 3521 1706 3584 corpo-

958 3597 1000 3659 ris
1028 3597 1267 3660 consecratione
1295 3622 1301 3659 :
1327 3598 1401 3680 quia
1428 3617 1527 3680 quum
1556 3598 1706 3662 Euchari-

957 3695 1023 3757 stiae
1044 3702 1277 3757 sacramentum
1300 3694 1342 3756 sit
1367 3695 1551 3759 memoriale
1572 3696 1707 3759 domini-

958 3812 1003 3855 cas
1017 3791 1222 3874 passionis,in
1238 3793 1477 3856 consecratione
1489 3794 1628 3875 corporis
1643 3814 1706 3859 non

957 3897 1201 3971 representatur
1228 3891 1292 3952 nisi
1320 3891 1477 3972 passionis
1513 3892 1705 3974 subjeetum,

958 3989 1064 4051 sedin
1087 3989 1325 4052 consecratione
1350 3989 1514 4071 sanguinis
1537 4010 1708 4072 repraesen-

958 4096 1042 4150 tatur
1069 4087 1228 4169 passionis
1255 4088 1451 4168 mysterium.
1477 4088 1545 4152 Non
1574 4090 1660 4152 enim
1689 4110 1707 4155 a

160 4189 263 4250 curius
278 4208 315 4251 ac
339 4186 558 4250 rationabilius
580 4194 612 4249 et
633 4186 734 4267 magis
755 4187 795 4249 ad
816 4206 904 4250 men·
919 4188 944 4250 l)
959 4204 1091 4266 corpore
1107 4184 1221 4247 Christi
1245 4186 1374 4267 sanguis
1396 4186 1467 4267 ejus
1482 4186 1543 4249 luit
1563 4207 1707 4252 seorsum

160 4294 220 4348 tem
240 4304 346 4349 meam
369 4284 537 4367 scripsisse
559 4284 696 4347 videtur.

197 4384 344 4448 l'snrras.
373 4384 499 4446 —Pro
527 4382 702 4464 legentium
729 4382 904 4447 directione

160 4481 253 4544 recita
274 4482 364 4544 inde.

50 4604 90 4647 aa.
109 4620 149 4659 em,
198 4581 415 4643 Samaeos—
430 4580 531 4661 Super
544 4586 690 4661 quartum
705 4578 788 4641 inter
801 4587 905 4641 cetera

50 4679 51 4686 ’
75 4698 81 4711 ·
161 4677 266 4740 scribit
287 4700 295 4739 ε
316 4677 450 4752 Quidam
476 4677 623 4739 dixerunt
646 4677 729 4758 quod
751 4677 902 4755 Christus,

160 4777 211 4855 qui
234 4776 347 4839 habuit
369 4782 558 4857 potestatem
583 4774 778 4837 excellentiae
803 4775 836 4836 in
858 4796 906 4838 sa·

161 4874 340 4954 crementis,
365 4872 474 4936 divina
497 4872 613 4935 virtute
638 4872 707 4935 sine
735 4872 904 4936 verborum

161 4972 336 5052 prolatione
357 4971 567 5048 consecravit,
588 4979 620 5033 et
640 4978 750 5051 postea
770 4971 904 5035 formam

161 5069 312 5151 expressit
326 5069 386 5131 sub
405 5088 468 5150 qua
482 5068 535 5131 alii
555 5078 789 5131 consecrarent.
806 5070 904 5144 Quam

161 5168 344 5248 opinionem
370 5166 575 5231 Innocentius
609 5174 717 5230 narrat
743 5168 905 5249 opinative

162 5265 258 5346 magis
282 5284 379 5347 quam
402 5264 565 5327 assertive.
588 5264 649 5326 Alii
673 5264 795 5342 dicunt,
820 5267 904 5347 quod

959 4283 1021 4345 nisi
1045 4302 1103 4365 per
1127 4282 1317 4363 passionem.
1339 4283 1411 4346 ldeo
1434 4284 1632 4348 conditiones
1654 4288 1708 4350 do·

959 4380 1086 4443 minicae
1108 4380 1265 4460 passionis
1287 4382 1508 4462 exprimuntur
1530 4401 1588 4464 per
1610 4386 1708 4448 verba

960 4478 1136 4560 sequentia,
1166 4478 1267 4559 magis
1297 4480 1328 4540 in
1365 4480 1603 4543 consecratione
1638 4502 1709 4545 san-

960 4576 1067 4660 guinis
1096 4596 1190 4658 quam
1217 4578 1381 4659 corporis3
1408 4586 1440 4640 et
1468 4579 1614 4659 quamvis
1642 4600 1707 4644 non

961 4677 1025 4738 sint
1039 4674 1247 4756 proprietates
1266 4676 1431 4757 sanguinis
1451 4675 1564 4739 Christi
1584 4686 1619 4739 ut
1639 4699 1709 4741 san-

960 4774 1031 4856 guis
1056 4782 1114 4851 est,
1136 4781 1210 4835 sunt
1234 4781 1339 4836 tamen
1362 4775 1546 4839 essentiales
1568 4779 1710 4859 proprie-

961 4881 1039 4935 tates
1059 4873 1129 4954 ejus
1151 4871 1184 4934 in
1208 4881 1362 4953 quantum
1382 4892 1439 4955 per
1461 4875 1640 4957 passionem
1663 4878 1709 4941 ei-

959 4970 1051 5033 fusus
1073 4978 1131 5033 est.

999 5069 1188 5150 llrprimunt
1211 5087 1337 5151 quoque
1362 5071 1459 5133 verba
1480 5070 1534 5133 illa
1553 5074 1708 5138 conditio·

960 5188 1017 5230 nes
1036 5166 1195 5249 passionis
1210 5167 1337 5245 Christi,
1352 5169 1512 5249 precipue
1532 5173 1706 5235 secundum

961 5266 1046 5347 quod
1061 5274 1211 5349 operatur
1224 5264 1258 5327 in
1273 5265 1489 5331 sacramentis.
1505 5267 1541 5329 ln
1559 5270 1706 5350 passiano
