4309 6259
439 460 500 525 666

437 652 616 710 16116666.
632 654 695 720 066
718 670 806 712 sensu
824 654 896 711 hdes
913 655 1048 712 tenebras
1066 651 1186 718 nesciat,

475 743 710 809 teutmundus
719 742 812 799 noctis
820 744 1086 816 tenebrasdetegat,
1096 742 1172 798 1286
1179 758 1186 806 ;

475 834 503 889 S.
526 833 699 890 Laurentius
722 833 830 890 dixerit
851 850 858 889 :
879 834 941 889 Nox
966 850 1032 889 mea
1053 832 1189 889 tenebras

476 922 577 989 nescit,
601 925 637 979 32
645 924 686 979 6’.
706 955 742 967 -
761 923 872 979 Divina
894 924 1022 980 tenebrae
1040 923 1188 994 quomodo

474 1013 556 1069 omni
576 1013 681 1070 lumini
701 1012 914 1085 cooperiantur,
930 1016 959 1070 et
978 1012 1059 1068 omni
1083 1011 1187 1067 visioni

475 1103 703 1169 abscondantur,
721 1104 815 1159 1310.
831 1104 929 1174 -01,
946 1102 1141 1175 0666611166.

437 1192 615 1250 16616110.
628 1195 753 1250 Oramus
767 1208 803 1249 ne
818 1192 995 1249 inducamur
1009 1192 1038 1248 16
1054 1191 1188 1249 16616116-

475 1298 553 1347 nem,
568 1283 668 1339 3166.
683 1284 789 1339 Contra
802 1282 977 1339 tentationes
991 1299 1045 1339 nos
1064 1280 1189 1353 protegit

473 1371 666 1435 Eucharistia,
682 1373 735 1428 388
743 1372 785 1438 6’,
801 1374 829 1429 61
847 1371 913 1428 vitae
936 1371 1083 1428 interioris
1106 1387 1186 1427 eser-

474 1461 697 1527 6166661360,

438 1551 560 1615 maon,
576 1551 646 1625 qnia
660 1552 786 1609 multum
802 1553 898 1634 obptat
910 1550 1096 1624 acquirenda
1111 1550 1187 1607 cari-

475 1640 537 1705 tati,
557 1641 656 1707 2696,
678 1642 779 1699 sedulo
803 1642 998 1698 removendus
1020 1644 1072 1708 est,
1094 1642 1187 1697 2106.

475 1729 522 1801 Cf.
540 1730 730 1803 Negligentia.

437 1821 560 1876 16666.
577 1822 729 1887 Quomodo
744 1820 821 1894 pleni
836 1821 896 1877 sint
910 1821 973 1879 coeli
993 1823 1022 1878 et
1039 1824 1118 1878 terra
1136 1821 1186 1877 Dei

475 1910 575 1982 gloria,
591 1912 681 1967 atsc'
700 1915 729 1969 et
751 1930 786 1976 s.,
807 1917 893 1985 atque
916 1911 1041 1985 Spiritus
1064 1913 1188 1968 Sanctus

473 2004 591 2059 renovet
604 2001 708 2058 taciem
723 2006 817 2068 terra,
832 2004 867 2057 62
876 2003 915 2057 6’.

437 2089 744 2148 168166661661661
760 2091 895 2149 ultimate
912 2090 1079 2148 distributio
1098 2092 1188 2147 bono·

474 2196 551 2244 rum,
567 2183 661 2236 morte
684 2180 829 2237 testatoris
848 2180 972 2246 firmata,
988 2181 1080 2244 3636,
1096 2180 1185 2235 1300.

474 2300 507 2311 -
522 2270 554 2323 V.
570 2271 599 2325 T.
615 2274 645 2326 et
657 2270 690 2327 N.
705 2269 1046 2334 1.6ο66666661,3166.
1061 2269 1093 2325 V.
1105 2270 1133 2325 T.
1145 2271 1189 2325 est

474 2359 630 2432 antiquum
649 2361 858 2417 documentum
883 2376 957 2415 noro
980 2362 1086 2415 cedens
1109 2358 1187 2422 ritui,

473 2448 554 2505 666.
585 2448 680 2506 Pridie
710 2448 822 2514 mortis,
847 2446 915 2504 iecit
941 2446 1072 2504 Christus
1099 2464 1186 2504 suum

474 2540 693 2603 testamentum,
721 2539 809 2595 1360.
839 2539 896 2594 Cur
924 2537 1039 2595 dicatur
1067 2554 1186 2601 noriam,

473 2630 560 2690 3660,
573 2630 823 2694 61666663660,
836 2645 945 2685 novum
960 2628 1049 2685 simul
1063 2631 1093 2684 et
1108 2632 1188 2685 mter·

474 2720 665 2784 66661300.
686 2719 719 2775 N.
738 2721 767 2775 T.
791 2735 850 2775 non
875 2718 1020 2791 promittit
1042 2722 1187 2791 tempora·

459 2808 522 2873 ·66,
538 2810 588 2866 666
603 2812 720 2873 aeterna,
736 2809 789 2865 130
798 2809 826 2865 0.
842 2808 940 2865 Virtus
955 2808 1099 2880 passionis
1111 2808 1189 2865 Chri-

473 2898 509 2953 sti
528 2898 727 2955 abundantius
746 2901 883 2970 operatur
905 2897 935 2952 in
955 2898 988 2954 N.
1004 2898 1033 2953 T.
1050 2915 1138 2970 quam
1158 2897 1186 2953 in

476 2990 506 3044 V.
522 2991 563 3054 T.,
579 2989 670 3045 3886.

437 3079 645 3135 1681160616
659 3078 731 3150 legis
745 3078 852 3134 divinae
870 3075 1050 3133 intellectum
1070 3094 1187 3134 concer-

476 3171 560 3232 nunt,
589 3169 729 3225 mandata
755 3169 910 3234 affectum
935 3168 1186 3239 quemadmodum

474 3262 610 3316 tenemur
633 3261 771 3315 mandata
795 3258 927 3330 implere,
953 3257 993 3313 ita
1013 3257 1189 3314 testimoniis

475 3350 602 3411 credere,
618 3350 709 3405 3696.

438 3438 632 3495 1666661118.
643 3440 722 3494 6666
738 3438 831 3495 fidelis
844 3440 930 3494 ornat
943 3437 1106 3493 thalamum
1123 3455 1188 3494 cor-

475 3527 578 3585 616661
594 3528 731 3584 omnibus
749 3527 1028 3593 61616116661186,
1044 3530 1080 3583 ad
1101 3527 1188 3600 digne

474 3618 504 3673 in
524 3636 558 3674 co
576 3617 796 3689 suscipiendum
820 3619 927 3690 Regem
949 3616 1058 3689 gloriae,
1074 3618 1136 3673 382.
1152 3648 1188 3658 -

473 3709 630 3766 Thalamus
657 3708 764 3763 Christi
791 3706 845 3763 1611
872 3711 972 3764 venter
994 3710 1025 3763 B.
1049 3707 1186 3780 Virginis,

475 3799 557 3863 ’166’,
578 3800 613 3855 66
637 3816 695 3870 666
720 3815 854 3870 egressus
872 3801 916 3855 661
939 3797 980 3855 611
1005 3815 1129 3870 sponsus
1152 3800 1188 3855 de

474 3890 613 3952 thalamo,
629 3890 704 3953 226,
719 3889 800 3945 296.

438 3977 698 4041 166001116603,
723 3976 941 4035 Aurelianensis
959 3976 1120 4049 episcopus.
1144 3977 1187 4033 llll

475 4064 613 4122 tribuitur
624 4066 751 4137 hymnus
767 4066 899 4123 «Vexilla
910 4065 995 4139 Regis
1009 4068 1186 4139 prodeunt»,

475 4158 551 4212 316.

438 4247 635 4303 166060οΙ6
661 4245 769 4302 6161166
789 4245 931 4317 sapientia
957 4245 1188 4317 supernaturalis

474 4340 580 4399 creata,
596 4334 666 4407 quia
684 4335 780 4408 primo
800 4351 852 4406 per
874 4335 1081 4391 revelationem
1107 4334 1189 4391 inno-

473 4424 713 4490 1611.1“160;666
731 4423 799 4496 6616
818 4440 877 4479 666
896 4429 940 4479 661
958 4424 1188 4495 supernaturalis

475 4513 593 4571 habitus
607 4514 778 4571 immediate
793 4512 1052 4579 1616666,1186,61
1067 4513 1150 4569 66616
1161 4518 1189 4571 61

474 4604 561 4661 malis
575 4603 742 4660 communis
757 4607 808 4666 est,
823 4604 914 4667 1186,
927 4619 979 4659 666
994 4619 1110 4675 semper
1125 4620 1188 4675 per·

476 4695 534 4750 ficit
561 4694 727 4758 habentem,
754 4694 839 4754 1180,
864 4692 913 4764 661
944 4697 1008 4763 post
1035 4692 1188 4766 theologiae

475 4784 608 4855 mysticae
622 4783 757 4845 visiones,
774 4785 867 4854 potest
882 4781 1044 4837 mortaliter
1058 4798 1187 4854 peceare,

473 4874 565 4932 1686,
578 4887 635 4926 666
651 4874 695 4926 661
709 4872 820 4926 donum
835 4870 959 4943 Spiritus
974 4870 1081 4935 Sancti,
1099 4872 1187 4935 1186,

474 4962 512 5016 C'.
525 4992 561 5002 -
575 4960 705 5017 Primam
721 4959 856 5015 omnium
873 4977 992 5016 causam
1007 4963 1034 5016 et
1048 4961 1187 5017 ultimum

475 5052 563 5108 finem
579 5051 673 5108 nrtrlto
688 5050 845 5106 sublimius
864 5049 1079 5122 contemplatur
1098 5068 1186 5123 quarn

474 5158 668 5214 quascumque
692 5138 834 5196 naturalis
857 5139 979 5203 theoria,
997 5140 1085 5203 1196,
1107 5142 1189 5196 etde

474 5230 662 5288 inferioribus
676 5228 805 5286 scientiis
824 5233 885 5285 tam
905 5228 1010 5285 inlusis
1029 5246 1118 5302 quarn
1139 5246 1190 5285 na-

474 5321 619 5380 turalibus
628 5318 763 5395 judicare
778 5320 875 5389 habet,
888 5320 976 5377 1190.
988 5350 1024 5361 —-
1036 5319 1191 5395 Theologiu

1063 482 1157 529 1110611
1178 481 1367 530 anthimus

1277 654 1400 728 mystica
1413 671 1537 713 acumen
1551 659 1596 713 est
1609 657 1869 730 contemplationis,
1883 662 1911 716 et
1928 662 1973 717 ter

1276 745 1335 801 tius
1367 762 1568 819 superansque
1596 746 1673 803 doni.
1693 747 1841 819 sapientias
1866 752 1972 823 666666,

1277 837 1369 899 mnu,
1385 854 1443 909 quo
1457 836 1524 910 quis
1538 837 1567 893 in
1583 837 1732 910 regionem
1747 838 1820 895 lucis
1833 839 1974 896 immensa

1278 924 1482 991 introducitur,
1498 926 1547 983 ubi
1562 926 1658 984 lucide
1672 926 1787 1000 caligat,
1802 927 1902 993 3016,
1912 934 1938 985 61
1949 930 1971 985 16

1277 1014 1396 1071 Deitatis
1409 1017 1547 1089 abyssum
1568 1033 1685 1088 prorsus
1700 1017 1887 1090 demergitur,
1899 1022 1973 1090 atque

1277 1106 1354 1178 6666
1379 1105 1543 1164 inordinate
1566 1123 1653 1163 suurn
1677 1110 1730 1173 est,
1753 1106 1971 1172 6611613036.

1276 1194 1319 1250 66
1336 1194 1412 1250 6666
1427 1211 1478 1267 per
1490 1194 1567 1252 viam
1588 1194 1770 1267 purgativam
1786 1200 1830 1252 est
1843 1196 1972 1260 introitus,

1276 1285 1367 1349 3030,
1397 1284 1505 1342 scilicet
1538 1302 1590 1358 per
1621 1286 1846 1359 abnegationem
1878 1288 1971 1359 proprii

1277 1374 1395 1439 amoris,
1419 1374 1519 1439 303h'‚
1549 1392 1600 1447 per
1627 1374 1727 1448 lugam
1755 1376 1970 1448 percutiebam

1277 1463 1426 1531 levissimi,
1446 1465 1546 1529 3056,
1567 1482 1618 1537 per
1636 1465 1739 1537 jugem
1764 1465 1816 1523 061
1840 1467 1972 1539 presentis

1278 1553 1494 1626 cogitationem,
1522 1555 1632 1621 3056;
1656 1558 1727 1611 1666
1754 1572 1840 1612 mens
1866 1558 1972 1627 desuper

1277 1642 1656 1709 illuminata,3050’,aciem
1672 1643 1797 1701 suumin
1808 1644 1970 1709 Trinitatem,

1277 1737 1421 1806 quantum
1449 1733 1477 1789 in
1507 1733 1562 1789 hac
1590 1733 1648 1789 vita
1675 1737 1719 1790 est
1746 1734 1890 1806 possibile,
1913 1734 1970 1806 1611,

1277 1823 1378 1886 3056,
1403 1826 1431 1879 61
1454 1822 1632 1895 perspiciens
1656 1840 1745 1896 qnam
1769 1822 1809 1879 sit
1831 1823 1973 1895 incompre-

1277 1903 1973 1985 hensibilisllivinitas,eitanquampror'susigno

1276 2007 1314 2058 tae
1339 2002 1560 2067 6611663066.
1585 2034 1620 2043 -
1644 2004 1699 2059 Sed
1720 2002 1798 2059 alius
1821 2006 1863 2059 est
1885 2004 1973 2057 modus

1276 2091 1448 2157 mirabilior,
1478 2109 1570 2165 quum
1604 2091 1714 2149 scilicet
1742 2092 1810 2164 quis
1836 2092 1972 2164 improvise

1276 2184 1385 2254 absque
1404 2198 1457 2237 sua
1481 2182 1692 2255 preparatione
1716 2181 1839 2254 rapitur,
1855 2182 1938 2245 3010,
1951 2184 1973 2236 61

1277 2270 1478 2329 deficientibus
1497 2271 1640 2336 sensibus,
1656 2271 1686 2326 in
1702 2272 1853 2344 regionem
1869 2270 1972 2327 luminis

1276 2361 1459 2426 transfertur,
1475 2361 1576 2426 3016,
1598 2363 1676 2434 quod
1700 2360 1836 2433 perlectis
1859 2362 1972 2433 plerum-

1278 2469 1343 2525 que,
1358 2452 1408 2509 sed
1433 2452 1608 2523 quandoque
1631 2450 1841 2523 incipientibus
1858 2450 1973 2507 6666661·

1277 2545 1334 2605 166,
1349 2540 1449 2597 3016.
1464 2572 1501 2581 -
1513 2539 1589 2596 6661
1604 2540 1742 2613 loquendi
1764 2540 1891 2614 mysticae
1907 2540 1973 2596 theo

1277 2630 1371 2703 logias,
1387 2632 1456 2687 sunt
1480 2647 1548 2687 sane
1572 2646 1607 2686 ae
1629 2631 1776 2703 sapienter
1799 2630 1972 2703 intelligendi,

1277 2721 1364 2778 1610Ι
1380 2723 1408 2778 61
1422 2737 1445 2775 s.
1462 2751 1497 2761 -
1512 2718 1638 2776 curiosae
1652 2720 1856 2793 theologorum
1875 2720 1973 2793 questi·

1278 2828 1348 2868 ones
1362 2809 1458 2883 potius
1473 2809 1698 2883 intelligentiam
1720 2810 1886 2882 impediunt
1898 2827 1972 2883 quarn

1274 2900 1388 2973 juvant,
1405 2900 1496 2955 3096.

1241 2989 1457 3047 1660161166
1471 2988 1512 3061 (16
1527 2991 1571 3046 661
1582 2988 1827 3061 Theophylactus)
1841 2988 1972 3060 allegatur,

1281 3080 1378 3136 lloh’.

1241 3170 1381 3226 16011168
1399 3169 1453 3240 (S.)
1471 3168 1619 3240 apostolus
1637 3167 1736 3240 januis
1756 3166 1864 3224 clausis
1881 3168 1973 3241 ingres

1278 3276 1328 3316 sus
1342 3263 1386 3317 est
1397 3259 1561 3314 thalamum
1577 3257 1676 3330 sponsi
1690 3260 1719 3314 61
1731 3274 1856 3329 sponse,
1867 3258 1943 3313 1310.

1240 3349 1380 3406 Thenas
1394 3349 1447 3420 (S.)
1459 3346 1618 3420 Aquinas«
1628 3348 1862 3403 Doctorsanctus
1871 3346 1972 3411 61686,

1277 3439 1363 3501 6390,
1374 3457 1388 3490 6
1402 3437 1478 3494 inter
1491 3438 1622 3493 doctores
1636 3435 1826 3492 scholasticos
1840 3436 1973 3508 precipue

1277 3527 1448 3589 sanctitatis,
1465 3525 1690 3583 illuminationis
1713 3529 1741 3582 et
1764 3526 1937 3583 auctoritatis
1952 3544 1970 3583 r.

1277 3618 1409 3683 tas.t’,«
1428 3616 1505 3673 16166
1529 3617 1686 3672 modernos
1710 3615 1840 3673 eximius
1861 3636 1884 3679 r,
1901 3615 1971 3678 1650,

1275 3708 1395 3780 jubente
1419 3707 1534 3762 Urbano
1554 3706 1598 3769 lV,
1619 3706 1654 3762 de
1678 3706 1852 3763 solennitate
1870 3706 1914 3761 SS.
1927 3705 1973 3758 En·

1278 3796 1423 3853 charistia
1447 3794 1623 3853 sacramenti
1652 3795 1786 3852 Officium
1818 3794 1971 3867 composuit,

1277 3888 1354 3943 636.
1372 3885 1452 3941 111166
1471 3884 1572 3957 hymni
1595 3886 1630 3943 de
1652 3888 1838 3942 sacramento
1856 3882 1973 3941 Euchari-

1278 3976 1341 4032 stiae
1365 3980 1561 4048 exponuntur,
1586 3976 1659 4040 636,
1683 3976 1759 4042 616,
1780 3976 1853 4030 116.
1875 4007 1908 4016 -
1925 3972 1972 4029 Sibi

1278 4065 1477 4122 contradicere
1496 4064 1619 4128 videtur,
1645 4064 1743 4131 1686,
1767 4068 1797 4120 61
1821 4065 1865 4137 pie
1884 4061 1974 4118 intelll-

1279 4157 1390 4228 gendns
1421 4158 1473 4219 est,
1505 4155 1599 4219 1650;
1625 4155 1714 4210 166116
1748 4155 1867 4211 nomine
1898 4151 1974 4223 carpi·

1278 4249 1333 4308 tur,
1357 4245 1444 4309 196;
1465 4242 1630 4315 corrigitur,
1651 4244 1754 4308 2286,
1775 4243 1876 4308 2296,
1899 4240 1973 4297 2316

1277 4338 1305 4391 61
1319 4351 1353 4398 s..
1369 4334 1422 4388 212
1429 4334 1479 4397 6’;
1495 4332 1666 4405 explicatur,
1682 4332 1783 4387 2226.
1800 4333 1882 4389 Adde
1895 4330 1971 4391 1061,

1277 4424 1368 4489 2120,
1384 4420 1481 4483 2210,
1497 4420 1598 4487 2336,
1614 4424 1668 4477 616.

1241 4512 1380 4571 160668
1404 4512 1439 4567 66
1463 4509 1594 4566 66166616
1618 4510 1745 4567 affirmat
1773 4514 1881 4583 septem
1909 4510 1972 4564 dona

1276 4602 1401 4675 Spiritus
1416 4599 1513 4656 Sancti
1529 4616 1587 4656 non
1603 4600 1720 4657 realiter
1734 4600 1872 4658 distincta
1889 4612 1972 4656 essea

1277 4692 1441 4751 virtutibus,
1458 4689 1541 4745 5116.

1240 4781 1494 4839 166061181666
1514 4780 1582 4834 6661
1602 4778 1651 4834 Dei
1675 4778 1772 4835 throni
1794 4778 1911 4853 :angeli
1931 4774 1973 4849 qni

1277 4872 1416 4926 dicuntur
1437 4868 1553 4931 Thmui,
1569 4868 1661 4931 3196,
1678 4869 1784 4925 coelurn
1808 4882 1972 4941 empyreum,

1278 4960 1328 5017 ubi
1343 4960 1418 5016 Deus
1432 4956 1620 5037 singulariter
1634 4958 1762 5016 residere
1777 4958 1875 5022 fertur,
1887 4955 1973 5015 1920,

1279 5052 1309 5105 61
1336 5048 1436 5103 anime
1452 5045 1535 5119 justi,
1555 5045 1645 5101 1926
1656 5064 1664 5112 ;
1688 5049 1739 5103 666
1762 5048 1920 5120 precipuus
1940 5045 1975 5100 est

1278 5139 1412 5201 thronus,
1433 5135 1535 5192 ceteris
1558 5136 1751 5207 praestantior,
1771 5137 1870 5201 l92D',
1890 5139 1975 5191 utenrs

1280 5230 1310 5284 B.
1322 5224 1558 5299 Virginislttth,
1570 5223 1598 5280 in
1615 5242 1672 5298 quo
1686 5229 1747 5282 tota
1761 5225 1894 5283 divinitas
1908 5238 1976 5279 man·

1281 5318 1319 5376 sit
1332 5314 1529 5390 corporaliter,
1544 5316 1635 5373 1936.
1653 5348 1685 5360 -
1700 5316 1744 5373 66
1757 5316 1894 5374 thronum
1907 5311 1974 5371 Salo·
