4309 6259
704 1036 1189 1153 PROOEMlUM

293 1672 483 1745 Ulproeeat,
499 1671 536 1729 in
550 1671 774 1730 sollicitudine
789 1669 907 1751 praesit.
923 1670 1013 1734 llom.
1030 1686 1086 1741 111,
1102 1669 1132 1732 8.

349 1775 452 1850 Quum
479 1776 566 1839 enim
593 1775 680 1839 dicat
706 1776 880 1859 unicuique
906 1777 1030 1840 homini
1057 1776 1201 1839 llichaeas
1229 1776 1393 1858 propheta,
1419 1775 1569 1840 Indicabo
1597 1776 1666 1855 tibi,
1697 1794 1812 1841 ouen.
1834 1810 1864 1850 a,

175 1664 409 1993 Qhomo,
435 1883 513 1965 quid
540 1882 693 1946 Dominus
721 1883 860 1966 requirat
887 1904 906 1946 a
933 1892 975 1964 te,
1001 1884 1110 1966 utique
1139 1882 1311 1947 sollicitum
1340 1882 1502 1945 ambulare
1532 1902 1604 1945 cum
1631 1884 1715 1962 Deo;
1732 1864 1753 1906 ⁸·

170 1990 340 2071 Apostolus
362 2008 500 2072 quoque,
517 1990 594 2054 (lum
618 1999 706 2052 metu
724 1990 855 2072 (inquit)
875 2001 907 2054 et
928 2001 1064 2054 tremore
1089 1998 1225 2055 vestram
1250 1990 1382 2053 salutem
1412 1990 1588 2071 operamini
1612 2014 1618 2051 :
1641 2009 1716 2055 con·
1732 2012 1865 2069 ristona.

170 2103 228 2160 stat
251 2097 338 2177 quod
358 2115 619 2178 unumquemque
645 2097 866 2179 praesidentem
888 2106 1069 2179 conportet
1094 2117 1162 2161 esse
1188 2116 1294 2161 coram
1319 2096 1581 2159 metuendisslmo
1606 2097 1716 2160 iudice
1734 2078 1766 2118 ¹²·

170 2203 391 2267 sollicitiorem
415 2224 452 2267 ac
477 2203 716 2283 timendorum,
737 2224 800 2286 quo
825 2204 971 2286 pluribus
996 2205 1153 2286 praesidet,
1179 2224 1216 2267 ac
1238 2204 1298 2266 sihi
1335 2204 1522 2267 commissos
1547 2204 1587 2266 ad
1617 2204 1716 2284 majo

170 2329 236 2372 rem
261 2318 389 2373 tenetur
413 2311 565 2374 virtutum
590 2309 819 2393 perlectionem
844 2311 1021 2390 deducere3
1047 2330 1111 2393 quo
1136 2311 1266 2393 insuper
1294 2311 1424 2392 majoris
1454 2319 1528 2372 sunt
1551 2310 1716 2393 dignitatis

169 2435 315 2499 personas
335 2417 395 2479 sibi
416 2417 605 2496 commissas,
620 2426 715 2500 atque
736 2437 799 2499 quo
820 2419 998 2481 animarum
1013 2418 1157 2483 conditor
1178 2428 1209 2481 et
1231 2427 1353 2482 amator
1373 2436 1429 2500 pro
1452 2418 1593 2499 ipsarum
1617 2417 1717 2480 salute

169 2523 261 2605 plura
275 2524 355 2586 lecit
367 2526 576 2606 gravioraque
588 2525 716 2607 pertulit
729 2545 766 2588 ac
779 2525 995 2607 pretiosiorem
1009 2525 1156 2607 expendit
1171 2525 1362 2589 thesaurum.
1372 2524 1465 2588 Porro
1481 2524 1547 2587 istae
1564 2542 1717 2605 persone,

170 2630 340 2693 rationales
365 2640 440 2693 suut
464 2639 625 2708 creaturae,
646 2630 800 2696 Creatoris
824 2632 873 2694 sui
899 2631 1108 2695 similitudine
1132 2631 1297 2709 decoratae,
1323 2650 1359 2693 uc
1385 2630 1718 2712 supergloriosissimao

170 2738 336 2801 Trinitatis
349 2737 488 2820 imagine
509 2738 668 2819 insignitas
685 2762 692 2800 ε
711 2757 768 2821 pro
788 2758 923 2822 quarum
945 2739 1120 2802 salvatione
1141 2746 1264 2802 creator
1284 2738 1518 2815 universorum,
1535 2737 1718 2819 Unigenitus

169 2845 270 2908 Patris
299 2845 422 2922 aeterni,
439 2864 533 2908 verus
561 2844 655 2922 Deus
672 2845 775 2907 lactus
803 2855 852 2907 est
878 2845 985 2924 homo,
1001 2865 1037 2908 ac
1062 2844 1294 2907 amarissimam
1320 2842 1719 2926 ignominiosissimamquc

169 2952 322 3015 sustinuit
350 2960 495 3031 mortem,
519 2951 786 3033 pretiosissimum
815 2951 1001 3033 sanguinem
1028 2951 1165 3013 lundens
1190 2969 1247 3033 pro
1275 2950 1338 3013 illis
1362 2950 1394 3013 in
1420 2950 1568 3032 pretium.
1591 2950 1635 3013 Ex
1658 2969 1722 3032 qua

168 3058 435 3136 consideratione,
451 3057 662 3121 fidelissimus
688 3059 742 3121 ille
763 3058 912 3141 prelatus
935 3060 965 3122 S.
990 3058 1168 3121 Bernardus
1191 3057 1417 3142 deprompsit:
1440 3056 1469 3119 si
1493 3065 1635 3139 tempore
1651 3077 1722 3139 pas-

168 3166 267 3232 sionis
287 3165 458 3229 dominicae
480 3166 541 3229 sub
565 3186 660 3229 cmce
682 3166 852 3243 stetissem,
868 3174 898 3229 et
921 3166 1094 3229 stillantem
1116 3167 1155 3229 de
1177 3185 1309 3248 corpore
1330 3166 1455 3230 Domini
1480 3165 1666 3246 sanguinem
1688 3166 1720 3227 in

167 3274 299 3337 vasculo
321 3272 533 3354 collegissem,
556 3292 628 3335 cum
650 3281 769 3354 quanta
789 3272 956 3354 diligentia
976 3273 1140 3336 vasculum
1164 3272 1241 3335 illud
1270 3272 1461 3335 custodirem
1483 3279 1515 3334 et
1536 3271 1721 3335 circumier-

168 3387 255 3443 rcmt
277 3380 317 3443 Et
344 3398 420 3442 ecce
447 3378 514 3461 jam
544 3379 623 3441 milri
652 3388 726 3442 sunt
754 3380 881 3443 creditae
909 3388 940 3443 et
968 3381 1145 3444 commissae
1173 3380 1287 3443 animan
1315 3380 1389 3458 illae,
1419 3398 1477 3461 pru
1505 3398 1639 3461 quarum
1656 3379 1721 3442 red-

168 3486 332 3571 emptione
357 3506 501 3550 summus
525 3506 563 3550 ac
589 3487 845 3570 sapientissimus
874 3487 928 3551 illc
957 3496 1113 3551 mercator
1141 3486 1362 3570 copiosissime
1392 3485 1509 3549 elludit
1533 3486 1720 3567 sanguinem

170 3595 288 3679 ipsum.

227 3702 385 3783 Denique,
406 3702 475 3764 haec
499 3710 532 3764 et
556 3701 734 3765 consimilia
757 3702 885 3765 intuens
909 3722 947 3765 ac
971 3703 1183 3784 perpendens,
1200 3700 1381 3765 veneranda
1404 3707 1509 3761 vestra
1532 3700 1718 3777 Paternitas,

169 3808 213 3872 mi
240 3808 471 3892 praecarissime
499 3808 600 3888 Pater,
624 3809 715 3891 potiit
743 3830 762 3874 a
790 3810 944 3891 parvitate
973 3828 1045 3872 mea
1073 3808 1314 3892 responsionem
1343 3807 1510 3889 cujusdam
1536 3806 1721 3889 questionis

169 3925 199 3979 ct
219 3915 363 3979 materiae
376 3916 479 3998 (satis,
496 3917 529 3979 ni
549 3916 655 3996 fallor,
672 3917 826 3980 intricatas
845 3937 882 3981 ac
897 3917 1082 3996 fructuosas)
1099 3917 1280 3997 resolutam,
1298 3915 1467 3978 dubiorum
1481 3914 1719 3995 declarativam,

171 4024 386 4087 conscientias
406 4024 612 4106 quictantem.
635 4025 723 4099 Quod
744 4026 891 4106 quamvis
913 4044 969 4089 vos
992 4025 1066 4107 ipsi,
1089 4024 1260 4087 auxiliante
1282 4023 1425 4101 Domino,
1450 4022 1563 4086 melius
1585 4023 1721 4105 possetis

171 4151 335 4215 peragere,
359 4140 589 4210 verumtamen,
616 4134 768 4214 quoniam
794 4133 903 4217 pietati
929 4143 1041 4196 vestrae
1066 4152 1183 4215 negare
1208 4132 1253 4195 nil
1285 4131 1486 4215 possibilium
1518 4130 1596 4193 milri
1626 4148 1719 4213 queo,

172 4238 237 4303 imo
258 4258 321 4303 aec
342 4238 454 4317 audeo,
476 4256 534 4321 pro
555 4238 677 4303 viribus
698 4241 918 4323 obtemperare
939 4239 1090 4304 conabor.
