4309 6259
48 1898 82 1939 'em
89 1910 116 1945 rr,
124 1899 135 1937 t

48 2183 143 2225 maara.

48 3747 102 3799 aer,
111 3753 135 3792 lt

431 525 470 571 na
491 525 647 573 raacomo
667 526 705 571 ar
725 525 889 573 nronmxra
909 526 1025 584 ιιιιιιιι,
1048 526 1137 572 nmen
1159 528 1203 573 ιιι.
1226 546 1267 557 -
1286 526 1356 572 aar.
1380 524 1433 572 xxx
1646 506 1706 571 bdd

157 695 359 774 describitur,
378 715 443 760 non
467 698 643 759 secundum
669 696 796 759 virtutis
820 697 902 759 veri·
919 696 945 760 Α
960 696 1111 760 liciacens
1125 717 1133 779 ;
1149 707 1181 761 et
1200 698 1315 775 denuo,
1336 696 1486 779 quoniam
1509 695 1542 758 in
1563 696 1708 759 incarna-

157 803 264 873 tatam,
291 796 346 857 sad
370 794 506 857 allectus
533 794 787 873 similitudinem,
813 795 905 858 intel·
960 795 1046 859 tione
1068 796 1226 877 Unigeniti
1248 796 1377 859 infinita
1397 795 1514 858 divina
1535 794 1708 858 exinanitio

157 890 322 972 ligandum
346 890 461 973 opinor
486 914 493 952 ε
520 891 638 955 etenim
663 891 710 953 aie
735 910 769 953 se
794 892 904 954 habuit
960 894 1136 975 majestatis
1152 894 1286 973 exsistit,
1302 895 1450 975 adquam
1467 902 1708 975 extremapror-

156 987 203 1051 uti
226 988 352 1070 jubenti
374 989 537 1052 obediens.
562 989 704 1070 Denique
728 1008 788 1052 nec
811 991 905 1053 Josnc
960 1011 1014 1053 sus
1032 992 1198 1055 humilitas
1217 993 1396 1056 condecens
1421 1000 1498 1055 erat.
1521 992 1639 1073 ltaque,
1661 991 1706 1053 nil

157 1087 254 1149 verba
272 1086 329 1149 illa
352 1087 560 1167 imperialiter
582 1087 751 1168 protulisse
775 1089 905 1150 creden-
960 1090 1087 1171 penitus
1108 1090 1169 1153 sihi
1195 1090 1227 1152 in
1253 1091 1354 1171 gratia
1377 1096 1463 1153 tanta
1491 1089 1630 1152 tribuere
1654 1109 1709 1154 vo-

156 1185 217 1246 dus
238 1193 297 1262 est,
314 1185 376 1247 nisi
397 1184 506 1248 lorsan
529 1185 562 1247 in
584 1204 720 1266 persona
740 1186 807 1248 oei.
824 1186 903 1260 Quid
961 1188 1041 1267 lens,
1065 1190 1120 1251 scd
1149 1190 1189 1251 ad
1217 1190 1272 1251 Dei
1301 1188 1503 1251 clementiam
1532 1196 1632 1251 totum
1661 1208 1709 1251 re-

156 1301 295 1365 numque
309 1291 375 1346 tam
389 1293 677 1365 praesumptuosum
693 1284 827 1347 luissetl
843 1283 903 1346 Sed
960 1287 1093 1367 ducens,
1110 1287 1258 1368 Respexit
1271 1286 1342 1366 (ait)
1358 1286 1568 1349 humilitatem
1583 1286 1708 1349 ancillae

156 1380 224 1442 zelo
245 1398 399 1442 accensus
420 1380 578 1461 equitatis
598 1381 727 1461 divinae,
744 1381 905 1444 firmatus
961 1404 1046 1463 suae3
1072 1393 1223 1466 tanquam
1251 1384 1389 1447 fateatur
1415 1408 1422 1446 ε
1449 1384 1499 1446 Nil
1527 1384 1560 1446 in
1589 1404 1640 1447 me
1668 1384 1707 1447 ad

156 1495 219 1557 que
235 1476 904 1559 inheo,liduciaatquesecretissimaillins
960 1491 1024 1544 tam
1050 1482 1186 1545 sublime
1212 1482 1396 1563 mysterium
1421 1483 1553 1563 dignum
1582 1483 1710 1545 merito-

157 1573 365 1655 inspiratione
388 1574 549 1650 inductus,
573 1576 769 1658 prainducta
787 1575 904 1638 allatus
961 1580 1084 1643 riumve
1104 1580 1264 1662 cognovit,
1282 1579 1343 1642 nisi
1366 1580 1449 1662 quod
1472 1600 1522 1642 me
1544 1580 1708 1661 indignam

158 1682 216 1735 est.
243 1672 308 1735 lloc
336 1673 431 1736 modo
458 1673 550 1756 plnra
577 1676 616 1737 de
645 1675 708 1737 Deo
736 1683 845 1737 sancto
874 1683 905 1737 ct
960 1686 992 1739 et
1015 1678 1182 1739 minimam
1208 1678 1294 1753 novi,
1312 1686 1406 1759 atque
1425 1678 1463 1739 ad
1485 1677 1707 1759 hujuscemodi

158 1789 234 1833 vero
258 1770 377 1852 scripta
401 1781 485 1850 sunt,
506 1780 541 1835 nt
565 1780 614 1835 est
636 1772 714 1835 illud
734 1773 903 1850 Geneseos,
960 1794 1112 1837 arcanum
1141 1776 1174 1837 in
1204 1776 1368 1839 inlinitum
1404 1776 1585 1839 inidoneum
1615 1776 1705 1839 scivi.

138 1868 273 1938 ¹Tactus
294 1868 403 1931 dolore
425 1869 529 1932 cordis
550 1869 743 1932 intrinsecus
760 1894 767 1933 :
784 1871 838 1951 qui
860 1878 905 1931 ta·
921 1868 944 1929 B
959 1872 1141 1951 Enimvero,
1173 1874 1200 1935 si
1228 1874 1369 1951 dixisset,
1394 1873 1547 1948 Quoniam
1577 1874 1708 1955 virgini-

157 1984 232 2028 mcn
253 1986 365 2048 puram
387 1986 514 2049 semper
532 1967 757 2050 infinitamque
776 1969 906 2032 sortitur
959 1979 1055 2034 tatem
1085 1972 1289 2034 caritatemve
1316 1972 1440 2034 ancillae
1468 1990 1532 2034 sua
1557 1973 1705 2054 respexit,

158 2063 325 2139 latitiam3
353 2072 386 2127 et
415 2064 493 2127 illud
526 2084 652 2147 qnoque
683 2065 806 2128 Nahum
835 2085 908 2148 pro·
960 2069 1179 2148 videretur(ni
1205 2069 1431 2149 lallor)meriti
1456 2069 1517 2131 sibi
1543 2070 1706 2151 quidpiam

158 2162 274 2242 phetae,
298 2161 450 2223 Dominus
474 2161 634 2224 ulciscens
659 2163 833 2225 athahans
857 2161 907 2225 lu·
961 2169 994 2230 in
1019 2169 1073 2231 Dei
1101 2168 1318 2231 incarnatione
1347 2168 1493 2231 donasse.
1522 2168 1652 2251 Nempe,
1681 2168 1707 2229 si

159 2279 264 2322 rorem
278 2281 286 2321 ε
299 2257 354 2339 qui
370 2258 479 2340 utiquc
492 2260 684 2323 eternaliter
698 2260 907 2343 imperturba·
961 2266 1176 2347 virginitatem
1201 2266 1386 2343 induxisset,
1415 2286 1471 2348 per
1496 2266 1601 2328 carnis
1625 2267 1709 2347 puri-

157 2356 233 2418 bilis
249 2356 582 2438 incommutabilisque
604 2366 795 2439 perseverat.
812 2359 906 2422 Porro
961 2373 1058 2427 tatem
1084 2365 1261 2445 mentisque
1289 2365 1508 2428 castimoniam
1533 2384 1567 2427 se
1595 2365 1709 2427 divina

156 2455 299 2517 inllaria
312 2455 372 2517 boc
387 2454 670 2537 incomparabilem
685 2457 905 2519 excellentiam
961 2462 1071 2526 unioni
1098 2462 1369 2544 proportionatam
1396 2470 1567 2544 utcumque
1589 2464 1710 2525 insinu-

155 2552 273 2631 allicit,
294 2552 378 2633 qnod
402 2553 431 2614 ei
458 2553 540 2615 Deus
564 2573 658 2615 verus
677 2563 709 2616 at
728 2555 906 2617 adorandus
962 2580 1033 2622 asse
1055 2560 1226 2622 videretur.

155 2649 304 2714 filialiter
330 2650 483 2713 obediens
510 2650 582 2713 luit.
613 2652 722 2715 Denuo
754 2662 786 2715 et
820 2672 906 2715 nnnc
1002 2658 1056 2719 Est
1070 2676 1164 2739 porro
1179 2657 1356 2736 humilitas,
1373 2678 1467 2720 verus
1487 2676 1524 2721 ac
1543 2658 1708 2721 ordinatus

157 2749 255 2809 etiam
270 2747 368 2809 Filius
384 2768 454 2810 cam
470 2749 640 2827 honorans,
657 2750 738 2811 nihil
754 2751 782 2813 ei
799 2759 903 2831 negat.
961 2756 1010 2816 sui
1039 2764 1250 2837 contemptus.
1280 2756 1405 2819 Etenim
1433 2757 1478 2819 nti
1508 2756 1539 2818 in
1570 2766 1710 2820 contem·

156 2845 288 2908 lnterim
310 2864 386 2909 vero
409 2865 559 2928 magnum
581 2848 622 2910 sit
636 2847 729 2911 losua
750 2848 820 2911 lilio
834 2849 904 2911 Nun
960 2852 1100 2935 platione
1124 2854 1250 2933 caritas,
1273 2854 1318 2917 sio
1342 2855 1374 2916 in
1396 2856 1528 2918 veritate
1550 2856 1711 2918 radicatur

155 2944 242 3022 qnod
257 2942 397 3006 famulus
412 2945 484 3026 ejus
498 2945 660 3026 consistat,
677 2964 747 3027 qua
761 2948 905 3009 omnium
960 2951 1133 3015 humilitas.
1159 2952 1288 3015 Constat
1315 2961 1418 3015 autem
1445 2954 1594 3035 quoniam
1620 2954 1711 3036 quid-

155 3042 268 3122 utique
292 3042 514 3124 Apostolorum
542 3052 575 3105 et
598 3042 823 3125 Prophetarum
848 3045 906 3107 llo
922 3050 944 3113 C
960 3050 1037 3130 quid
1061 3050 1094 3112 in
1119 3050 1212 3113 nobis
1238 3052 1310 3113 honi
1331 3060 1389 3129 est,
1412 3070 1430 3113 a
1451 3052 1514 3115 Deo
1537 3052 1708 3132 sortimnr;

155 3139 244 3201 mina
265 3159 284 3202 a
305 3141 368 3203 Deo
391 3141 471 3204 Filio
492 3140 665 3204 constituta
685 3150 744 3205 est.
960 3149 1045 3229 qnod
1062 3168 1136 3211 vero
1152 3148 1272 3212 malum
1287 3157 1345 3226 est,
1362 3169 1400 3212 ex
1419 3150 1511 3213 nobis
1527 3158 1584 3213 est.
1602 3150 1709 3233 ltaque

960 3245 1113 3326 bipartita
1132 3245 1179 3324 (ni
1201 3245 1307 3324 fallor)
1328 3246 1449 3308 exsistit
1470 3247 1654 3323 hnmilitas;
1678 3256 1709 3311 et

961 3362 1025 3405 una
1043 3343 1171 3423 quidem
1198 3352 1379 3407 sanctornm
1404 3345 1625 3428 justorumque
1649 3354 1706 3424 est,

349 3395 594 3460 ARTICULUS
618 3396 710 3459 XXI'
961 3450 1164 3523 peccatorum
1185 3462 1260 3505 vero
1279 3444 1386 3505 altera.
1408 3444 1576 3507 Humilitas
1595 3464 1709 3526 nempe

250 3550 300 3609 De
321 3548 510 3607 humilitate
532 3566 659 3624 mapncc
681 3549 812 3609 illaria.
961 3560 999 3602 ex
1027 3538 1147 3621 duplici
1175 3539 1253 3602 oriri
1285 3541 1370 3603 valet
1397 3541 1568 3624 principio,
1598 3551 1711 3623 utputa

962 3657 1000 3699 ex
1020 3637 1149 3719 propria
1167 3637 1420 3719 defectibilitate,
1440 3648 1472 3701 et
1491 3640 1630 3721 ipsarum
1653 3660 1710 3703 no

138 3781 144 3792 .
235 3735 310 3795 [ΗΑ
345 3736 488 3808 respexit
522 3734 741 3794 humilitatem
777 3738 907 3794 ancillae
962 3744 1097 3796 strarum
1123 3733 1377 3797 consideratione
1398 3735 1576 3817 culparum.
1601 3737 1709 3800 Denuo

244 3852 323 3892 auoe.
340 3830 401 3892 Cur
414 3848 491 3909 non,
507 3849 526 3894 o
541 3830 684 3909 Domina,
702 3833 827 3895 cunctis
847 3833 907 3894 nti·
960 3850 1088 3912 quoque
1103 3851 1141 3894 ex
1162 3831 1279 3894 divinas
1300 3832 1568 3914 contemplatione
1583 3852 1710 3915 compa-

157 3948 220 4009 que
235 3928 408 3991 virtutibus
422 3928 605 4010 splendens,
621 3930 716 4011 plena
731 3938 825 4011 atque
841 3950 907 4011 per·
962 3930 1149 4010 rationeque
1163 3929 1352 4009 altitudinis,
1366 3930 1530 3994 humilitas
1545 3933 1615 4013 ipsa
1629 3952 1710 3995 ema-

157 4026 253 4103 lecta‚
270 4026 487 4109 virginitatem
509 4035 563 4089 aut
584 4036 670 4089 certe
686 4028 849 4091 caritatem
872 4029 905 4090 in
962 4036 1025 4089 nat.
1042 4028 1162 4108 ltaque,
1179 4028 1329 4109 quoniam
1352 4028 1386 4089 in
1409 4029 1540 4092 veritate
1560 4030 1711 4093 lundalur

158 4133 189 4186 te
217 4125 318 4187 Deum
343 4125 519 4207 respexisse
546 4124 631 4187 fassa
659 4146 704 4205 es,
731 4126 905 4208 prasertim
961 4126 1137 4206 hnmilitaS,
1151 4126 1302 4207 omnique
1319 4145 1446 4209 prorsus
1461 4129 1555 4211 culpa
1569 4129 1710 4192 Christus

157 4240 258 4303 quum
283 4241 341 4303 per
364 4221 592 4303 virginitatem,
616 4223 796 4285 Divinitatis
820 4224 906 4305 puri·
922 4226 946 4287 l)
962 4224 1115 4287 Dominus
1143 4224 1285 4306 itemque
1312 4225 1408 4288 llaria
1436 4236 1616 4304 caruerunt,
1644 4228 1711 4291 elu-

157 4320 214 4381 tati
230 4320 335 4401 aptior
347 4320 486 4383 videaris
507 4320 617 4396 luisse,
633 4328 665 4383 et
686 4320 756 4403 ipsa
776 4322 905 4383 demum
962 4323 1060 4385 cescit
1084 4342 1148 4387 non
1177 4324 1265 4385 illam
1294 4323 1341 4386 eis
1362 4324 1497 4387 inluisse
1522 4326 1710 4389 humilitatis

159 4418 275 4479 caritas
309 4417 551 4499 praeclarissima
585 4418 627 4480 sit
661 4419 773 4500 virtus,
802 4420 906 4501 sitque
962 4421 1111 4483 virtutem
1127 4441 1189 4503 qua
1204 4440 1237 4483 se
1253 4422 1413 4503 quispiam
1429 4433 1627 4505 peccatorem
1644 4425 1710 4488 cnl-

158 4515 260 4597 ipsius
282 4516 468 4597 proprietas,
490 4524 650 4579 amantem
670 4516 761 4580 unire
780 4521 905 4581 amatol
961 4518 1074 4600 pisque
1090 4518 1207 4581 latetur
1227 4520 1411 4598 obnoxium,
1429 4522 1484 4583 sed
1505 4522 1592 4585 illam
1609 4525 1709 4606 magis

156 4613 278 4694 ltaque,
294 4633 352 4676 cur
366 4614 492 4676 coelitus
508 4614 540 4676 in
563 4624 592 4677 te
607 4634 677 4677 esse
692 4615 905 4678 bumilitatem
960 4635 1031 4697 quaa
1045 4617 1120 4679 binc
1134 4616 1451 4698 proficiscitur,quod
1468 4639 1501 4681 sc
1513 4621 1608 4683 homo
1623 4641 1661 4683 cx
1676 4642 1709 4684 se

157 4719 373 4793 conspectam,
386 4730 405 4774 o
419 4712 665 4794 sapientissima,
679 4714 842 4777 cecinistit
858 4716 906 4777 ni·
961 4715 1006 4776 nil
1021 4734 1092 4777 esse
1107 4715 1217 4795 nilque
1239 4734 1343 4796 posse,
1360 4725 1454 4797 atque
1470 4718 1502 4779 in
1518 4718 1610 4781 bonis
1633 4738 1710 4781 cun-

156 4809 292 4891 siquod
315 4810 546 4873 lncarnationis
572 4812 758 4893 mysterium
784 4813 816 4875 in
841 4833 906 4876 me·
961 4812 1022 4875 ctis
1036 4813 1275 4894 quomodolibet
1290 4833 1308 4876 a
1322 4815 1384 4877 Deo
1400 4815 1707 4898 cernitdependere;

155 4908 209 4971 dio
224 4906 307 4969 sacri
323 4908 368 4969 tui
383 4908 504 4970 ventris
519 4908 724 4987 celebratum,
742 4910 905 4975 immensae
962 4930 1134 4993 rursusque
1156 4911 1237 4974 hanc
1260 4931 1329 4992 qnae
1351 4932 1388 4974 ex
1411 4912 1528 4977 divina
1547 4916 1710 4978 celsitudi-

155 5014 222 5067 erat
251 5004 464 5069 miserationis
491 5025 529 5068 ac
558 5026 654 5069 mera
681 5025 761 5089 opus
796 5010 906 5091 digna·
960 5010 1011 5070 nis
1033 5009 1251 5091 speculatione
1274 5009 1426 5091 procedit.

156 5102 263 5179 tionis,
280 5101 326 5163 nil
349 5103 459 5183 utique
483 5103 588 5165 meriti
614 5104 648 5165 in
671 5105 764 5167 nobis
783 5106 904 5168 habens
999 5106 1172 5170 lnnotescit
1193 5109 1311 5188 itaque,
1328 5108 1354 5169 si
1375 5109 1434 5171 rite
1456 5109 1610 5191 intelligo,
1631 5130 1709 5193 qno-

156 5200 217 5262 sibi
243 5201 505 5282 correspondens,
533 5202 589 5264 sed
614 5221 652 5263 cx
681 5204 746 5266 sola
771 5204 825 5266 Dei
850 5205 905 5267 bo
960 5206 1046 5267 niam
1069 5224 1132 5287 qno
1154 5206 1248 5287 Virgo
1272 5206 1396 5269 excelsa
1418 5226 1451 5269 se
1474 5210 1649 5271 secundum
1674 5211 1706 5273 id

156 5298 256 5361 nitate
283 5307 315 5362 et
342 5299 417 5363 item
447 5298 641 5383 anticipante
669 5302 800 5365 caritate
832 5322 904 5384 pro-
958 5305 1096 5387 qnodex
1111 5324 1145 5367 se
1164 5313 1389 5387 erat,esseque
1404 5305 1467 5369 Deo
1487 5326 1521 5371 se
1540 5308 1705 5375 deserente
