4309 6259
457 461 514 525 teu
797 476 837 523 nn
858 474 946 522 nouis
968 474 1101 521 seranus
1123 472 1241 533 sineri,
1264 474 1481 522 mammosa
1504 496 1544 505 —
1565 479 1634 527 aar.
1657 480 1680 527 u

459 648 551 710 turis.
568 646 722 729 Denique,
739 646 822 709 sicut
843 645 925 709 actio
947 643 1119 709 voluntatis
1134 644 1245 726 prod
1262 644 1369 726 digna,
1386 645 1609 730 interiorisque
1630 650 1789 732 appetitus
1803 652 1934 717 affectio
1955 673 2004 717 ca·

461 745 546 808 cadit
574 764 611 809 ex
639 746 756 828 praevia
784 745 909 808 actione
938 743 1118 805 intellectus
1145 742 1204 823 (nil
1262 740 1387 803 ritativa
1410 761 1446 805 ac
1470 742 1603 826 limpida
1628 769 1635 807 ι
1661 747 1725 809 imo
1753 749 1885 813 omnino
1908 750 2003 831 pluri-

459 843 545 905 enim
561 844 707 907 volumus
729 862 831 926 neque
853 840 1031 925 appetimus
1050 840 1113 902 nisi
1128 859 1206 922 prae
1261 857 1348 900 mnm
1376 838 1477 904 obest.
1507 842 1617 905 llclins
1644 844 1730 907 enim
1763 853 1813 908 est
1840 847 2001 909 veritatem
2016 873 2079 916 uae
2095 889 2109 924 l,

459 942 634 1023 cognitum,
659 942 833 1005 secundum
857 940 1081 1021 Augustinnm,
1106 958 1205 1020 quum
1261 938 1396 1015 nescire,
1410 957 1505 1019 quam
1521 939 1602 1002 scire
1616 947 1648 1002 ot
1662 962 1822 1024 spamam.
1838 944 1905 1019 Quo
1919 946 2003 1027 equi·
2016 938 2043 977 ³¹¹

457 1038 620 1120 objectum
636 1038 807 1102 voluntatis
829 1038 870 1099 sit
892 1038 1010 1101 bonum
1033 1055 1091 1118 per
1112 1035 1206 1099 ratio
1260 1034 1333 1097 dem
1347 1035 1443 1098 bomo
1454 1037 1531 1116 quid
1542 1040 1699 1120 agendum
1712 1040 1753 1103 sit
1763 1041 1879 1104 melius
1889 1045 2002 1123 noscit,

458 1158 531 1201 nem
571 1138 817 1221 apprehensum,
855 1136 1030 1198 secundum
1063 1133 1205 1197 Philoso
1261 1149 1298 1194 eo
1326 1133 1464 1214 graviori
1494 1135 1688 1200 damnationi
1716 1158 1750 1201 se
1782 1140 1913 1222 obligat,
1944 1142 2002 1204 nisi

457 1226 581 1319 pbum)‚
608 1236 654 1299 sic
683 1236 788 1298 omnis
816 1234 897 1297 actio
927 1232 1107 1295 intellectus
1135 1231 1205 1293 sine
1259 1230 1349 1311 juxta
1363 1231 1503 1295 scientiae
1517 1233 1707 1315 exigentiam
1721 1236 1755 1298 in
1775 1238 1943 1301 sanctitate
1963 1248 2004 1301 at·

457 1334 663 1414 adjunctione
678 1333 813 1397 actionis
828 1331 1000 1395 voluntatis
1017 1328 1205 1412 imperfecta
1261 1348 1322 1410 que
1336 1329 1461 1411 justitia
1474 1333 1753 1413 proportionaliter
1766 1336 1865 1399 vivat.

457 1440 618 1513 astatque
641 1431 774 1494 inutilis.
797 1430 874 1493 Nam
897 1436 928 1492 et
950 1428 1043 1507 lidos,
1064 1447 1134 1508 quae
1158 1427 1205 1488 in-
1300 1427 1451 1491 Praeterea
1466 1428 1610 1495 triforme
1625 1440 1674 1493 est
1685 1451 1787 1513 genus
1798 1434 2003 1515 studentium,

457 1532 618 1594 tellectum
640 1528 815 1607 concernit,
832 1528 901 1590 sina
923 1527 1151 1607 caritateque
1171 1526 1204 1587 in
1260 1526 1373 1588 tamin
1395 1527 1541 1589 claustris
1563 1548 1659 1609 qnam
1674 1530 1707 1593 in
1729 1531 1857 1596 scholis.
1875 1533 2004 1607 Quidam

457 1630 619 1693 voluntate
648 1628 805 1705 oonsistit‚
832 1625 979 1689 inlormis
1003 1633 1061 1688 est.
1088 1624 1148 1685 Sed
1173 1632 1205 1686 ot
1260 1624 1347 1686 enim
1362 1625 1491 1687 student
1511 1627 1614 1690 solum
1635 1635 1671 1691 ut
1692 1628 1806 1709 sciant,
1822 1631 1953 1712 quidam
1973 1640 2005 1694 ut

457 1728 591 1791 seientia
606 1727 674 1789 sine
689 1726 773 1790 bona
794 1734 826 1788 et
847 1732 932 1788 recta
955 1723 1117 1787 voluntate
1139 1741 1203 1785 non
1260 1721 1393 1784 virtuosi
1409 1722 1501 1801 liant,
1518 1725 1648 1805 qnidam
1664 1734 1699 1787 nt
1712 1727 1746 1788 in
1761 1736 1896 1812 utroque
1911 1730 2003 1792 simul

457 1828 559 1890 solum
584 1846 648 1890 non
673 1825 811 1908 prodest,
833 1825 888 1887 sed
913 1824 1044 1905 insuper
1062 1821 1153 1885 obest
1172 1829 1204 1883 et
1221 1822 1244 1883 B
1261 1818 1442 1901 proficiant.
1464 1822 1500 1883 lli
1523 1841 1599 1904 ergo
1620 1824 1672 1905 qui
1695 1826 1738 1889 ob
1762 1827 1823 1889 boc
1847 1828 2003 1911 praecipue

457 1925 559 1988 inflat.
581 1926 680 2006 Hujus
700 1931 805 1986 autem
826 1922 905 1986 ratio
925 1920 1079 2001 assignari
1101 1927 1205 2001 potest
1260 1916 1377 1995 studio,
1393 1918 1521 1982 lectioni
1544 1919 1815 2004 disputationique
1837 1934 1953 1987 vacant
1972 1935 2005 1989 ut

457 2024 662 2087 conveniens.
672 2023 794 2084 Vanum
809 2030 858 2084 est
872 2038 1008 2099 namque
1024 2018 1093 2081 sire
1109 2018 1204 2080 inane
1260 2015 1373 2093 sciant,
1399 2015 1510 2079 inanes
1538 2026 1569 2081 et
1597 2020 1683 2082 stulti
1708 2030 1792 2084 sunt.
1818 2021 1898 2085 Nam
1921 2025 2003 2087 circa

456 2125 540 2203 quod
565 2123 604 2184 ad
627 2128 853 2203 congruentem
878 2138 914 2181 ac
939 2116 1081 2179 debitum
1103 2116 1204 2178 linem
1260 2112 1450 2177 subtilitates
1469 2135 1506 2177 ac
1525 2115 1731 2182 difficultates
1751 2120 1880 2202 ingenia
1901 2131 2004 2187 conte-

457 2221 586 2284 babenti
603 2239 666 2284 uon
682 2218 831 2302 prolicit;
848 2216 999 2279 nocivum
1015 2232 1103 2292 vero,
1119 2214 1203 2295 quod
1261 2219 1345 2290 runt,
1353 2232 1412 2274 nec
1429 2232 1543 2276 vanam
1558 2216 1693 2297 gloriam
1707 2220 1864 2282 veraciter
1877 2222 2001 2285 odiunt:

456 2320 496 2383 ad
520 2338 648 2401 eaquae
673 2317 780 2381 debito
808 2315 866 2376 lini
896 2314 1129 2378 contrariantur
1157 2313 1205 2376 in·
1261 2308 1326 2373 imo
1339 2310 1371 2372 in
1387 2312 1474 2373 vitiis
1490 2323 1706 2395 perseverant,
1724 2315 1875 2399 lrigidnm
1890 2320 2004 2383 habent

457 2418 555 2481 ducit.
585 2415 693 2479 Omnis
727 2432 820 2497 porro
854 2421 957 2477 creata
985 2412 1134 2491 essentia,
1163 2411 1204 2474 ab
1260 2408 1412 2472 allectum
1432 2432 1451 2474 a
1472 2411 1573 2473 divini
1593 2415 1710 2477 amoris
1731 2416 1848 2495 calore,
1863 2436 2004 2501 opusque

457 2515 667 2601 omnipotenti
683 2514 881 2598 sapientique
896 2514 958 2576 Deo
974 2512 1012 2575 ad
1028 2520 1150 2574 certum
1166 2532 1202 2575 ac
1260 2507 1315 2568 Dei
1340 2508 1539 2590 negligenter
1563 2512 1760 2595 persolvunt,
1785 2525 1952 2579 manentes
1974 2518 2004 2579 in

456 2634 632 2697 congruum
648 2614 747 2675 finem
763 2612 906 2675 ordinata
918 2619 1069 2694 astatque
1085 2619 1200 2674 creata.
1261 2606 1309 2667 sui
1325 2607 1426 2690 ipsius
1441 2608 1621 2673 inordinato
1639 2630 1758 2675 amore.
1774 2613 1833 2688 Qui
1852 2634 1930 2679 vero
1944 2624 2006 2679 stu-

368 2752 409 2781 m
455 2714 535 2777 ilinc
560 2731 695 2794 namque
717 2718 845 2773 sanctus
868 2710 926 2774 Job
948 2734 954 2772 :
975 2709 1200 2771 Universorum
1260 2704 1349 2767 dium
1372 2725 1465 2767 suum
1489 2707 1528 2769 ad
1553 2708 1731 2790 proiectum
1752 2710 1908 2775 virtutum
1931 2723 2005 2777 tota-

455 2812 584 2894 (inquit)
607 2810 706 2872 linem
731 2810 800 2892 ipse
824 2808 1013 2885 considerat,
1039 2814 1071 2870 et
1094 2806 1202 2869 omnia
1261 2804 1333 2866 liter
1346 2804 1505 2885 ordinant,
1522 2807 1594 2869 illos
1608 2808 1769 2872 dumtaxat
1784 2810 1883 2874 libros
1904 2812 2004 2895 legere

454 2930 524 2992 quae
553 2910 611 2972 sub
639 2909 721 2972 coelo
750 2916 824 2971 srmt
852 2906 991 2990 respicit.
1019 2906 1065 2967 Ad
1090 2905 1203 2987 hujus·
1259 2902 1409 2983 gaudent,
1431 2904 1486 2985 qui
1508 2905 1691 2969 interiorem
1714 2907 1868 2971 allectum
1892 2910 2004 2975 lortius

454 3008 578 3073 cemodi
594 3016 699 3071 autem
715 3006 815 3069 linem
831 3025 880 3067 res
895 3012 1000 3067 creata
1021 3003 1201 3087 pertingere
1222 2997 1408 3079 concitant,
1426 3001 1459 3063 in
1481 3003 1596 3084 quibus
1616 3007 1761 3088 proprios
1779 3006 1926 3073 deiectus
1945 3009 2005 3073 cla·
2119 2963 2121 3106 Ι

453 3105 565 3187 nequit
579 3104 641 3166 nisi
654 3123 711 3186 per
722 3102 882 3187 propriam
895 3100 1202 3182 convenientemque
1260 3098 1325 3160 rius
1340 3099 1469 3162 discunt
1483 3119 1686 3182 cognoscere,
1704 3112 1735 3167 et
1753 3106 1891 3187 qualiter
1910 3108 2005 3190 proli-

453 3202 681 3286 operationem.
707 3201 809 3276 Quum
834 3217 909 3280 ergo
933 3198 1009 3261 linis
1038 3199 1079 3260 sit
1107 3218 1203 3281 appe·
1259 3196 1408 3260 ciendum
1433 3198 1476 3260 sit
1496 3202 1754 3289 compendiosius
1775 3213 1900 3285 queunt
1921 3207 2006 3269 addi·

454 3301 531 3363 titus
555 3299 728 3381 objectum,
755 3297 915 3360 beatitudo
944 3315 1031 3373 vero,
1057 3316 1127 3377 quae
1155 3305 1203 3359 est
1259 3314 1357 3357 scere.
1383 3297 1445 3359 llos
1470 3297 1613 3380 prolecto
1642 3301 1896 3383 sapientissimos
1926 3306 2006 3368 arbi-
2118 3307 2119 3328 ¹

453 3398 718 3461 intellectualium
751 3404 966 3458 creaturarum
995 3394 1085 3473 linis,
1114 3394 1202 3475 obje
1258 3400 1383 3456 tremet
1411 3395 1499 3457 omni
1527 3396 1620 3459 laude
1648 3398 1865 3480 dignissimos.
1897 3403 2005 3467 llelior

454 3506 540 3561 ctum
564 3496 606 3559 sit
628 3493 811 3573 voluntatiS,
832 3493 984 3557 elucescit
1005 3492 1089 3574 quod
1113 3492 1202 3555 nulla
1257 3491 1375 3574 qnippe
1402 3501 1452 3555 est
1479 3512 1577 3575 parva
1604 3496 1740 3559 scientia
1766 3517 1840 3561 cum
1864 3500 2004 3564 virtuosa

452 3595 595 3679 operatio
623 3591 869 3657 intellectualem
895 3600 1039 3653 naturam
1067 3609 1202 3672 operan-
1256 3590 1333 3668 vita,
1368 3610 1463 3674 quam
1499 3592 1563 3654 vita
1599 3592 1731 3676 indigna
1766 3615 1840 3659 curn
1875 3600 2004 3682 copiosa

452 3702 516 3757 tem
531 3695 570 3756 ad
585 3691 705 3775 proprii
718 3691 795 3753 linis
810 3689 1011 3771 adeptionem
1027 3690 1200 3771 perducere
1256 3688 1401 3766 scientia,
1423 3688 1511 3768 juxta
1532 3688 1611 3752 illud
1632 3690 1846 3758 Ecclesiastici
1871 3698 2004 3761 :llelior
2025 3681 2118 3794 reniti

452 3792 548 3871 valet,
573 3790 637 3852 nisi
665 3789 747 3852 actio
775 3787 947 3854 voluntatis
976 3787 1026 3849 vel
1051 3786 1107 3848 illa
1129 3806 1199 3868 quaa
1256 3793 1304 3848 est
1316 3785 1412 3850 bomo
1427 3786 1481 3867 qui
1503 3787 1659 3851 minuitur
1673 3791 1881 3874 sapientiaet
1892 3796 2003 3859 ambu-
2014 3786 2043 3827 '¹‘

452 3889 570 3953 actioni
599 3888 771 3951 voluntatis
800 3884 1019 3949 committitur.
1045 3884 1109 3946 Neo
1134 3884 1200 3946 sul·
1256 3881 1299 3945 lat
1313 3884 1346 3945 iu
1361 3884 1474 3947 timore
1488 3884 1555 3963 Dei,
1572 3904 1667 3967 quam
1682 3890 1737 3970 qui
1752 3891 1893 3955 abundat
1908 3914 2003 3957 sensu
2115 3879 2117 4024 q

451 3986 523 4050 licit
537 3986 686 4067 quelibet
697 3983 779 4047 actio
792 3983 858 4045 sive
870 3982 1000 4045 allectio
1012 3981 1197 4060 voluntatis,
1255 3990 1286 4045 et
1297 3982 1527 4065 transgreditur
1538 3984 1641 4066 legem
1650 3987 1882 4064 ditissimi.Qui
1897 4000 2002 4055 autem
2114 4053 2115 4056 ,

453 4087 507 4150 sad
524 4094 610 4149 recta
632 4084 808 4165 rationique
831 4100 981 4161 consona,
997 4101 1067 4163 quae
1089 4100 1199 4165 opera-
1255 4080 1373 4144 idcirco
1387 4081 1492 4144 studio
1512 4092 1628 4146 vacant
1648 4093 1682 4146 ut
1704 4086 1737 4147 in
1756 4087 1890 4151 scicntia
1909 4099 2001 4172 atque

453 4184 573 4247 tionem
588 4202 644 4245 seu
666 4181 882 4263 cognitionem
898 4179 1077 4242 intellectus
1100 4180 1199 4243 inlor-
1213 4176 1239 4238 D
1254 4179 1423 4243 virtutibus
1444 4180 1563 4263 pariter
1583 4192 1738 4265 crescant,
1760 4185 1905 4250 utiliores
1930 4197 2003 4252 sunt
2114 4169 2116 4252 i

453 4290 517 4345 met
532 4289 625 4364 atque
640 4279 797 4364 perficiat.
1254 4278 1341 4356 aliis,
1358 4286 1389 4339 et
1403 4278 1429 4339 si
1446 4279 1631 4360 ampliorem
1646 4291 1797 4345 conatum
1812 4284 2003 4367 impendunt
2113 4293 2114 4350 l

492 4380 604 4462 Liquet
628 4396 703 4461 ergo
726 4396 820 4460 quam
846 4395 963 4439 vanum
988 4375 1029 4437 sit
1057 4376 1198 4437 studium
1254 4376 1424 4440 virtutibus
1447 4376 1660 4458 adipiscendis
1688 4399 1785 4461 quam
1813 4383 2002 4448 veritatibus
2113 4355 2115 4482 i

453 4479 566 4543 horum
581 4478 634 4560 qni
651 4477 684 4539 in
706 4475 848 4539 scientiis
863 4474 914 4538 die
936 4494 972 4537 nc
989 4482 1081 4537 nocte
1100 4474 1199 4556 proli-
1254 4473 1495 4554 cognoscendis,
1512 4475 1736 4541 laudabiliores
1758 4478 1912 4544 ridentur
1926 4502 2002 4565 prue-

453 4598 524 4642 cere
539 4576 683 4660 cupiunt,
695 4574 898 4658 disputanda,
915 4573 1060 4654 legende,
1076 4572 1198 4636 dictan-
1254 4572 1347 4635 dictis
1369 4592 1405 4635 ac
1427 4573 1529 4655 magis
1550 4573 1662 4637 divini.
1685 4575 1771 4640 Unde
1793 4577 1841 4640 illi
1863 4580 1928 4642 viri
1948 4581 2000 4663 qni

452 4680 505 4755 do,
522 4684 575 4739 ant
597 4674 694 4737 simili
716 4674 823 4752 modo,
839 4672 893 4735 sed
918 4672 950 4734 in
972 4670 1197 4735 reformatione
1254 4678 1317 4732 tam
1333 4669 1366 4732 in
1381 4670 1586 4734 scientiarum
1608 4673 1776 4754 splendore
1791 4694 1886 4757 quam
1907 4679 1942 4741 in
1957 4680 2001 4741 di-

452 4775 622 4859 appctitns,
639 4774 672 4834 in
686 4772 859 4835 voluntatis
873 4778 996 4848 ornatu,
1009 4769 1041 4830 in
1057 4770 1199 4853 adeptio
1253 4768 1320 4830 vini
1335 4768 1452 4831 amoris
1466 4768 1592 4832 fervore
1611 4771 1818 4836 excellentius
1838 4777 2002 4858 praelulse-

451 4894 492 4937 ne
507 4873 661 4935 virtutum
684 4870 901 4951 religiosaque
917 4867 1000 4946 vitae,
1017 4867 1066 4929 vel
1090 4867 1197 4931 minus
1254 4874 1338 4945 runt,
1351 4867 1525 4949 praesertim
1540 4868 1741 4950 appellantur
1754 4871 1857 4935 divini
1870 4896 1877 4935 :
1891 4893 2002 4956 quena-

453 4972 503 5035 vel
518 4989 630 5053 parum
650 4969 701 5032 vel
715 4966 797 5029 nihil
819 4964 977 5047 prolicere
992 4967 1129 5029 student.
1146 4966 1196 5029 Nil
1253 4966 1423 5029 admodum
1438 4966 1568 5048 Moyses,
1581 4967 1691 5047 David,
1707 4969 1834 5051 Paulus,
1850 4972 1998 5051 loannes,

452 5072 559 5152 itaque
583 5068 712 5151 prodest
734 5065 768 5126 in
792 5063 935 5126 scientiis
960 5083 1103 5127 crescere
1127 5065 1197 5128 sine
1253 5064 1430 5147 Dionysius.
1447 5063 1512 5127 iloc
1531 5073 1637 5128 autem
1657 5067 1797 5131 studium
1816 5071 2000 5136 doctoribus

452 5171 649 5235 incremento
672 5162 812 5227 caritatis
835 5162 962 5225 divinae.
987 5162 1049 5225 Nec
1066 5162 1199 5226 -ooniert
1253 5173 1346 5245 atque
1368 5162 1547 5246 pastoribus
1569 5183 1624 5227 seu
1646 5166 1797 5247 praelatis,
1819 5178 1853 5231 et
1871 5170 1926 5233 bis
1947 5171 2000 5253 qui

452 5267 595 5335 veritatis
619 5263 772 5348 cognitio,
798 5262 860 5324 nisi
888 5262 971 5325 adsit
997 5262 1196 5326 conversatio
1253 5262 1286 5324 in
1314 5260 1483 5324 Ordinibus
1510 5262 1760 5327 mendicantium
1789 5274 1873 5348 sunt,
1905 5268 2002 5351 potis
