4309 6259
602 516 758 563 ΕΧΡΟΒΙΤΙΟ
780 514 878 561 titum
901 514 908 559 :
932 514 1020 571 ottus
1042 514 1182 561 GREATOR
1201 515 1320 562 θΙΝΙΙΙΙ

1679 492 1738 559 tttt

182 686 346 750 universis
375 686 540 751 bencl'iciis
571 688 643 767 tuis,
673 686 875 771 generalibus
904 694 934 748 et
950 686 974 747 A
991 703 1064 749 mcx
1078 685 1172 749 ardor
1184 684 1321 747 allectus
1335 692 1367 748 et
1381 684 1413 745 in
1428 691 1563 765 utroque
1573 680 1734 758 stabilitas,

183 785 390 867 specialibus,
413 786 628 868 corporalibus
653 795 685 848 θῖ
708 784 934 867 spiritualibus,

184 884 363 965 praesertim
387 886 471 967 quod
496 884 586 949 nobis
612 894 675 947 tam
700 884 766 946 dire
791 902 827 945 ac
853 901 935 962 sepe

182 983 405 1065 peccantibus,
423 984 590 1065 pepercisti
608 984 783 1063 bucusque,
799 984 853 1041 die
860 983 935 1056 jam

178 1091 329 1157 peraeto,
345 1082 405 1145 hoc
426 1092 472 1146 est
491 1083 581 1163 quasi
602 1080 760 1163 completo
779 1088 811 1143 et
829 1080 935 1142 adves

183 1189 394 1261 perasccnte3
411 1191 441 1241 et
462 1180 556 1243 ctiam
577 1180 740 1257 solvimus,
757 1178 786 1241 id
803 1186 862 1253 est,
881 1177 935 1239 tibi

183 1278 389 1360 porrigimus,
403 1298 514 1355 preces
537 1281 615 1347 voti,
630 1278 689 1341 boc
710 1286 758 1341 est
776 1276 935 1339 orationes

182 1376 232 1456 pii
250 1376 395 1438 desiderii
416 1376 526 1453 nostri,
542 1396 579 1437 ex
599 1394 662 1457 quo
681 1376 838 1438 orationes
864 1374 937 1436 lun·

181 1474 306 1535 duntur
320 1493 356 1535 ec
372 1473 528 1552 criuntur,
544 1484 673 1543 exortu,
690 1473 720 1535 id
736 1472 830 1535 estin
846 1491 936 1536 exor-

182 1571 251 1645 dio,
278 1574 381 1631 noctis
407 1572 473 1653 J'am
502 1570 707 1649 imminentis,
733 1580 769 1631 ut
798 1572 936 1648 adjuves

185 1689 270 1738 reos,
286 1668 345 1731 hcc
361 1678 420 1748 θεῖ,
437 1679 592 1749 quatenus
608 1688 665 1732 nos
681 1677 863 1751 peccatores
879 1667 934 1729 tibi

183 1766 218 1827 in
254 1766 360 1829 multis
390 1768 544 1849 obligatus
574 1767 850 1849 multipliciterque
879 1766 935 1829 ob

183 1864 297 1927 noxios
315 1874 346 1928 ct
364 1865 489 1946 iniquos
510 1866 659 1949 adjuvare
679 1866 829 1947 digneris,
846 1866 933 1945 igne
950 1863 973 1926 B
991 1864 1069 1925 Hinc
1101 1882 1157 1945 per
1186 1861 1441 1925 Ecclesiasticum
1470 1879 1639 1923 monemur
1669 1882 1676 1921 ε
1702 1858 1740 1920 Εῖ
1766 1871 1840 1915 secu.

182 1964 305 2026 scendo
328 1971 360 2026 et
383 1971 492 2027 contra
521 1972 652 2028 cunctos
681 1972 795 2027 nostra
825 1964 934 2025 salutis

182 2057 383 2120 adversarios
407 2075 465 2120 nos
489 2058 605 2139 jugiter
629 2058 857 2131 confortand03
885 2056 935 2121 vel

182 2178 200 2213 a
224 2162 258 2217 ut
282 2156 414 2237 adjuves
439 2174 508 2219 reos
536 2157 596 2219 voti
627 2180 655 2232 a,
674 2157 704 2219 id
730 2166 777 2219 cst
800 2176 857 2219 nos
881 2156 936 2236 qut

183 2262 259 2317 vota
274 2272 344 2335 quac
360 2254 415 2316 tibi
431 2255 463 2315 in
482 2254 640 2336 Baptismo
659 2264 690 2317 et
711 2254 791 2317 sacri
812 2255 935 2318 Ordinis

184 2352 402 2433 assumptione
419 2372 475 2415 seu
491 2352 671 2415 monasticae
688 2353 848 2435 religionis
866 2372 936 2433 pro

184 2450 326 2512 sessione
363 2451 575 2532 promisimus,
608 2451 792 2533 frequenter
827 2471 935 2513 sumus

185 2550 385 2630 transgressi.

227 2647 347 2727 ltaque,
364 2648 446 2709 sicut
460 2648 520 2710 boc
536 2668 629 2711 versu
645 2659 821 2728 cantamus,
838 2648 882 2710 sic
903 2648 934 2709 in

186 2746 319 2807 veritate
335 2764 486 2808 conemur
501 2747 578 2827 grati
595 2748 767 2810 consistere
782 2755 935 2828 quantum

186 2843 343 2921 valemus,
361 2853 495 2925 protam
512 2844 795 2907 innumerabilibus
816 2844 936 2907 miseri-

187 2940 304 3003 cordiis
328 2950 360 3003 et
385 2941 548 3005 beneficiis
578 2944 648 3024 ejus
679 2944 874 3006 naturalibus
904 2952 935 3006 et

989 784 1078 865 juxta
1093 782 1170 845 illud
1185 782 1355 845 Psalmistaa
1373 806 1380 845 :
1396 782 1431 845 ln
1446 780 1649 845 meditatione
1667 798 1738 843 mea
1751 800 1885 853 esuum,

990 882 1172 943 exardescet
1186 880 1280 962 ignis.
1292 880 1365 944 ldeo
1379 900 1487 943 rursus
1502 900 1539 943 ac
1555 879 1739 960 frequenter
1752 867 1773 907 ⁴·

990 980 1032 1041 ait
1057 979 1211 1061 Propheta
1228 1002 1236 1040 ε
1253 978 1436 1042 Conlitebor
1459 978 1527 1055 tibi,
1544 977 1687 1057 Domine,
1704 976 1736 1037 in

991 1078 1164 1141 totocorde
1184 1094 1266 1139 mec.
1286 1080 1328 1138 Te
1344 1098 1405 1136 voce
1419 1096 1540 1137 canora
1559 1084 1738 1150 concrepet,

990 1177 1050 1239 hoc
1066 1184 1125 1253 θεῖ,
1143 1185 1196 1238 tua
1211 1174 1368 1257 praeconia
1387 1182 1513 1237 resonet
1532 1181 1563 1236 et
1583 1192 1644 1236 vox
1663 1171 1737 1251 oris,

990 1284 1023 1337 ut
1044 1275 1129 1337 intus
1152 1282 1185 1337 et
1207 1273 1286 1337 loris
1312 1282 1341 1336 te
1366 1272 1563 1349 extollamus,
1581 1279 1738 1353 quatenus

991 1393 1054 1438 non
1075 1373 1177 1436 solum
1197 1391 1304 1435 coram
1325 1380 1366 1449 te,
1384 1373 1440 1434 sed
1460 1389 1567 1433 coram
1587 1368 1737 1452 proximis

990 1481 1020 1534 te
1037 1472 1273 1548 benedicamus,
1290 1470 1346 1534 tibi
1365 1470 1403 1531 ad
1424 1478 1513 1531 tuum
1533 1468 1687 1531 bonorem
1707 1474 1739 1529 et

989 1570 1133 1650 gloriam,
1151 1568 1213 1629 illis
1237 1570 1276 1630 ad
1301 1566 1554 1643 aedificationem,
1572 1574 1607 1628 ut
1626 1572 1658 1628 et
1677 1565 1739 1645 ipsi

990 1670 1021 1729 in
1042 1668 1177 1731 ecclesia
1197 1665 1351 1729 materiali
1372 1665 1433 1727 tuis
1453 1665 1598 1728 intersint
1622 1682 1739 1745 praeeo

992 1766 1062 1844 niis,
1089 1774 1121 1827 et
1149 1764 1342 1828 orationibus
1372 1771 1485 1825 vacent
1512 1782 1549 1824 ac
1580 1761 1735 1823 laudibus.

992 1982 1076 2025 nunc
1098 1964 1129 2023 in
1149 1961 1235 2023 omni
1255 1961 1349 2025 corde
1374 1968 1406 2022 et
1430 1977 1484 2023 ore
1509 1959 1684 2022 collaudate
1708 1968 1740 2021 et
1754 1937 1868 1985 ¹¹¹¹¹⁹⁸¹'

991 2060 1167 2125 benedicite
1182 2058 1361 2121 Dominum.
1374 2057 1541 2139 Apostolus
1556 2074 1683 2137 quoque
1699 2057 1737 2119 ad

990 2160 1149 2223 Romanas
1167 2180 1174 2217 ε
1192 2156 1362 2218 Unanimes
1382 2156 1509 2236 (inquit)
1525 2173 1589 2217 uno
1608 2174 1663 2217 ore
1682 2155 1739 2217 bo-
1753 2173 1887 2225 amna.

992 2256 1166 2319 norilicetis
1181 2254 1290 2317 Deum.
1309 2252 1399 2330 Nam,
1412 2262 1447 2315 ut
1459 2253 1577 2316 latetur
1589 2252 1737 2333 Hilarius,

991 2356 1050 2418 boc
1072 2354 1269 2437 potissimum
1289 2352 1353 2415 Deo
1372 2352 1536 2429 debemus,
1554 2352 1638 2432 quod
1659 2352 1741 2414 sicut

992 2462 1091 2516 totum
1116 2452 1200 2532 quod
1230 2470 1339 2513 sumus
1364 2458 1395 2512 et
1417 2449 1572 2513 babemus
1600 2449 1641 2511 ab
1669 2449 1739 2529 ipso

991 2549 1236 2631 accepimus,sic
1252 2557 1351 2612 toturn
1367 2548 1437 2629 ejus
1452 2546 1612 2627 obsequiis
1626 2555 1657 2608 θῖ
1673 2546 1738 2608 lau-

991 2649 1084 2710 dibus
1105 2647 1335 2727 mancipemus.

1033 2750 1061 2808 T
1059 2768 1075 2805 θ
1089 2748 1210 2822 dilr'pat
1225 2755 1332 2805 castus
1350 2766 1456 2814 aanor,
1471 2744 1501 2806 id
1523 2752 1583 2823 est,
1600 2744 1659 2805 hoo
1683 2760 1739 2804 uo-

991 2844 1039 2907 bis
1064 2844 1210 2907 coulerre
1234 2844 1372 2925 digneris
1397 2850 1431 2904 ut
1456 2850 1553 2920 casto,
1571 2840 1736 2923 spirituali,

993 2962 1084 3025 puro,
1100 2942 1218 3019 inluso,
1236 2961 1299 3005 ocu
1319 2943 1357 3004 ad
1378 2961 1412 3003 se
1433 2940 1552 3003 rellexo
1576 2949 1606 3003 te
1630 2938 1740 3021 diliga-

187 3039 490 3120 supematuralibus
508 3040 544 3103 Et
570 3061 642 3104 euru
668 3042 830 3103 Psalmista
852 3042 935 3105 dicat
951 3040 974 3103 C
993 3062 1064 3104 mus
1095 3059 1215 3118 aurore,
1245 3048 1354 3121 utpote
1379 3040 1420 3102 ob
1450 3047 1536 3101 tuam
1566 3038 1739 3101 bonitatem

20 3138 406 3217 rs.01‹.ie.unusquisque
424 3160 430 3198 :
447 3137 524 3212 Quid
546 3139 714 3201 retribuam
731 3140 862 3202 [loruinc
880 3160 936 3221 pro

186 3236 335 3299 omnibus
363 3256 432 3316 quae
462 3236 604 3300 retribuit
634 3238 730 3299 mihil
760 3238 898 3317 itemque
927 3262 933 3299 :

38 3357 80 3400 r..
95 3360 169 3406 crte.
186 3334 335 3413 benedic,
352 3335 456 3395 anima
473 3354 554 3413 mea,
571 3335 713 3413 Domino,
729 3344 759 3397 et
776 3336 840 3399 noli
859 3337 937 3399 obli-

187 3432 265 3495 visci
283 3451 394 3495 omues
415 3432 634 3495 retributiones
654 3434 744 3514 ejus3
762 3434 838 3497 illud
859 3454 936 3514 quo

24 3554 56 3595 Il.
70 3566 131 3599 tam.
143 3554 168 3593 7.
186 3549 249 3610 que
279 3530 364 3592 lsaien
391 3553 398 3592 :
425 3531 656 3595 Miserationum
685 3532 807 3595 Domini
835 3552 937 3595 recor-

186 3629 297 3707 dabor,
324 3628 449 3691 laudem
473 3630 596 3692 Domini
621 3630 815 3693 annuntiabo
841 3651 935 3712 super

186 3726 335 3789 omnibus
359 3745 428 3807 quea
454 3728 587 3790 reddidit
611 3728 713 3805 nobis,
733 3737 765 3791 ct
783 3748 853 3810 quaa
876 3728 935 3791 lar-

186 3825 269 3906 gitus
299 3833 347 3888 est
376 3825 466 3887 nobis
495 3828 669 3889 secundum
707 3826 934 3907 indulgentiam

187 3942 288 3985 suam.
312 3921 522 3987 Coniormitcr
540 3924 673 3986 assiduis
694 3924 839 4005 precibus
860 3926 935 3987 insi-

28 4044 170 4091 eotom,
187 4030 319 4094 stamus,
335 4021 423 4101 juxta
447 4020 524 4082 illud
544 4022 684 4103 Apostoli
702 4022 861 4088 :Orationi
888 4024 935 4085 in-

13 4110 25 4133 ⁰
187 4128 279 4195 state,
297 4118 462 4201 vigilantes
484 4118 515 4180 in
535 4139 572 4181 ea
592 4120 624 4181 in
643 4121 813 4201 gratiarum
838 4122 935 4185 aetio-

992 3140 1033 3202 im
1039 3159 1192 3212 mensam,
1202 3157 1266 3201 non
1282 3138 1383 3219 primo
1397 3146 1429 3199 et
1444 3136 1658 3219 principaliter
1672 3155 1741 3217 pro

993 3246 1062 3319 pter
1077 3246 1130 3299 tua
1146 3236 1302 3299 beneficia
1317 3245 1347 3299 et
1364 3236 1539 3317 promissa,
1555 3254 1614 3297 nec
1634 3234 1738 3298 solum

992 3336 1126 3399 naturali
1156 3354 1275 3412 autore,
1302 3354 1502 3416 nequaquam
1528 3354 1603 3397 vero
1632 3353 1739 3397 amore

991 3434 1186 3496 mercenario
1220 3442 1251 3495 ct
1285 3432 1462 3509 libidinoso,
1494 3440 1528 3494 ut
1556 3432 1587 3493 hi
1620 3433 1674 3513 qui
1708 3441 1738 3495 te

991 3541 1098 3594 amant
1118 3550 1182 3593 non
1208 3530 1365 3612 praecipue
1385 3530 1458 3610 quia
1478 3530 1579 3593 bonus
1599 3550 1634 3592 es
1653 3531 1685 3592 iu
1708 3540 1738 3592 te

991 3630 1071 3711 ipso,
1103 3629 1158 3691 sed
1187 3628 1337 3709 quoniam
1367 3628 1468 3691 bonus
1497 3647 1531 3689 es
1560 3628 1615 3689 eis.
1648 3628 1738 3689 Tales

991 3747 1128 3809 namque
1150 3726 1220 3807 plus
1243 3734 1351 3788 amant
1370 3746 1404 3788 se
1423 3745 1518 3806 quam
1544 3734 1585 3803 te,
1603 3734 1634 3787 θῖ
1659 3726 1739 3788 rele-

991 3834 1063 3888 runt
1089 3834 1119 3888 tc
1143 3826 1182 3888 ad
1209 3845 1265 3900 se,
1289 3824 1397 3904 sicque
1421 3824 1570 3888 fruuntur
1593 3844 1627 3885 se
1652 3832 1683 3886 et
1707 3832 1737 3885 te

991 3933 1132 4000 utuntur,
1147 3923 1374 3987 constituentes
1390 3944 1423 3985 se
1439 3923 1538 3985 linem
1553 3941 1646 3985 suum
1661 3931 1692 3985 et
1708 3932 1738 3985 te

990 4023 1129 4085 medium
1156 4045 1163 4084 ε
1190 4023 1274 4103 quod
1303 4040 1431 4103 prorsus
1462 4040 1646 4103 perversum
1675 4030 1733 4085 est.

989 4122 1109 4185 Idcirco
1137 4122 1176 4184 de
1205 4120 1388 4201 hujusmodi
1418 4120 1545 4183 bomine
1574 4119 1675 4183 lertur
1704 4121 1737 4181 in

12 4242 19 4285 ι
38 4244 128 4285 γεω.
143 4256 170 4291 v,
187 4217 303 4292 necui
319 4237 427 4281 rursus
442 4216 584 4281 bortatur
597 4241 602 4277 :
615 4218 686 4281 Sine
702 4220 932 4283 intermissione
949 4222 974 4284 D
989 4220 1111 4282 Psalmo
1139 4243 1146 4280 ι
1173 4218 1380 4282 Confitebitur
1406 4218 1461 4282 tibi
1485 4238 1584 4299 quum
1608 4218 1738 4282 benele-
1765 4246 1885 4297 ranan.

13 4309 52 4349 17:
65 4307 167 4348 (fotus.

8 4382 42 4411 m·
59 4374 96 4411 rs.
185 4326 284 4393 orate,
315 4325 345 4378 et
374 4315 453 4397 gmti
482 4324 591 4379 estote.
619 4316 714 4397 Igitur
743 4337 800 4399 pro
828 4326 873 4381 tot
902 4328 931 4381 ct

185 4414 280 4477 tantis
295 4414 460 4477 benefieiis
475 4432 538 4479 nou
559 4415 726 4477 reddamus
745 4416 881 4480 Creatori
901 4426 933 4479 ct

184 4512 337 4577 Salvatori
363 4521 471 4575 nostro
496 4513 727 4589 irreverentias‚
745 4514 876 4595 injurias
901 4524 932 4579 θῖ

183 4611 325 4674 offensas
343 4634 349 4673 :
366 4611 450 4691 quod
466 4611 519 4691 qui
535 4612 644 4691 egerit,
661 4620 778 4674 aetorna
795 4622 827 4673 et
845 4632 932 4676 acer-

183 4710 312 4773 bissima
352 4709 519 4771 tristissimi
559 4710 744 4773 Acherontis
784 4712 931 4775 sortietur

182 4816 350 4871 tormenta.

78 4924 101 4979 4
224 4912 265 4969 Τθ
279 4908 389 4967 cordis
408 4907 474 4966 ima
492 4908 678 4976 concinant,
695 4907 725 4970 id
746 4916 804 4987 θεῖ,
820 4909 930 4972 intima

180 5026 237 5071 scu
266 5014 407 5068 extrema
430 5004 528 5067 nostri
553 5004 731 5069 intellectus
756 5026 792 5070 ac
819 5009 929 5072 volun-

180 5104 263 5183 tatis,
276 5101 492 5183 intelligentiae
507 5120 586 5183 apex
603 5112 771 5185 vertexque
786 5103 929 5168 volunta-

179 5202 229 5279 tis,
247 5198 409 5264 memoriae
424 5218 548 5281 quoque
564 5200 715 5263 tenacitas
732 5203 848 5283 pariter
862 5204 928 5266 lau-

176 5301 253 5365 dent
268 5308 309 5380 te,
328 5305 363 5373 ut
379 5297 622 5379 apprehensioni
643 5299 757 5363 mentis
776 5299 928 5387 jungatur

988 4318 1068 4379 ceris
1093 4318 1144 4393 ei;
1164 4326 1195 4379 et
1219 4336 1328 4379 rursus
1350 4340 1357 4377 ε
1379 4315 1410 4379 Si
1435 4334 1510 4379 sero
1535 4334 1598 4379 non
1620 4312 1841 4415 luerintssm¹¹
1854 4374 1877 4415 Μ

988 4415 1128 4493 saturati,
1153 4423 1185 4477 et
1208 4415 1461 4478 murmurabunt.
1483 4414 1578 4477 Porro
1603 4415 1736 4495 pulchra
1844 4403 1850 4423 '
1880 4403 1886 4415 ’

988 4520 1035 4574 θεῖ
1058 4514 1201 4593 queastio,
1223 4521 1329 4574 utrum
1355 4532 1445 4574 mens
1470 4521 1575 4574 creata
1600 4512 1735 4574 naturali

986 4630 1093 4674 amore
1114 4612 1184 4691 plus
1203 4610 1312 4693 diligat
1330 4612 1429 4674 Deum
1448 4630 1543 4694 quam
1566 4630 1599 4675 se
1620 4611 1732 4693 ipsam.

985 4710 1030 4771 Ad
1046 4729 1141 4791 quam
1157 4729 1253 4791 super
1267 4710 1443 4773 Sententias
1463 4718 1511 4772 est
1533 4728 1730 4791 responsum.
1759 4730 1795 4785 cs.
1806 4730 1885 4783 arat,

985 4808 1049 4871 Hoc
1064 4816 1113 4871 cst
1126 4808 1264 4890 primum
1278 4808 1514 4888 maximumque
1527 4817 1731 4891 preceptum,
1748 4796 1818 4899 {³:²⁷²
1828 4793 1882 4836 ⁰⁹⁰²

984 4908 1067 4987 quod
1093 4908 1124 4968 in
1150 4906 1392 4969 Deuteronomio
1416 4925 1600 4987 expressum
1624 4915 1682 4985 est,
1699 4916 1732 4969 et

983 5006 1104 5068 Marcus
1121 5004 1213 5084 plene
1227 5005 1358 5081 inducit,
1371 5023 1434 5085 quo
1447 5005 1576 5085 jubetur
1592 5028 1599 5065 :
1615 5005 1731 5086 Diliges
1753 5044 1814 5088 Dm,
1824 5048 1883 5097 ut:

983 5103 1151 5166 Dominum
1172 5103 1271 5164 Deum
1296 5112 1385 5165 tuum
1406 5123 1444 5166 ex
1464 5111 1529 5166 toto
1549 5104 1644 5165 corde
1663 5111 1728 5179 tuo,
1745 5106 1819 5149 Merv·
1837 5120 1873 5158 ¹¹¹·

983 5210 1065 5264 etex
1083 5210 1146 5263 tota
1160 5202 1265 5263 anima
1280 5208 1343 5278 tua,
1361 5210 1444 5263 etex
1459 5210 1524 5265 tota
1539 5210 1644 5264 mente
1663 5209 1727 5279 tua,
1745 5173 1778 5211 ω’

984 5309 1014 5364 θῖ
1036 5320 1074 5363 cx
1096 5307 1159 5362 tota
1181 5299 1364 5363 fortitudine
1387 5308 1450 5362 tua.
