4309 6259
667 502 827 550 rmosrrro
845 503 952 550 rrrssn.
974 520 1016 533 -
1035 502 1105 550 aar.
1128 504 1206 552 xxur
1649 479 1709 547 att

160 688 212 733 nae
238 669 412 749 memoriae,
437 671 491 753 qui
518 678 567 735 est
592 670 779 755 approbatio
807 671 909 735 divim
922 672 949 737 Α
964 671 1093 751 Christi,
1105 691 1176 755 que
1190 680 1266 737 sunt
1279 674 1397 738 oblatio
1411 680 1443 736 et
1456 673 1560 737 hostia
1574 671 1712 735 rationa-

158 768 287 850 judicii‚
312 769 534 851 reponibilem,
554 788 593 834 eo
612 771 707 834 modo
726 788 790 852 quo
813 788 910 853 opera
963 771 1050 851 bilis,
1073 771 1106 834 id
1131 779 1179 834 est
1201 780 1275 854 apta
1297 780 1329 835 et
1357 791 1497 854 congrua
1519 771 1560 835 ad
1584 770 1713 853 placan-

159 866 247 929 bona
265 866 361 929 scribi
380 867 530 931 dicuntur
548 868 582 929 in
602 867 685 931 libro
704 868 788 945 vita,
805 868 837 930 id
862 874 911 931 est
963 869 1040 931 dum
1057 892 1065 929 :
1083 870 1270 934 rationabile
1291 870 1411 953 quippe
1432 878 1479 934 est
1499 877 1534 931 ut
1553 870 1635 931 Deus
1655 885 1713 950 per

160 964 193 1026 in
224 964 452 1047 approbatione
475 964 596 1044 divina,
622 985 662 1029 ue
686 965 809 1029 scilicet
830 965 911 1029 obli·
963 968 1157 1032 oblationem
1173 976 1236 1031 tam
1250 969 1445 1051 dignissime
1463 968 1574 1031 hostia
1589 966 1713 1047 mitige-

159 1062 295 1126 visoaris
322 1063 493 1127 oblationis
517 1073 643 1145 nostrae,
669 1082 733 1129 nou
763 1064 909 1127 habendo
963 1073 1036 1146 tur;
1053 1074 1120 1130 et«
1143 1067 1373 1149 acceptabilem
1389 1090 1418 1148 n,
1435 1067 1468 1129 id
1493 1073 1553 1145 est,
1569 1065 1712 1147 digneris

157 1180 230 1224 eam
250 1171 435 1243 acceptam3
452 1162 502 1225 vel
518 1162 743 1245 «adscriptam
759 1185 789 1241 »,
806 1163 838 1226 id
861 1172 909 1225 θεῖ
964 1183 1034 1228 eam
1055 1173 1242 1229 convertere
1266 1166 1300 1227 in
1325 1184 1441 1248 corpus
1467 1173 1499 1229 et
1522 1164 1711 1245 sanguinem

157 1260 243 1323 inter
256 1259 418 1324 sacnfioia
431 1260 490 1325 tibi
512 1260 552 1323 ab
573 1261 647 1324 aliis
665 1261 762 1344 digne
783 1281 821 1325 ac
842 1261 909 1324 fru·
963 1263 1101 1344 bomini,
1117 1281 1187 1344 quae
1202 1272 1277 1327 sunt
1295 1263 1415 1327 oblatio
1436 1281 1560 1327 summe
1581 1268 1713 1344 accepta

157 1366 269 1423 ctuose
291 1358 399 1423 oblata
421 1368 610 1442 reputatam,
636 1367 672 1422 ut
695 1360 819 1423 scilicet
842 1360 909 1442 pla·
964 1368 997 1422 et
1014 1368 1104 1441 grata
1128 1361 1192 1425 Deo
1211 1381 1247 1425 cc
1268 1361 1396 1445 placita.
1413 1361 1532 1443 Corpus
1551 1368 1657 1423 autem
1681 1365 1714 1421 et

157 1465 230 1519 ceat
251 1456 308 1520 tibi
333 1458 601 1538 quemadmodum
624 1457 802 1522 oblationes
832 1458 909 1520 San·
964 1459 1094 1538 sanguis
1108 1458 1235 1539 Christi,
1249 1468 1344 1541 prout
1364 1466 1592 1523 consecrantur
1614 1456 1646 1518 in
1669 1455 1714 1520 al-

158 1564 283 1619 ctorum
307 1553 508 1637 complacent
526 1555 595 1618 tihi.
612 1556 758 1637 bigneris
781 1574 908 1638 quoque
964 1556 1036 1634 tari,
1052 1574 1117 1620 non
1133 1566 1207 1619 sunt
1220 1558 1283 1621 duo
1298 1565 1506 1635 sacramenta,
1524 1556 1579 1619 sed
1600 1573 1712 1633 unum,

157 1653 355 1717 oblationem
377 1653 460 1716 hano
481 1661 614 1716 aratam
635 1676 653 1714 a
672 1653 790 1733 facere,
806 1652 840 1717 id
861 1662 909 1716 est
965 1655 1087 1718 unitate
1106 1656 1296 1739 integritatis
1321 1676 1377 1719 seu
1402 1655 1620 1739 perfectionis,
1636 1671 1715 1735 quo-

157 1750 340 1829 efficaoem,
358 1751 486 1814 firmam
505 1770 543 1814 ac
563 1751 722 1831 stabilem,
739 1774 756 1812 a
773 1751 910 1815 rationu·
965 1753 1053 1816 niam
1074 1754 1263 1817 ordinantur
1277 1755 1315 1817 ad
1331 1754 1479 1817 eumdem
1501 1752 1714 1835 principalem

156 1849 259 1913 bilem
280 1872 309 1927 a,
326 1850 359 1912 id
382 1858 432 1912 θεῖ
455 1868 641 1932 congruam,
658 1858 693 1913 ut
717 1850 909 1914 convenien-
924 1846 947 1909 B
965 1851 1129 1931 effectrun,
1146 1852 1200 1935 qui
1223 1861 1272 1915 est
1290 1852 1466 1934 spiritualis
1491 1850 1624 1914 refectio
1646 1851 1714 1913 ani-

158 1956 208 2011 ter
227 1955 432 2012 convertatur
448 1948 483 2009 in
502 1966 618 2031 corpus
643 1948 758 2011 Christi
783 1955 815 2011 et
838 1968 910 2010 san-
965 1969 1036 2029 mae,
1063 1952 1221 2033 adquam
1250 1950 1430 2014 necessaria
1459 1958 1533 2012 sunt
1562 1948 1653 2012 cibus
1682 1955 1715 2011 et

55 2077 60 2085 ·
156 2048 304 2129 guinem,
320 2054 353 2109 θῖ
376 2068 394 2106 a
418 2046 648 2129 acceptabilem
671 2069 700 2126 a,
716 2065 757 2109 ne
780 2055 911 2130 propter
966 2057 1059 2129 potus
1084 2048 1271 2131 spiritualis,
1289 2048 1322 2111 id
1341 2057 1390 2111 θεῖ
1409 2067 1525 2131 corpus
1545 2046 1659 2111 Christi
1682 2054 1715 2110 et

156 2144 437 2227 indispositionem
452 2164 542 2207 suam
556 2144 723 2227 displiceat
739 2168 746 2205 ι
764 2144 910 2226 quamvis
965 2146 1386 2229 sanguis,quemadmodum
1400 2146 1543 2211 Christus
1557 2154 1711 2211 testatur:

156 2242 246 2305 enim
261 2242 353 2323 panis
367 2241 510 2305 converti
525 2240 627 2323 possit
640 2242 673 2304 in
688 2260 803 2323 corpus
822 2242 910 2305 Chri·
965 2244 1043 2309 Caro
1057 2264 1128 2308 mea
1142 2264 1217 2309 vere
1237 2252 1285 2308 est
1304 2244 1407 2324 cibus,
1423 2253 1455 2307 et
1473 2243 1604 2326 sanguis
1623 2262 1714 2305 meus
1733 2264 1816 2308 rma.
1832 2277 1862 2315 a.

157 2342 199 2405 sti
223 2341 294 2404 sine
318 2340 506 2403 solennitate
528 2340 630 2404 Missae
653 2348 686 2403 et
709 2340 827 2423 praevia
849 2341 909 2404 hac
965 2362 1039 2406 vere
1064 2350 1113 2405 θεῖ
1136 2351 1251 2426 potus3
1277 2360 1342 2407 non
1366 2342 1476 2424 utique
1501 2340 1631 2421 ventris,
1658 2341 1714 2403 sed
1728 2329 1762 2371 ⁵⁶·

158 2438 387 2502 benedictione
401 2457 439 2501 ac
453 2457 560 2521 prece,
573 2456 638 2501 non
653 2447 759 2501 tamen
774 2439 821 2501 sic
836 2437 909 2501 fieri
965 2441 1093 2519 mentis,
1116 2460 1185 2523 quaa
1207 2460 1265 2523 per
1284 2441 1345 2505 hoc
1367 2447 1600 2503 sacramentum
1622 2438 1715 2520 spiri·

157 2538 274 2614 decet3
290 2544 323 2599 et
345 2536 372 2597 si
399 2536 445 2599 sic
470 2534 575 2613 fieret,
592 2554 656 2599 non
683 2544 768 2599 esset
791 2534 911 2599 oblatio
965 2538 1093 2601 tualiter
1107 2539 1213 2616 alitur,
1224 2536 1430 2615 confortatur,
1440 2536 1618 2619 perficitur,
1630 2543 1662 2599 et
1675 2536 1715 2598 ad

157 2633 369 2716 acceptabilis
382 2634 447 2697 ileo
461 2652 498 2696 ex
513 2642 602 2715 parte
616 2632 795 2697 offerentis.
965 2644 1117 2699 aeternam
1139 2634 1325 2699 felicitatem
1348 2634 1543 2716 perducitur.

199 2733 360 2813 Secundo,
375 2731 571 2815 preinducta
585 2732 799 2795 sacratissima
814 2732 911 2795 verba
1007 2734 1333 2816 Terti0,exponuutur
1347 2733 1444 2795 verba
1458 2732 1608 2815 praedicta
1623 2732 1663 2794 de
1678 2750 1715 2795 eo

157 2837 364 2912 exponuntur
381 2829 421 2891 de
440 2848 478 2893 eo
497 2830 581 2910 quod
606 2837 654 2891 est
678 2849 729 2893 res
753 2838 786 2892 et
808 2848 912 2892 saera·
966 2832 1051 2913 quod
1066 2838 1114 2894 est
1129 2832 1161 2893 in
1177 2832 1380 2895 Sacramenta
1392 2830 1500 2894 altaris
1515 2849 1565 2893 res
1581 2837 1712 2907 tantum,

157 2936 320 3006 mentum,
335 2926 486 2991 videlicet
504 2927 543 2989 de
564 2945 697 3008 corpore
717 2926 843 3004 Christi,
859 2927 910 2989 vel
967 2930 1092 2993 scilicet
1111 2932 1151 2994 de
1175 2929 1294 2993 effectu
1320 2929 1416 3011 hujus
1441 2926 1642 3007 sacramenti,
1659 2946 1715 2991 seu

159 3028 200 3090 de
222 3027 295 3109 ipso
314 3025 449 3105 Christo,
464 3026 519 3106 qni
538 3034 587 3088 θεῖ
605 3026 709 3089 hostia
731 3025 909 3106 benedicta,
929 3028 1069 3110 Cgratia
1093 3026 1328 3105 sacramentali,
1345 3034 1380 3089 ut
1405 3026 1447 3089 sit
1471 3045 1583 3089 sensus
1601 3046 1642 3087 :a
1665 3025 1716 3088 Di-

159 3125 335 3206 adsoripta‚
356 3131 434 3203 rata,
456 3124 654 3187 rationabilis
678 3132 710 3186 et
734 3123 912 3205 acceptabi-
967 3126 1075 3207 gneris
1091 3147 1119 3205 a,
1135 3124 1268 3188 Domine
1283 3148 1300 3185 a
1316 3124 1410 3204 Deus,
1423 3124 1505 3187 hanc
1520 3123 1715 3187 oblationem

160 3224 259 3299 lis,ut
274 3222 315 3284 sit
329 3222 555 3299 sensuszulu,
566 3221 660 3300 Deus,
673 3222 814 3304 digneris
828 3222 912 3285 hanc
968 3222 1073 3287 facere
1098 3222 1297 3285 benedictam
1323 3222 1356 3284 in
1381 3222 1530 3286 omnibus
1555 3244 1584 3302 a,
1612 3221 1643 3283 id
1668 3230 1717 3283 est

159 3322 358 3386 oblationem
382 3320 489 3383 facere
512 3320 712 3383 benedictam
740 3344 769 3399 a,
792 3321 825 3383 id
850 3329 910 3398 θεῖ,
968 3321 1063 3383 talem
1083 3329 1117 3383 ut
1136 3340 1194 3403 per
1213 3340 1282 3383 eam
1303 3339 1323 3383 a
1341 3328 1372 3383 te
1396 3319 1623 3383 benedicamur
1646 3338 1716 3400 gra-

160 3420 305 3502 digneris
319 3438 389 3482 eam
404 3426 590 3481 convertere
605 3418 639 3480 in
654 3438 784 3482 carnem
798 3427 829 3481 et
845 3437 914 3481 san·
968 3421 1109 3502 tiamque
1137 3419 1300 3483 coelestem
1326 3418 1358 3481 in
1384 3418 1532 3483 omnibus
1560 3417 1716 3499 adipisca-

160 3519 296 3601 guinem
310 3517 513 3597 Christique
527 3524 602 3579 sunt
615 3516 719 3579 hostia
732 3516 910 3594 benedicta,
967 3537 1050 3597 mur,
1066 3538 1084 3577 a
1106 3516 1299 3600 adscriptam
1319 3540 1348 3596 a,
1366 3516 1398 3579 id
1420 3524 1467 3579 est
1488 3514 1583 3579 talem
1605 3524 1640 3577 ut
1660 3534 1717 3597 per

161 3618 194 3679 id
217 3626 270 3681 θεῖ
293 3614 380 3678 omni
406 3634 519 3678 careus
543 3615 669 3677 macula
694 3614 795 3698 culpe
818 3622 912 3695 atque
968 3636 1038 3680 carn
1053 3616 1087 3677 iu
1102 3616 1275 3679 electorum
1296 3614 1456 3678 consortio
1476 3614 1717 3677 conscribamur

159 3717 253 3780 omni
278 3714 379 3796 gratia
403 3714 553 3777 adornata
565 3735 573 3792 3
584 3735 607 3771 a
627 3714 818 3795 adscriptam
834 3736 862 3791 a,
880 3713 912 3776 id
968 3725 999 3778 et
1015 3715 1097 3777 inter
1111 3714 1280 3777 salvandos
1295 3720 1551 3795 computemur‚a
1568 3719 1667 3774 ratam
1684 3735 1712 3789 a,

161 3823 223 3891 est,
251 3812 394 3894 digneris
417 3831 488 3874 earn
512 3819 699 3874 convertere
721 3810 754 3873 in
783 3830 911 3874 carnem
968 3814 1001 3875 id
1017 3820 1066 3875 est
1079 3812 1175 3875 talem
1190 3820 1225 3874 ut
1239 3831 1296 3894 per
1315 3830 1385 3875 eam
1403 3811 1436 3873 in
1455 3810 1579 3873 Christo
1598 3808 1716 3871 stabili·

160 3912 292 3989 Christi,
320 3930 391 3992 quae
414 3919 463 3973 θεῖ
486 3910 657 3991 adscripta,
683 3909 716 3972 id
739 3917 788 3972 est
810 3909 913 3972 Verbo
967 3931 1060 3975 amur
1083 3912 1116 3973 in
1137 3910 1224 3975 omui
1246 3910 1376 3988 bono,a
1398 3908 1619 3972 rationabilem
1635 3930 1664 3986 a,
1681 3907 1714 3969 id

160 4011 264 4075 Patris
286 4010 320 4072 in
341 4010 463 4072 unitate
478 4008 636 4091 personali
659 4008 914 4090 inseparabiliter
967 4019 1016 4074 est
1034 4010 1130 4072 talem
1151 4017 1185 4071 ut
1204 4028 1261 4091 per
1280 4028 1350 4071 eam
1370 4027 1434 4072 non
1459 4006 1635 4071 bestialiter
1659 4006 1714 4069 sed

160 4108 442 4189 indelebiliterrpue
457 4106 558 4185 unita,
574 4126 612 4169 ac
626 4126 684 4189 per
696 4106 757 4171 boc
777 4108 811 4170 in
830 4108 912 4171 libro
967 4107 1199 4171 rationabiliter
1212 4116 1244 4171 et
1258 4107 1419 4189 sapienter
1433 4125 1670 4183 conversemur,
1683 4113 1715 4168 et

160 4210 237 4272 vitre
251 4205 519 4271 excellentissime
534 4206 671 4287 scripta,
688 4227 705 4265 a
722 4214 821 4269 ratam
838 4230 866 4284 a,
879 4208 911 4269 id
929 4204 953 4265 D
969 4228 986 4266 a
1002 4206 1230 4288 acceptabilem
1247 4228 1276 4285 a,
1294 4206 1388 4269 idest
1408 4206 1504 4268 talem
1526 4212 1561 4267 ut
1581 4204 1638 4270 tibi
1659 4224 1716 4287 per

161 4316 224 4385 est,
250 4305 393 4388 digneris
415 4324 486 4367 earn
510 4312 697 4368 convertere
721 4304 755 4366 in
784 4324 912 4367 caruem
970 4324 1040 4367 eam
1063 4304 1256 4385 placeamus.

161 4406 282 4469 Christi
295 4411 328 4467 θῖ
342 4402 542 4485 sanguinem,
558 4422 628 4483 quaa
643 4412 717 4466 suut
736 4422 914 4467 sacramen·
1009 4403 1159 4485 Sequitur
1183 4410 1288 4465 autern
1314 4402 1348 4463 in
1378 4420 1499 4465 canone
1527 4425 1533 4463 :
1560 4413 1598 4463 ut
1626 4404 1717 4463 nobis

163 4515 234 4568 tum
260 4512 364 4567 ratum
387 4521 444 4565 seu
466 4502 569 4565 hostia
592 4510 669 4581 rata,
690 4503 723 4565 id
747 4510 796 4565 est
819 4503 915 4565 firma
969 4503 1121 4582 cor†pus
1141 4510 1171 4561 et
1192 4501 1361 4580 san†puis
1379 4505 1452 4578 fiat,
1469 4500 1501 4561 id
1523 4507 1581 4577 est,
1598 4501 1637 4561 ad
1657 4500 1717 4563 hoo

162 4612 196 4665 et
217 4600 349 4677 efficax,
367 4598 432 4662 imo
451 4599 484 4660 in
502 4606 691 4681 perpetuum
714 4600 845 4678 durans,
862 4600 914 4662 cui
970 4598 1112 4681 digneris
1131 4599 1213 4661 hano
1239 4597 1433 4661 oblationem
1458 4597 1564 4661 facere
1588 4598 1719 4661 benedi-

163 4718 233 4763 non
247 4697 399 4761 succedet
412 4695 607 4759 sacrificium
627 4695 713 4757 aliud
727 4714 831 4776 neque
846 4715 916 4778 per·
970 4707 1066 4777 ctam,
1093 4696 1298 4778 adscriptam,
1323 4704 1397 4773 etc,
1419 4703 1575 4777 quatenus
1599 4695 1718 4759 oblatio

163 4795 285 4860 fectitas
307 4802 541 4858 sacramentum
559 4794 667 4876 :quod
690 4793 861 4858 sacrificiis
884 4803 916 4857 et
970 4795 1038 4859 beo
1053 4817 1070 4854 a
1086 4794 1145 4857 fiat
1159 4794 1250 4859 nobis
1266 4817 1295 4872 r,
1313 4793 1343 4856 id
1361 4794 1462 4855 estad
1477 4802 1617 4857 nostram
1636 4795 1719 4856 salu·

164 4894 377 4959 sacramentis
402 4892 519 4955 veteris
537 4892 729 4955 Testamenti
752 4910 818 4955 non
842 4912 916 4957 con-
971 4903 1047 4973 tem,
1064 4895 1102 4956 ad
1123 4902 1265 4956 nostrum
1286 4891 1505 4974 quotidianum
1526 4890 1716 4973 pmfectum,

165 4992 272 5070 venit,
287 4992 438 5074 quoniam
453 4991 487 5053 iu
501 4991 639 5053 adventu
654 4991 770 5054 Christi
791 5011 916 5055 cessare
971 5001 1065 5074 atque
1091 4993 1131 5055 ad
1156 4991 1303 5053 vitiorum
1332 4998 1512 5053 nostrorum
1540 4990 1718 5071 expurgati-

165 5097 347 5173 coeperunt,
377 5088 522 5152 instituto
549 5088 583 5149 in
610 5088 706 5151 Coena
729 5089 791 5153 hoc
814 5109 918 5152 sacra·
972 5110 1067 5155 onem
1095 5090 1302 5172 omniumque
1326 5087 1538 5169 spiritualium
1562 5088 1717 5151 donorum

166 5197 336 5264 mento3a
357 5186 578 5251 rationabilem
598 5209 628 5265 a,
643 5187 675 5249 id
700 5195 759 5267 est,
776 5188 917 5268 digneris
973 5188 1309 5270 multiplicationem,a
1326 5205 1441 5268 corpus
1456 5194 1487 5249 et
1501 5186 1629 5267 sanguis
1641 5208 1658 5246 a
1670 5189 1719 5247 di-

168 5308 245 5353 eam
265 5293 449 5353 convertere
472 5285 506 5349 in
531 5304 659 5350 earnem
678 5294 710 5349 et
728 5286 916 5368 sanguinem
974 5289 1143 5349 lectissimi
1166 5288 1250 5349 Filii
1274 5288 1337 5357 tui,
1352 5287 1488 5349 Domini
1510 5286 1626 5356 nostri,
1644 5288 1721 5347 Iesu
