4309 6259
409 525 449 571 nn
469 526 626 573 rnnccmo
646 527 684 573 nr
705 527 870 575 nrcnrrant
889 528 1006 587 narn,
1028 530 1117 578 anan
1138 532 1169 577 ιι.
1193 550 1233 561 -
1253 533 1323 579 aar.
1347 534 1378 591 x,
1401 532 1434 581 xr
1635 513 1695 581 tlt

150 713 211 777 que
234 695 340 758 denno
363 704 491 778 reparat
513 695 569 778 qni
592 696 700 759 aFilii
724 696 773 759 sui
795 697 991 778 gratiadtis
1009 700 1064 762 Dei
1090 700 1225 780 sincera,
1247 702 1281 764 in
1306 721 1402 784 quam
1426 704 1627 786 inquinatum
1650 705 1697 768 nil

150 811 207 874 per
232 790 493 873 ingratitudinem
521 793 661 876 prolapsi
689 802 774 872 sunt,
803 796 897 859 mise-
951 797 1113 860 incurrit:
1135 800 1255 862 candor
1278 808 1326 863 θεῖ
1350 802 1435 865 enim
1452 796 1539 865 lucis
1561 810 1696 882 eternae,

151 908 258 953 rorum
282 888 437 952 exsistens
461 890 632 973 refugium,
656 909 728 973 spes
752 896 897 974 peccate
951 906 983 959 et
1006 897 1172 979 speculum
1197 897 1266 962 sine
1291 901 1415 963 macula
1436 899 1491 963 Dei
1510 900 1697 982 majestatis,

152 1006 234 1067 rum,
263 985 565 1069 desperaterumque
594 988 755 1070 singulare
789 988 897 1071 prasi·
952 1003 984 1059 et
997 996 1103 1078 imago
1122 996 1270 1059 bonitatis
1290 998 1387 1061 illius.
1403 998 1441 1061 Et
1453 1019 1553 1081 quum
1569 999 1609 1062 sit
1622 1019 1698 1080 una,

151 1086 261 1164 dinm3
282 1104 348 1150 non
368 1086 476 1168 inepte
496 1086 720 1151 misericordia
740 1093 841 1150 mater
861 1086 897 1148 li·
952 1094 1061 1157 emnia
1077 1102 1202 1177 potest3
1218 1103 1250 1158 et
1269 1114 1458 1177 permaneus
1477 1098 1510 1160 in
1530 1117 1575 1175 se,
1591 1097 1700 1161 omnia

151 1184 352 1265 beratrixque
376 1184 484 1247 saculi
510 1185 705 1249 nominanda
732 1192 790 1248 est.
817 1185 898 1260 Quot
952 1192 1094 1271 innovat,
1111 1200 1143 1255 et
1157 1211 1215 1275 per
1228 1194 1373 1258 nationes
1387 1194 1420 1257 in
1435 1194 1558 1258 animas
1574 1205 1699 1259 sanctas

151 1301 208 1365 per
221 1300 292 1345 eam
307 1282 422 1364 perditi
438 1290 470 1345 et
482 1302 565 1364 pene
583 1291 637 1346 ant
655 1292 741 1347 certe
760 1283 898 1347 totaliter
951 1309 986 1352 se
999 1290 1161 1369 transfert,
1177 1290 1298 1355 amieos
1311 1291 1366 1355 Dei
1389 1301 1421 1355 θῖ
1435 1292 1605 1374 Prophetas
1625 1312 1700 1357 con-

150 1379 308 1460 desperati
341 1380 497 1461 redempti
532 1384 628 1442 suntt
659 1381 740 1455 Quot
767 1382 896 1444 demum
951 1387 1063 1450 stituit.
1080 1387 1316 1470 Verumtamen,
1333 1390 1482 1471 quoniam
1504 1390 1699 1473 impossibile

151 1477 252 1558 ipsius
266 1496 362 1560 prece
376 1496 413 1541 ac
427 1478 573 1559 gratiae
594 1479 702 1542 saculi
717 1479 894 1561 iniquitate,
950 1492 999 1547 est
1020 1484 1113 1547 aliter
1136 1485 1230 1548 nubis
1255 1486 1423 1571 splendere
1447 1488 1592 1551 divinum
1617 1489 1702 1551 radi-

150 1574 244 1638 inleri
264 1594 391 1657 quoqne
413 1576 574 1658 voragine,
592 1575 742 1640 liberatos
763 1596 798 1641 se
818 1596 897 1659 prae-
950 1601 1017 1662 um,
1039 1582 1101 1645 nisi
1123 1584 1219 1645 variis
1240 1584 1440 1648 sensibilium
1461 1587 1622 1651 obtectum
1646 1606 1700 1650 ve-

150 1682 355 1757 servatosque
376 1674 542 1738 latanturt
951 1680 1125 1744 luminibus
1152 1680 1337 1761 formarum,
1367 1702 1407 1747 ex
1434 1684 1529 1748 llaria
1556 1684 1699 1748 babitum

952 1778 1151 1860 formamque
1165 1779 1220 1843 uei
1238 1780 1422 1863 Unigenitus
1442 1782 1547 1845 induit
1565 1802 1627 1864 qua
1647 1802 1702 1865 ap-

910 1876 936 1940 li
953 1876 1066 1960 plicari
1082 1877 1175 1940 nebia
1189 1880 1425 1942 connaturalins
1440 1881 1554 1963 putuit.
1567 1880 1591 1943 0
1604 1882 1701 1945 lister

367 1935 611 2000 ARTIGULUS
637 1936 682 1999 X·
953 1974 1179 2038 illuminatoris
1197 1984 1231 2039 et
1249 1974 1451 2041 illustratoris
1476 1977 1591 2041 mentis
1610 1997 1699 2060 meae,

151 2090 255 2155 Quam
276 2084 504 2144 conuenienter
527 2085 647 2143 mundi
670 2084 899 2144 illuminatrix
954 2092 991 2137 ex
1015 2091 1079 2155 qua
1102 2072 1224 2136 Veritas
1252 2082 1369 2137 aterna
1392 2076 1558 2157 precessit,
1578 2076 1702 2139 illustra
1714 2098 1848 2151 ramma

358 2173 472 2235 Maria
493 2174 693 2233 nominetur.
954 2169 1071 2233 faciem
1101 2177 1187 2233 tuam
1221 2189 1317 2253 super
1345 2191 1472 2236 servum
1500 2181 1602 2254 tuum,
1632 2174 1703 2236 uni-

955 2268 1048 2350 cique
1062 2268 1108 2330 tui
1129 2266 1200 2330 Filii
1220 2268 1285 2332 luci
1307 2268 1531 2335 sincerissimae
1550 2290 1601 2335 me
1621 2290 1702 2335 sem-

46 2376 139 2444 “⁸³³'’
261 2358 424 2424 GENl'l'US
437 2360 492 2423 boi
509 2364 597 2438 :qu
610 2359 825 2441 (inquit)scm
839 2364 901 2421 lum
955 2385 1013 2450 per
1036 2365 1191 2429 inhaerere
1212 2366 1409 2448 dignissimis
1434 2376 1527 2450 atque
1551 2368 1703 2433 maternis

47 2456 54 2466 ”
234 2461 365 2520 mundi.
382 2458 406 2521 0
425 2459 546 2540 lampas
565 2457 833 2540 splendidissima,
853 2456 901 2520 di·
954 2462 1019 2526 tuis
1039 2462 1190 2545 precibus
1212 2463 1400 2546 adipiscere.

46 2554 272 2625 atavimtus
301 2556 469 2637 illustrata,
494 2555 624 2620 lucerna
647 2556 767 2619 'ardens
794 2563 827 2618 et
853 2555 901 2617 lu-

152 2673 238 2733 cane,
255 2654 384 2718 coelitus
404 2672 549 2733 accensa,
569 2653 703 2737 Spiritus
724 2653 829 2716 Sancti
852 2672 901 2715 ra·
986 2658 989 2667 '

152 2752 213 2814 diis
248 2751 416 2831 transfixa,
446 2752 541 2814 llaria
576 2751 795 2830 celeberrima,
829 2770 899 2833 quta
1167 2727 1412 2793 ARTICULUS
1434 2727 1495 2791 XI·

152 2851 232 2913 inim
259 2850 406 2932 virginii
433 2848 674 2930 ⁰⁸⁸ii⁸⁸im⁸qu0
702 2849 825 2912 vistim
851 2849 898 2911 ¹¹¹·
977 2876 1069 2944 Quod
1084 2876 1153 2934 uita
1166 2875 1286 2936 Merita
1300 2890 1423 2932 summe
1436 2872 1687 2946 contemplativa

153 2968 224 3011 men
250 2948 470 3031 superclarum
493 2947 650 3030 gestabas,
676 2948 769 3029 cujus
793 2948 899 3029 splen·
1259 2962 1399 3023 astitit,

152 3048 226 3110 dere
247 3045 358 3110 omnia
377 3045 489 3108 intima
507 3054 562 3107 tua
581 3045 682 3107 instar
704 3045 781 3109 aclis
804 3046 839 3107 in
864 3065 898 3109 se
916 3047 939 3113 G

152 3144 229 3227 ipsis
244 3145 341 3207 rutila
354 3145 526 3222 micabant,
539 3144 674 3226 luceque
689 3144 900 3207 mundissima
1034 3156 1144 3216 ARJA
1170 3154 1325 3229 optimam
1347 3158 1478 3227 partem
1502 3149 1609 3225 clepit,
1634 3166 1706 3227 quta
1719 3167 1802 3219 ιω,
1816 3167 1851 3211 aa.

152 3244 344 3307 intrinsecus
365 3250 499 3305 venusta
519 3241 668 3305 luerunt!
691 3243 858 3320 Quantum,
880 3260 900 3304 ο
1048 3270 1114 3311 non
1139 3253 1315 3328 auferetur
1338 3250 1378 3308 ab
1402 3268 1449 3309 ea.
1476 3245 1600 3327 Duplici
1625 3243 1706 3307 exsi-

152 3341 296 3421 Domina,
329 3342 449 3404 mundo
482 3341 653 3419 contulisti,
682 3342 758 3403 dum
792 3340 899 3403 iumen
957 3357 1060 3412 stante
1080 3348 1157 3429 vita,
1173 3347 1280 3411 activa
1300 3353 1331 3409 et
1352 3344 1610 3425 contemplativa,
1631 3361 1708 3406 con-

46 3459 139 3508 atra.
154 3441 230 3502 illud
255 3439 471 3503 desideratum
497 3439 681 3501 sedentibus
704 3436 901 3501 intenebris
956 3447 1142 3529 templarius
1152 3444 1351 3528 praestantior
1362 3442 1567 3523 stabiliorque
1578 3460 1708 3503 censen-

154 3538 259 3601 saeculi
282 3545 377 3618 atque
398 3537 432 3599 in
452 3538 565 3600 1111111111
583 3536 692 3600 mortis
713 3536 902 3618 suspirantis
957 3545 997 3607 da
1010 3553 1068 3607 θεῖ.
1087 3544 1310 3607 Verumtamen
1326 3540 1525 3605 conversatio
1541 3539 1706 3619 utriusque

153 3638 240 3700 limbi
269 3634 468 3720 produxisti!
492 3636 563 3716 lpse
591 3635 720 3717 quippe,
745 3653 764 3697 ο
794 3654 903 3715 supcr—
957 3644 1030 3706 vitat
1051 3641 1280 3724 perlectionem
1303 3639 1529 3720 complectens,
1552 3637 1707 3700 altissima

154 3736 292 3799 toeiesstis
311 3734 508 3818 impertiti&
525 3733 572 3797 ⁸⁰¹
592 3741 641 3796 Ost
657 3732 799 3814 lustitia),
817 3733 902 3795 stills
958 3740 1115 3805 consistit.
1142 3739 1248 3801 Talem
1277 3756 1353 3801 vero
1381 3736 1483 3799 llariae
1510 3735 1610 3797 luisse
1636 3754 1707 3797 san-

154 3835 277 3915 mnndi,
299 3834 371 3897 lons
395 3834 547 3913 scientim,
570 3832 724 3915 sapientia
746 3840 778 3895 et
801 3831 902 3895 virtus
958 3838 1133 3902 ctissimam
1149 3837 1354 3916 vitam,nnnc
1368 3835 1498 3917 quidem
1513 3834 1616 3915 quoad
1632 3851 1707 3896 ecn-

47 3933 347 3999 immaturitatem
369 3950 486 4015 nempe
510 3950 568 4013 per
590 3932 717 4013 lleysen
740 3930 813 3993 data
832 3937 900 4008 est3
958 3936 1176 4019 templativam
1206 3934 1436 4018 perfectionem
1466 3932 1629 3995 insinnare
1658 3931 1706 3993 in-

153 4032 269 4095 veritas
295 4039 401 4093 autem
425 4038 458 4092 et
482 4029 581 4111 gratia
606 4048 663 4110 per
684 4029 790 4091 lesum
815 4028 903 4091 Chri·
958 4036 1089 4098 cnmbit.
1111 4033 1253 4114 Denique
1275 4034 1314 4096 de
1336 4031 1439 4094 activa
1458 4031 1534 4111 vita,
1555 4030 1706 4111 quemad-

154 4139 236 4193 stum
264 4129 351 4193 lacta
378 4136 437 4192 est.
467 4128 527 4191 Per
552 4128 649 4205 bunc,
680 4126 743 4189 tuis
777 4145 904 4207 semper
958 4133 1087 4195 modum
1107 4132 1208 4215 ipsius
1228 4150 1354 4214 quoque
1374 4129 1571 4193 sanctitatem
1591 4129 1705 4210 adepta

154 4238 183 4291 et
202 4230 323 4311 ubique
343 4227 556 4291 mediantibus
578 4226 902 4306 subvenientibnsqne
918 4222 1064 4311 Itineris,
1092 4229 1260 4313 posterius,
1287 4230 1363 4291 dum
1387 4230 1427 4291 de
1451 4227 1617 4290 sanctitate
1641 4227 1705 4289 vir-

154 4327 277 4390 meritis
300 4346 338 4389 ac
362 4325 522 4408 precibus,
538 4324 678 4387 divinam
701 4324 904 4387 altissimam·
956 4328 1141 4410 tutibusque
1155 4327 1258 4390 llariae
1273 4327 1463 4409 prolandum
1483 4325 1553 4406 erit,
1570 4332 1704 4388 tractare

154 4444 216 4505 que
230 4424 387 4489 theoriam
403 4424 585 4500 didicimus,
595 4421 762 4504 mysticam
776 4441 903 4503 queque
958 4426 1114 4507 congruit.
1130 4424 1220 4487 Nunc
1242 4443 1328 4502 vero,
1350 4424 1433 4505 quod
1453 4422 1518 4486 vita
1538 4422 1609 4504 ejus
1630 4441 1705 4486 vere

155 4542 191 4585 ac
216 4522 492 4605 supernaturalem
517 4521 738 4601 tbeescpbiam
763 4521 904 4602 suscepi·
957 4522 1313 4605 incomparabiliterqua
1329 4519 1575 4602 contemplativa
1589 4519 1704 4600 luerat,

156 4640 235 4684 mus.
263 4620 370 4683 Talem
397 4620 537 4701 denique
566 4626 748 4701 mutamque
772 4618 812 4680 ab
834 4619 904 4700 ipse
958 4628 993 4683 ut
1013 4639 1096 4701 queo
1117 4619 1293 4682 ostendam.

156 4718 346 4803 sapientiam
361 4718 463 4782 sortiti
480 4736 602 4794 sumus,
620 4717 672 4779 eui
692 4735 756 4779 non
775 4724 824 4779 est
841 4717 905 4780 alia
997 4719 1167 4781 Enimvero
1191 4718 1230 4780 ad
1255 4716 1429 4800 perlectam
1454 4717 1708 4798 contemplativa

156 4817 287 4897 aequalis
297 4840 305 4879 z
317 4816 437 4899 qnippe
451 4816 503 4879 cui
517 4823 630 4879 ceterae
644 4833 756 4877 omnes
770 4815 906 4877 subsunt
959 4816 1033 4880 vitae
1047 4816 1267 4879 excellentiam
1283 4816 1342 4878 tria
1357 4814 1475 4896 requiri
1492 4814 1631 4896 itemque
1647 4814 1710 4878 sul-

157 4922 251 4997 atque
272 4914 468 4978 deserviunt.
959 4915 1059 4978 licere
1073 4914 1197 4995 opinor.
1214 4914 1353 4977 Primum
1375 4932 1501 4995 nempe,
1520 4912 1547 4975 si
1569 4932 1633 4976 non
1655 4914 1709 4977 de-

196 5014 269 5076 llatc
284 5020 371 5075 tanta
390 5032 449 5095 per
467 5020 498 5076 te
517 5020 607 5076 etex
624 5020 667 5088 te,
684 5009 837 5092 cllegina
855 5010 907 5073 lm
960 5013 1074 5095 cipiur,
1097 5012 1249 5076 vitiorum
1274 5020 1323 5075 est
1349 5011 1475 5092 ejectio,
1499 5019 1535 5073 ut
1559 5011 1709 5074 videlicet

157 5110 291 5188 tissima,
317 5131 376 5175 nes
403 5112 539 5174 latemur
562 5109 703 5190 adeptus,
728 5109 804 5171 dnm
833 5129 906 5171 eum
962 5112 1064 5193 culpat
1078 5111 1297 5173 emendentur.
1311 5109 1376 5172 llcc
1391 5128 1465 5173 vere
1480 5110 1518 5172 nd
1534 5109 1618 5172 viam
1635 5128 1709 5192 pur-

46 5217 87 5273 te·
113 5236 146 5275 vu.
160 5210 253 5274 nubis
271 5211 416 5275 alludisti
436 5210 492 5293 qui
511 5216 560 5273 est
579 5227 677 5291 vapor
695 5207 820 5271 virtutis
839 5208 906 5290 Dei,
961 5210 1101 5292 gativam
1136 5208 1294 5291 pertinere
1329 5208 1433 5289 palam
1468 5215 1526 5270 est.
1555 5206 1707 5270 Praeterea

46 5284 89 5325 Μ’
160 5316 193 5370 et
206 5310 365 5374 emanatio
377 5309 522 5393 quaedam
543 5306 695 5371 claritatis
709 5307 909 5389 omnipoten-
964 5309 1103 5372 secundo
1118 5306 1276 5390 subjectio
1291 5305 1470 5370 necessaria
1488 5313 1537 5369 est
1554 5303 1707 5369 sensuali-
