4309 6259
462 482 522 549 tlt
743 504 786 551 os
804 503 1006 553 samausmo
1025 505 1234 552 nocnanrsna
1256 504 1413 552 sssuosas
1433 505 1499 552 sax.
1522 522 1563 535 -
1583 505 1682 554 suano
1701 504 1734 552 vr

461 671 549 738 hunc
577 674 777 739 salutiferum
809 674 930 754 cibum,
960 674 1117 758 promittit
1145 675 1211 737 lru·
1225 676 1252 737 A
1267 676 1493 758 relinquendus
1521 684 1579 739 est.
1604 676 1677 739 ldeo
1701 674 1839 757 loquitur
1865 673 1999 757 Augusti-

462 780 550 837 ctum
565 774 801 855 exuberantem,
817 774 967 837 videlicet
987 775 1086 837 vitam
1102 774 1210 857 gratiae
1266 795 1326 837 nus
1358 798 1365 835 :
1395 776 1426 838 Si
1453 775 1569 839 dixerit
1594 775 1753 857 quispiam
1782 793 1846 838 uon
1871 774 1996 856 quotidie

461 879 494 934 et
512 872 690 955 proiectum
711 874 863 936 virtutum
885 873 918 935 in
938 873 1000 937 isto
1024 873 1147 953 exsilio,
1165 872 1211 935 vi·
1265 873 1494 936 Eucharistiam
1516 892 1586 937 esse
1606 874 1804 950 sumendam,
1821 872 1902 935 alins
1922 872 1997 934 allis-

462 978 590 1052 tamque
615 971 722 1053 gloriae
742 979 775 1034 et
793 971 1001 1037 relectionem
1020 972 1211 1035 eternaliter
1266 980 1331 1033 met
1358 972 1500 1054 qnotidie
1530 972 1760 1053 accipiendam,
1787 970 1883 1033 iaciat
1914 990 1996 1032 unus

463 1076 701 1133 contentantem
724 1070 757 1132 iu
780 1071 901 1134 coelesti
924 1070 1054 1153 palatio.
1266 1070 1399 1152 quisque
1423 1070 1507 1150 quod
1531 1071 1706 1132 secundum
1728 1088 1819 1132 snam
1840 1068 1935 1132 iidem
1954 1070 1995 1151 pie

502 1166 671 1231 (lircahaec
687 1168 785 1250 quaeri
798 1169 1209 1251 potest,anconcedendum
1266 1169 1366 1231 credit
1389 1188 1458 1231 essa
1482 1169 1651 1249 agendum.
1673 1168 1712 1229 Et
1735 1167 1847 1249 probat
1870 1167 1929 1231 hoc
1950 1186 1996 1248 per

462 1263 505 1327 sit
528 1266 651 1330 devotis
679 1268 826 1348 personis
855 1267 957 1347 laicis,
983 1266 1126 1351 qnotidie
1154 1286 1210 1329 seu
1266 1267 1445 1347 exemplum
1465 1267 1585 1329 Zaehaai
1604 1274 1635 1328 et
1654 1265 1859 1343 centurionis,
1877 1283 1994 1347 quorum

462 1362 624 1427 alternatis
647 1363 761 1427 diebus
785 1364 818 1426 in
842 1365 985 1445 qualibet
1012 1365 1211 1427 hebdomada
1267 1366 1386 1447 primus
1411 1384 1449 1427 ex
1469 1364 1609 1427 caritatis
1631 1364 1757 1428 fervore
1781 1362 1906 1445 excepit
1924 1363 2072 1426 thu-nai

462 1462 710 1524 communicare.
727 1462 773 1524 hd
798 1464 881 1543 quod
907 1464 938 1525 S.
956 1464 1092 1525 Thomas
1116 1482 1211 1545 super
1266 1472 1349 1526 stum
1373 1464 1406 1526 in
1430 1465 1560 1526 domum
1585 1483 1674 1526 suam
1699 1463 1852 1546 gaudem,
1872 1462 1946 1525 alter
1964 1480 1993 1524 ex

344 1578 382 1623 ts.
411 1594 447 1633 m,
461 1566 612 1639 quartum
626 1558 861 1623 Sententiarum
878 1561 1048 1643 respondet
1064 1584 1072 1623 ι
1089 1560 1162 1635 Qua
1177 1560 1210 1622 in
1267 1562 1444 1625 reverentia
1459 1561 1556 1623 dixit:
1570 1562 1712 1640 Domine,
1730 1580 1795 1625 non
1811 1580 1881 1624 sum
1896 1560 2083 1641 dignumne.

368 1676 374 1688 ·
462 1656 523 1718 hoc
552 1665 750 1721 sacramanto
774 1666 938 1740 geruntur,
965 1657 1210 1721 similitudinem
1266 1667 1301 1722 ut
1322 1660 1419 1723 intres
1441 1660 1639 1723 subtectum
1661 1679 1779 1739 meum,
1796 1666 1857 1721 eto.
2094 1738 2095 1743 ἵ

462 1754 581 1818 babent
596 1774 669 1818 cum
684 1755 734 1818 his
749 1775 819 1838 qua
835 1756 866 1818 in
883 1756 1039 1837 corporali
1060 1756 1211 1819 accidunt
1306 1758 1360 1820 llis
1375 1778 1432 1841 per
1451 1757 1560 1821 omnia
1575 1759 1769 1821 concordant
1788 1756 1993 1839 responsiones
2094 1776 2095 1845 3

463 1852 666 1917 nutrimento.
697 1855 798 1929 Quum
832 1855 917 1916 enim
948 1854 1006 1916 liat
1032 1854 1210 1936 deperditio
1230 1856 1348 1919 BPetri
1383 1857 1423 1919 de
1458 1856 1651 1934 darantasia,
1683 1855 1738 1937 qui
1773 1856 1835 1917 luit
1869 1854 1993 1918 Pontifex

462 1952 607 2034 quaedam
637 1952 790 2015 contiuua
825 1953 978 2015 naturalis
1011 1952 1210 2015 humiditatis
1268 1974 1422 2033 summus,
1452 1963 1483 2017 et
1517 1954 1665 2017 Richardi
1701 1956 1740 2017 de
1774 1953 1992 2017 Mediavillain

463 2070 520 2113 seu
534 2050 658 2113 humidi
673 2050 899 2133 radicalis,per
912 2052 1070 2115 actionem
1086 2060 1212 2114 natura·
1268 2053 1434 2136 scripturis
1463 2071 1560 2134 super
1587 2060 1734 2133 quartum
1765 2051 1992 2126 Sententiarum,

463 2149 503 2211 lis
528 2148 643 2211 caloris
667 2149 917 2230 exercitiumque
941 2149 1070 2230 laboris,
1088 2157 1212 2231 oportet
1266 2152 1468 2215 distinctione
1496 2150 1695 2213 duodecima.
1722 2150 1793 2213 llaec
1822 2150 1926 2212 eadem
1951 2148 1994 2209 ha-

463 2247 647 2329 lrequenter
665 2266 853 2328 corporeum
878 2268 1003 2311 sumere
1023 2247 1210 2311 elimentum
1267 2252 1382 2314 bentnr
1405 2250 1438 2311 in
1460 2251 1589 2311 Summa
1610 2248 1761 2327 Durandi,
1778 2255 1810 2311 et
1830 2248 1864 2310 in
1884 2248 1993 2309 Summa

463 2346 501 2408 ad
517 2345 779 2408 restaurationem
794 2346 960 2427 deperdit-i,
977 2366 1018 2408 ne
1033 2346 1210 2427 deperditio
1266 2348 1496 2427 consessorum,
1514 2355 1545 2410 et
1563 2348 1595 2409 in
1611 2347 1740 2409 Summa
1754 2346 1875 2409 Pisana.
1891 2345 1931 2408 Ex
1943 2344 1994 2425 qui-

463 2444 519 2507 illa
542 2443 695 2507 continua
718 2453 853 2507 mortem
877 2444 1016 2507 inducat.
1034 2444 1212 2507 Conlormi-
1268 2447 1325 2508 bus
1354 2444 1531 2508 ostenditur
1557 2444 1741 2507 indiscretio
1765 2443 1935 2525 aliquorum
1957 2442 1993 2502 ie

463 2550 521 2623 ter,
543 2561 580 2605 ex
595 2541 855 2624 concupiscentia
874 2542 983 2605 innata
1002 2552 1033 2605 et
1052 2543 1212 2625 occupati·
1267 2551 1359 2605 caute
1374 2542 1674 2625 reprehendentium
1689 2542 1841 2623 quasdam
1862 2558 1992 2623 personas

462 2640 578 2702 onibus
593 2640 678 2703 circa
699 2641 853 2703 exteriora
872 2640 911 2702 lit
924 2641 1102 2721 deperditio
1117 2642 1213 2704 devo·
1268 2642 1359 2703 valde
1387 2642 1527 2719 devotas,
1550 2658 1620 2721 quaa
1645 2639 1797 2721 singulari
1822 2638 1934 2701 allecto
1955 2656 1992 2699 ar-

462 2738 558 2802 tionis
571 2746 666 2820 atque
680 2739 797 2802 interni
813 2739 948 2802 lervoris
966 2762 973 2801 ε
991 2738 1068 2801 hinc
1088 2747 1211 2821 oportet
1267 2741 1343 2802 dent
1361 2740 1400 2801 ad
1420 2737 1516 2819 hujus
1535 2736 1714 2819 dignissimi
1733 2735 1993 2815 sacramentique

462 2845 497 2899 ut
511 2838 691 2920 deperditio
705 2837 761 2900 illa
775 2846 969 2901 restauretur
983 2856 1040 2919 per
1054 2838 1150 2919 hujus
1166 2839 1212 2900 vi·
1267 2837 1420 2899 tidianam
1444 2835 1691 2916 susceptionem,
1717 2836 1752 2897 in
1774 2834 1889 2916 quibus
1915 2833 1991 2895 etiam

464 2936 556 2998 vilici
572 2936 636 2998 cibi
656 2936 882 3017 sumptionem.
902 2972 943 2982 -
955 2937 1026 2999 llaec
1046 2938 1211 3018 responsio
1267 2934 1430 2997 evidenter
1453 2931 1692 3014 conspiciuntur
1713 2931 1848 2995 ellectus
1870 2938 1899 2993 et
1918 2929 1992 3009 signa

463 3042 617 3097 consonat
640 3035 745 3097 verbis
770 3036 802 3097 S.
825 3034 982 3098 Ambrosii
1009 3036 1178 3097 asserentis
1201 3058 1208 3097 ε
1229 3032 1434 3114 Cpraeoipuae
1449 3030 1633 3095 devotionis.
1647 3030 1800 3113 Denique,
1810 3030 1842 3092 in
1858 3027 1992 3110 primitiva

463 3131 555 3194 Panis
570 3131 629 3193 iste
644 3132 846 3212 quotidianus
861 3142 928 3211 est,
944 3134 1054 3214 accipe
1069 3133 1211 3215 quotidie
1244 3158 1249 3167 ·
1266 3130 1419 3210 Ecclesia,
1437 3130 1565 3212 vigente
1579 3130 1762 3209 devotione,
1778 3138 1810 3192 et
1824 3129 1923 3193 calore
1935 3144 1992 3189 san-

463 3230 548 3312 quod
570 3229 628 3291 tibi
650 3230 751 3311 prosit
772 3231 914 3311 quotidie
936 3233 975 3294 ad
997 3232 1147 3294 salntem.
1267 3228 1373 3311 guinis
1389 3228 1502 3290 Christi
1518 3228 1622 3291 adhuc
1643 3228 1676 3289 in
1698 3228 1846 3291 cordibus
1866 3224 1991 3288 lidelium

504 3328 582 3390 ilinc
606 3328 721 3391 iterum
743 3330 877 3391 Thomas
897 3330 1038 3393 allirmat
1061 3353 1068 3392 :
1092 3331 1126 3392 ln
1151 3330 1211 3392 hoc
1268 3326 1498 3404 inardescente,
1519 3326 1659 3389 universi
1683 3325 1909 3389 Christilideles
1930 3340 1992 3403 quo

463 3432 661 3487 sacramento
685 3426 747 3489 duo
771 3427 974 3508 requiruntur
994 3447 1032 3490 ex
1053 3435 1142 3511 parte
1164 3446 1212 3489 re-
1267 3424 1343 3488 tidie
1368 3425 1655 3489 communicabant.
1678 3425 1765 3489 Unde
1790 3432 1821 3487 et
1842 3422 1991 3485 Anaclelns

463 3523 619 3605 cipiantis.
636 3524 773 3586 Primum
796 3533 844 3587 est
864 3525 1056 3589 desiderium
1078 3527 1210 3607 conjun·
1267 3524 1349 3606 Papa
1382 3524 1532 3586 disseruit
1562 3548 1568 3585 :
1599 3524 1728 3587 Peracta
1761 3520 1989 3591 consecratione,

463 3622 575 3685 ationis
596 3642 669 3685 cum
684 3622 807 3687 Christo
824 3647 831 3686 ι
849 3624 933 3705 quod
949 3624 1025 3686 lacit
1040 3644 1139 3687 amor.
1157 3625 1212 3686 Se·
1266 3641 1377 3687 omnes
1401 3622 1636 3686 communicent
1660 3623 1714 3705 qui
1736 3622 1847 3687 nolunt
1868 3618 1993 3685 eeclesia·

463 3723 604 3786 cundum
628 3731 676 3786 est
698 3724 874 3786 reverentia
895 3724 1084 3785 sacramenti
1102 3749 1108 3785 :
1127 3723 1210 3805 quod
1267 3720 1355 3784 sticis
1380 3740 1488 3784 carere
1507 3721 1689 3798 liminibus,
1710 3722 1829 3803 alioqui
1853 3722 1892 3783 ab
1908 3718 1991 3781 eccle

462 3822 599 3904 pertinet
622 3824 661 3885 ad
690 3824 809 3885 donum
836 3822 967 3885 timoris.
989 3822 1127 3885 Primum
1156 3823 1212 3886 ho-
1267 3820 1320 3883 siae
1344 3820 1488 3902 ingressu
1513 3828 1691 3883 arceantur.
1715 3820 1795 3884 llinc
1820 3838 1937 3902 quoque
1957 3814 1992 3877 ait

464 3939 533 3981 rum
555 3920 666 3982 incitat
686 3922 724 3983 ad
746 3921 960 4001 quotidianam
983 3941 1039 3983 seu
1063 3920 1211 4003 frequen·
1267 3920 1414 3983 Albertus
1432 3943 1438 3981 :
1456 3920 1540 3983 luter
1561 3919 1720 3983 fervorem
1742 3920 1880 3982 caritatis
1899 3918 1933 3979 ad
1951 3932 1992 3976 ce

463 4026 527 4080 tem
548 4018 792 4081 celebrationem
813 4038 848 4082 ac
869 4020 1147 4098 communionem;
1165 4040 1212 4083 se-
1267 4019 1454 4081 lebrandum
1480 4025 1534 4081 aut
1558 4019 1859 4081 communicandum
1886 4016 1991 4079 trahen-

464 4117 603 4180 eundum
633 4118 764 4179 retrahit
792 4119 875 4181 inde.
901 4119 933 4182 Si
957 4119 1027 4201 quis
1053 4138 1128 4201 ergo
1155 4139 1212 4201 per
1266 4126 1341 4197 tem,
1351 4126 1382 4179 et
1396 4118 1479 4181 inter
1494 4117 1640 4180 timorem
1655 4119 1839 4181 reverentias
1853 4115 1992 4179 retrahen-

464 4216 689 4297 experientiam
711 4217 917 4299 probabiliter
937 4225 1058 4297 noscat,
1075 4238 1113 4281 ex
1134 4236 1212 4299 quo
1227 4212 1251 4273 Ι)
1268 4224 1343 4296 tem,
1360 4216 1501 4279 medium
1516 4224 1620 4278 servet
1635 4218 1837 4300 temperatrix
1850 4211 1989 4278 discretio.

464 4313 581 4376 tidiana
611 4313 823 4379 celebratione
852 4324 906 4378 aut
929 4315 1153 4379 communione
1178 4317 1210 4378 in
1307 4314 1339 4377 Si
1364 4323 1468 4377 autem
1493 4314 1526 4376 in
1548 4314 1704 4395 aliquibus
1730 4314 1906 4378 dominetur
1927 4307 1990 4372 cari·

464 4432 498 4474 se
523 4412 631 4493 augeri
655 4414 792 4475 caritatis
815 4414 973 4478 servorem
999 4433 1035 4476 ac
1066 4434 1212 4477 reveren·
1268 4413 1338 4475 talis
1367 4412 1483 4491 fervor,
1512 4412 1743 4476 consulendum
1773 4420 1821 4475 est
1847 4412 1940 4494 potius
1964 4414 1989 4467 nt

463 4511 539 4572 tiam
560 4511 759 4590 sacramenti,
778 4512 871 4575 talem
891 4514 983 4575 decet
1002 4512 1142 4594 quotidie
1162 4532 1211 4575 ce·
1268 4513 1421 4575 accedant
1438 4511 1590 4592 quotidie.
1608 4511 1727 4585 Quibus
1742 4512 1836 4575 etiam
1851 4506 1991 4593 providen-

464 4608 586 4672 lebrare
611 4618 665 4671 aut
689 4610 937 4673 communicare.
959 4611 991 4673 Si
1014 4619 1120 4673 autem
1146 4630 1212 4673 sen·
1267 4612 1342 4673 dum
1358 4618 1405 4674 est
1424 4630 1465 4673 ne
1485 4630 1523 4672 ex
1538 4608 1716 4690 frequentia
1731 4630 1829 4673 sacra
1842 4602 1991 4672 communi·

464 4706 542 4769 serit
561 4708 615 4770 illa
630 4709 662 4771 in
682 4728 716 4771 se
731 4728 769 4771 ex
788 4709 969 4789 quotidiana
988 4710 1211 4772 communione
1267 4710 1338 4773 onis
1354 4708 1435 4771 liant
1449 4709 1556 4771 minus
1576 4707 1704 4771 solliciti
1719 4710 1758 4771 ad
1774 4704 1990 4790 praeparandum

464 4822 529 4867 non
550 4806 684 4868 multum
703 4806 823 4887 augeri,
841 4806 910 4869 talis
930 4807 1024 4870 debet
1043 4807 1211 4888 aliquando
1268 4828 1301 4871 se
1330 4806 1471 4889 quotidie
1500 4807 1574 4869 totis
1603 4806 1726 4870 viribus
1755 4808 1795 4869 ad
1824 4804 1991 4884 condignam

464 4902 632 4981 abstinere,
655 4911 690 4965 ut
710 4904 910 4985 postmodum
933 4923 1006 4967 oum
1029 4905 1142 4987 majori
1166 4925 1213 4967 re·
1269 4906 1346 4969 tanti
1361 4906 1550 4968 sacramenti
1565 4905 1801 4987 susceptionem
1819 4930 1826 4968 ι
1843 4905 1903 4967 imo
1920 4900 1991 4963 inde

464 5001 606 5064 verentia
630 5020 667 5064 ao
688 5000 812 5064 fervore
836 5004 966 5065 accedat
987 5026 994 5065 ε
1016 5003 1079 5065 imo
1099 5011 1131 5065 et
1153 5003 1211 5065 niti
1268 5006 1408 5068 sinenter
1430 5005 1576 5067 studeant
1596 5005 1635 5065 ad
1658 5003 1811 5085 majorem
1833 5000 1929 5066 cordis
1947 5015 1992 5077 pu·

464 5100 558 5162 debet
585 5099 625 5161 ad
649 5099 888 5181 percipiendum
918 5101 1058 5181 quotidie
1088 5100 1211 5181 plenius
1268 5104 1404 5183 ritatem,
1422 5103 1691 5179 recollectionem,
1711 5103 1867 5165 fervorem
1889 5118 1923 5161 aa
1943 5104 1992 5157 sta·

465 5198 561 5279 hujus
580 5198 768 5260 sacramenti
783 5197 930 5261 olfactus.
946 5198 983 5260 Et
1003 5208 1156 5280 quantum
1172 5200 1211 5261 ed
1267 5198 1444 5262 bilitionem
1462 5200 1495 5261 in
1509 5198 1583 5262 Deo.

464 5296 536 5374 boo,
554 5297 774 5379 unusquisque
795 5316 859 5361 suaa
874 5297 1071 5361 discretionis
1090 5296 1212 5379 judicio
1306 5297 1402 5362 Porro
1415 5297 1626 5362 devotissimae
1640 5315 1795 5379 persona,
1806 5310 1930 5379 quarum
1942 5287 1991 5371 pia
