4309 6259
930 600 1015 695 DE

324 913 638 1066 DONIS
702 912 1178 1065 SPIRITUS
1252 910 1621 1063 SANCTI

662 1577 1155 1703 TRACTATUS
1223 1578 1287 1700 H

532 1902 583 1955 DE
618 1902 738 1955 DONlS
771 1902 998 1955 SAPlEN'l'lAE
1034 1902 1084 1955 ET
1118 1902 1409 1955 lNTELLECTUS.

442 2268 689 2335 PROOEMIUM
961 2228 1078 2309 Agnas
1098 2246 1155 2309 pro
1175 2226 1296 2289 viribus
1317 2226 1434 2308 gratias
1458 2226 1632 2289 referamus
1649 2250 1656 2289 ε
1674 2245 1745 2307 quar

694 2318 700 2331 '
1000 2326 1134 2407 agendo,
1166 2324 1279 2389 borum
1315 2326 1425 2407 procul
1459 2325 1557 2389 dubio
1589 2326 1746 2389 donorum

260 2432 321 2491 ER
341 2428 536 2502 sapientiam
563 2428 674 2485 sanati
698 2434 774 2485 sunt
801 2426 947 2503 quicum·
1001 2422 1193 2505 insperatam
1228 2423 1543 2505 inaestimabilemque
1578 2424 1746 2507 perlectio-

274 2546 335 2605 que
346 2528 544 2601 placuerunt
568 2524 640 2593 tibi,
655 2524 948 2597 Domine,aprr'n-
1001 2541 1073 2583 nem
1103 2522 1258 2585 divinitus
1286 2523 1466 2587 sortiemur.
1496 2523 1629 2586 Habenti
1658 2524 1744 2587 enim
1772 2552 1860 2597 uara,

189 2628 292 2702 capio.
309 2624 382 2704 Sap.
400 2639 442 2693 rx,
460 2618 508 2681 to.
1000 2620 1045 2699 (id
1067 2627 1116 2681 est
1135 2628 1225 2701 grato
1246 2629 1277 2683 ct
1298 2622 1425 2684 dantem
1451 2622 1582 2701 amanti)
1603 2622 1740 2702 dabitur,
1761 2630 1812 2669 Ν·
1826 2619 1861 2661 ²⁹·

237 2722 403 2802 Postquam
424 2718 456 2779 in
473 2716 668 2799 praeindueto
689 2724 821 2779 tractatu
837 2717 876 2779 de
891 2716 945 2779 do·
1000 2724 1031 2780 et
1052 2717 1237 2781 abundabit.

190 2822 248 2883 nis
273 2820 305 2881 in
328 2816 490 2881 communi
515 2816 727 2879 consideratio
748 2814 856 2878 habita
884 2822 942 2891 est,
1040 2868 1043 2875 .

189 2936 284 2981 nunc
307 2918 346 2979 de
371 2916 421 2978 sin
466 2914 506 2977 lis
531 2914 807 2977 determinandum
834 2922 882 2977 est
904 2914 946 2975 si-

188 3016 343 3099 gillatim,
370 2934 566 3095 suilgruagante
592 3012 711 3093 Spiritu
737 3012 864 3091 Sancto,
890 3011 944 3092 qui
1147 2971 1392 3037 ARTICULUS
1415 2972 1591 3038 PRIMUS·

189 3126 245 3179 est
260 3112 481 3177 ardentissima
503 3110 628 3189 caritas,
646 3110 869 3174 liberalissima
891 3112 946 3173 bo
1059 3122 1151 3189 erod
1175 3140 1268 3180 socru
1292 3121 1472 3197 Scriptura
1494 3125 1535 3180 de
1560 3124 1690 3198 triptici

188 3214 291 3293 nitaS,
307 3211 463 3273 immensa
485 3208 638 3289 suavitaS,
656 3210 737 3271 Deus
758 3217 894 3271 aetcrnus
915 3218 946 3271 ct
1202 3211 1365 3285 sapientia
1387 3213 1548 3289 loquitur.

188 3330 303 3387 verus,
323 3308 466 3371 omnium
490 3306 580 3369 dator
598 3306 764 3385 donorum,
788 3307 946 3370 omnium·

190 3429 260 3491 que
281 3407 371 3488 origo
390 3424 557 3467 munerum
577 3404 796 3486 gratuitorum.
960 3404 984 3465 B
1067 3404 1113 3466 ST
1141 3411 1247 3467 autem
1274 3405 1418 3486 quedam
1447 3406 1604 3488 sapientia
1632 3406 1749 3489 imper-

238 3506 291 3569 Est
313 3512 417 3568 autem
443 3504 598 3566 donorum
625 3502 765 3583 cognitio
786 3504 944 3585 hujusque
1082 3502 1263 3565 scrutabilis
1284 3510 1316 3564 et
1340 3504 1614 3584 superessentialis
1638 3524 1675 3567 ac
1700 3505 1749 3566 in·

189 3602 345 3667 editionis
360 3600 492 3663 scientia
507 3599 641 3661 multum
661 3599 881 3662 desiderabilis
901 3609 946 3663 at·
1001 3609 1116 3677 creata,
1132 3609 1249 3663 eterna
1269 3610 1364 3681 atque
1386 3602 1541 3663 immensa
1559 3626 1566 3662 :
1583 3620 1654 3682 quac
1673 3602 1748 3664 licet

188 3721 259 3783 que
287 3698 485 3780 dignissima.
511 3697 615 3759 Primo
644 3696 730 3759 enim
760 3697 792 3758 in
825 3716 859 3759 se
890 3716 946 3761 no
1000 3701 1039 3761 de
1057 3700 1127 3781 ipso
1138 3700 1202 3761 beo
1216 3706 1343 3779 totaque
1355 3698 1660 3780 Trinitate,singulis
1674 3718 1749 3781 quo

189 3799 273 3863 bilis
287 3805 334 3860 est
348 3796 469 3859 ratione
483 3794 614 3875 objecti,
630 3813 727 3875 quum
745 3794 785 3855 sit
799 3794 838 3855 de
853 3796 945 3859 donis
1001 3817 1061 3879 qur
1087 3797 1232 3861 Personis
1257 3796 1422 3858 verissime
1446 3797 1636 3877 predicetur
1658 3800 1747 3877 (nam

190 3896 334 3979 Spiritus
363 3893 481 3971 Sancti,
510 3912 580 3975 quae
608 3900 682 3953 sunt
711 3891 942 3974 preclarissimi
1001 3896 1083 3958 Dens
1098 3904 1143 3956 est
1161 3894 1229 3977 ipsa
1244 3894 1411 3975 sapientia,
1424 3902 1454 3956 et
1470 3901 1535 3957 tota
1549 3894 1685 3957 Trinitas
1700 3904 1748 3957 est

191 3994 278 4059 radii
300 3994 380 4056 lucis
401 3992 530 4068 divine,
549 3990 737 4054 lucidissimi
760 3990 854 4053 rivuli
877 3993 946 4056 lon·
1002 4012 1064 4055 una
1086 3992 1243 4074 sapientia
1264 3993 1346 4054 sicut
1369 3999 1401 4053 et
1422 4011 1485 4055 una
1510 3993 1668 4071 essentia3
1692 3996 1747 4056 sed

191 4094 236 4155 tis
256 4090 377 4167 aetemi,
393 4089 513 4151 fluenta
535 4088 650 4150 deilica
671 4088 804 4170 Spiritus
825 4089 942 4153 Sancti.
1002 4099 1031 4153 et
1054 4090 1143 4153 Pater
1164 4090 1320 4172 sapientia
1340 4098 1399 4169 est,
1420 4098 1452 4153 et
1472 4090 1570 4152 Filius
1592 4092 1747 4173 sapientia

192 4188 344 4255 Secundo
365 4188 424 4250 ista
446 4186 584 4268 cognitio
602 4185 690 4247 utilis
711 4195 770 4263 cst,
791 4196 945 4268 quotanus
1002 4198 1060 4267 est,
1076 4198 1107 4251 et
1122 4188 1258 4270 Spiritus
1280 4188 1413 4250 Sanctam
1435 4189 1592 4270 sapientia
1611 4199 1671 4267 est,
1687 4212 1747 4254 nec

192 4289 277 4371 ipsis
294 4287 385 4350 donis
404 4303 576 4367 eorumque
592 4284 787 4361 necessitate,
806 4286 946 4368 proprie·
1003 4296 1108 4350 tamen
1138 4295 1211 4348 sunt
1235 4294 1298 4348 tres
1326 4286 1503 4367 sapientiae,
1530 4287 1584 4349 sed
1608 4308 1671 4351 una
1699 4310 1749 4352 sa-

192 4396 272 4461 inte,
299 4384 453 4465 dignitate
481 4392 512 4446 et
539 4382 674 4445 utilitate
702 4382 767 4463 jam
797 4385 943 4465 cognitis,
1001 4386 1132 4467 pientia,
1150 4403 1219 4466 quae
1233 4390 1281 4445 cst
1296 4383 1365 4465 ipsa
1380 4384 1489 4445 divina
1502 4386 1747 4451 essentiazimo

192 4483 419 4549 vehementius
443 4480 673 4558 desiderentur,
697 4480 867 4543 instantius
891 4500 945 4563 po
1001 4484 1091 4547 Pater
1113 4492 1142 4545 et
1172 4482 1270 4543 Filius
1298 4490 1330 4544 et
1354 4481 1489 4564 Spiritus
1513 4484 1645 4545 Sanctus
1674 4495 1748 4549 sunt

192 4584 365 4659 stulentur,
388 4579 571 4661 diligentius
594 4587 832 4657 conserventur,
853 4588 884 4642 et
905 4580 944 4642 ad
963 4584 984 4646 G
1001 4602 1084 4644 unus
1118 4579 1309 4658 intellectus,
1339 4598 1402 4642 una
1434 4578 1591 4658 voluntas,
1621 4600 1747 4663 unaque

191 4679 425 4766 perlectionem
438 4697 495 4761 per
508 4686 647 4739 sanctam
661 4678 944 4759 conversationem,
1001 4680 1113 4755 virtus,
1130 4678 1396 4759 quemadmodum
1419 4675 1636 4758 theologorum
1656 4698 1749 4761 regu-

192 4781 340 4845 radiantc
355 4778 475 4860 Spiritu
490 4776 945 4857 Sancto,perducantur.l)eni-
1001 4778 1031 4839 la
1050 4776 1105 4854 ait,
1122 4776 1196 4857 quia
1215 4774 1369 4855 quidquid
1391 4774 1534 4838 absolute
1558 4776 1748 4857 praedicatur

190 4900 258 4963 que
277 4879 335 4941 ista
348 4877 501 4939 donorum
516 4874 690 4937 scientialis
704 4874 842 4955 cognitio
858 4876 945 4939 utilis
1001 4878 1039 4939 de
1064 4877 1139 4952 Deo,
1164 4873 1224 4937 boc
1250 4873 1306 4935 toti
1331 4873 1482 4935 convenit
1506 4874 1651 4938 Trinitati
1677 4877 1749 4940 Per·

191 4988 291 5060 atque
305 4974 454 5058 optabilis
468 4980 527 5051 est,
537 4982 571 5035 ut
586 4972 723 5035 sciamus
737 4992 831 5054 quam
848 4975 946 5037 excel·
1001 4976 1151 5055 sonisque
1173 4970 1318 5052 singulis,
1342 4980 1374 5033 et
1395 4972 1478 5034 sicut
1498 4972 1538 5035 dc
1559 4992 1747 5056 unaquaque

192 5077 293 5142 lentia
314 5092 447 5138 munera
467 5072 560 5135 nobis
575 5092 593 5135 a
610 5072 674 5134 Deo
690 5090 840 5134 concessa
859 5082 944 5153 sunt,
1000 5074 1136 5137 Persona
1164 5088 1317 5147 seorsum,
1344 5070 1388 5132 ita
1415 5071 1455 5133 dc
1479 5071 1628 5134 omnibus
1652 5072 1745 5135 simul

190 5176 306 5257 sieque
334 5175 491 5237 donorum
521 5170 653 5235 istorum
687 5170 945 5234 liberalissimum
1002 5170 1203 5252 singulariter
1225 5168 1362 5247 dicitur;
1388 5168 1455 5231 baec
1483 5188 1609 5251 quoquc
1637 5172 1746 5251 regula

190 5276 378 5357 largitorem
403 5270 565 5335 ardentius
586 5270 768 5353 diligamus,
785 5270 878 5352 eique
902 5271 947 5334 di·
1000 5291 1018 5333 a
1043 5267 1193 5350 Dionysio
1217 5266 1251 5327 in
1275 5266 1357 5329 libro
1380 5266 1419 5329 de
1443 5267 1564 5329 Divinis
1585 5269 1747 5334 characte-
