<?xml version="1.0" encoding="UTF-8"?>
<!DOCTYPE html PUBLIC "-//W3C//DTD XHTML 1.0 Transitional//EN"
    "http://www.w3.org/TR/xhtml1/DTD/xhtml1-transitional.dtd">
<html xmlns="http://www.w3.org/1999/xhtml" xml:lang="en" lang="en">
 <head>
  <title>
</title>
<meta http-equiv="Content-Type" content="text/html;charset=utf-8" />
  <meta name='ocr-system' content='tesseract 3.04.00' />
  <meta name='ocr-capabilities' content='ocr_page ocr_carea ocr_par ocr_line ocrx_word'/>
</head>
<body>
  <div class='ocr_page' id='page_1' title='image "./doctorisecstati02unkngoog/doctorisecstati02unkngoog_0516.png"; bbox 0 0 4309 6259; ppageno 0'>
   <div class='ocr_carea' id='block_1_1' title="bbox 458 480 1734 545">
    <p class='ocr_par' dir='ltr' id='par_1_1' title="bbox 458 480 1734 545">
     <span class='ocr_line' id='line_1_1' title="bbox 458 480 1734 545; baseline -0.008 0"><span class='ocrx_word' id='word_1_1' title='bbox 458 480 519 545; x_wconf 64' lang='grc'>496</span> <span class='ocrx_word' id='word_1_2' title='bbox 732 494 772 540; x_wconf 80' lang='lat' dir='ltr'>Dll</span> <span class='ocrx_word' id='word_1_3' title='bbox 793 490 950 540; x_wconf 74' lang='lat' dir='ltr'><strong>PRAEGONIO</strong></span> <span class='ocrx_word' id='word_1_4' title='bbox 970 490 1008 536; x_wconf 77' lang='lat' dir='ltr'>er</span> <span class='ocrx_word' id='word_1_5' title='bbox 1029 486 1193 535; x_wconf 69' lang='lat' dir='ltr'>mouture</span> <span class='ocrx_word' id='word_1_6' title='bbox 1213 485 1331 545; x_wconf 66' lang='lat' dir='ltr'>HARlAE,</span> <span class='ocrx_word' id='word_1_7' title='bbox 1354 486 1443 534; x_wconf 76' lang='lat' dir='ltr'>tinen</span> <span class='ocrx_word' id='word_1_8' title='bbox 1462 488 1485 535; x_wconf 88' lang='lat' dir='ltr'>l.</span> <span class='ocrx_word' id='word_1_9' title='bbox 1507 506 1547 518; x_wconf 75' lang='lat'>¹-</span> <span class='ocrx_word' id='word_1_10' title='bbox 1567 488 1637 535; x_wconf 74' lang='lat' dir='ltr'>Aur.</span> <span class='ocrx_word' id='word_1_11' title='bbox 1660 489 1734 536; x_wconf 74' lang='lat' dir='ltr'>XXVI</span> 
     </span>
    </p>
   </div>
   <div class='ocr_carea' id='block_1_2' title="bbox 381 654 2100 2218">
    <p class='ocr_par' dir='ltr' id='par_1_2' title="bbox 381 654 2100 2218">
     <span class='ocr_line' id='line_1_2' title="bbox 458 654 1993 741; baseline -0.008 -10"><span class='ocrx_word' id='word_1_12' title='bbox 458 668 492 730; x_wconf 92' lang='lat' dir='ltr'>in</span> <span class='ocrx_word' id='word_1_13' title='bbox 520 667 630 731; x_wconf 90' lang='lat' dir='ltr'>orbem</span> <span class='ocrx_word' id='word_1_14' title='bbox 657 674 824 741; x_wconf 84' lang='lat' dir='ltr'>terrarum,</span> <span class='ocrx_word' id='word_1_15' title='bbox 853 658 1006 725; x_wconf 89' lang='lat' dir='ltr'>terribilis</span> <span class='ocrx_word' id='word_1_16' title='bbox 1035 678 1090 736; x_wconf 85' lang='lat' dir='ltr'>es3</span> <span class='ocrx_word' id='word_1_17' title='bbox 1115 654 1246 720; x_wconf 81' lang='lat' dir='ltr'>nobisA</span> <span class='ocrx_word' id='word_1_18' title='bbox 1264 674 1324 718; x_wconf 91' lang='lat' dir='ltr'>nea</span> <span class='ocrx_word' id='word_1_19' title='bbox 1347 655 1443 734; x_wconf 90' lang='lat' dir='ltr'>fores,</span> <span class='ocrx_word' id='word_1_20' title='bbox 1466 656 1606 738; x_wconf 79' lang='lat' dir='ltr'>hincque</span> <span class='ocrx_word' id='word_1_21' title='bbox 1629 665 1750 739; x_wconf 85' lang='lat' dir='ltr'>erepta,</span> <span class='ocrx_word' id='word_1_22' title='bbox 1773 658 1888 720; x_wconf 90' lang='lat' dir='ltr'>summi</span> <span class='ocrx_word' id='word_1_23' title='bbox 1912 658 1993 740; x_wconf 82' lang='lat' dir='ltr'>Regis</span> 
     </span>
     <span class='ocr_line' id='line_1_3' title="bbox 460 754 1995 837; baseline -0.006 -9"><span class='ocrx_word' id='word_1_24' title='bbox 460 782 537 828; x_wconf 89' lang='lat' dir='ltr'>vero</span> <span class='ocrx_word' id='word_1_25' title='bbox 557 762 659 827; x_wconf 91' lang='lat' dir='ltr'>dulcis</span> <span class='ocrx_word' id='word_1_26' title='bbox 681 761 809 825; x_wconf 89' lang='lat' dir='ltr'>etitem</span> <span class='ocrx_word' id='word_1_27' title='bbox 830 756 986 821; x_wconf 91' lang='lat' dir='ltr'>amabilis.</span> <span class='ocrx_word' id='word_1_28' title='bbox 1263 754 1342 817; x_wconf 93' lang='lat' dir='ltr'>solio</span> <span class='ocrx_word' id='word_1_29' title='bbox 1368 754 1589 836; x_wconf 80' lang='lat' dir='ltr'>&#39;l&#39;rinitatisque</span> <span class='ocrx_word' id='word_1_30' title='bbox 1613 755 1728 819; x_wconf 85' lang='lat' dir='ltr'><strong>throno</strong></span> <span class='ocrx_word' id='word_1_31' title='bbox 1750 755 1929 819; x_wconf 85' lang='lat' dir='ltr'>immediate</span> <span class='ocrx_word' id='word_1_32' title='bbox 1950 776 1995 837; x_wconf 85' lang='lat' dir='ltr'>ap</span> 
     </span>
     <span class='ocr_line' id='line_1_4' title="bbox 498 852 1993 937; baseline -0.008 -10"><span class='ocrx_word' id='word_1_33' title='bbox 498 866 533 927; x_wconf 95' lang='lat' dir='ltr'>ln</span> <span class='ocrx_word' id='word_1_34' title='bbox 557 860 749 926; x_wconf 88' lang='lat' dir='ltr'>antehabitis</span> <span class='ocrx_word' id='word_1_35' title='bbox 773 868 891 937; x_wconf 90' lang='lat' dir='ltr'>autem,</span> <span class='ocrx_word' id='word_1_36' title='bbox 917 858 957 919; x_wconf 95' lang='lat' dir='ltr'>de</span> <span class='ocrx_word' id='word_1_37' title='bbox 978 855 1079 937; x_wconf 89' lang='lat' dir='ltr'>gratia</span> <span class='ocrx_word' id='word_1_38' title='bbox 1103 872 1139 916; x_wconf 92' lang='lat' dir='ltr'>ac</span> <span class='ocrx_word' id='word_1_39' title='bbox 1163 852 1209 916; x_wconf 93' lang='lat' dir='ltr'>di-</span> <span class='ocrx_word' id='word_1_40' title='bbox 1262 852 1441 933; x_wconf 79' lang='lat' dir='ltr'>proximare</span> <span class='ocrx_word' id='word_1_41' title='bbox 1455 872 1492 915; x_wconf 86' lang='lat' dir='ltr'>ac</span> <span class='ocrx_word' id='word_1_42' title='bbox 1508 852 1659 935; x_wconf 90' lang='lat' dir='ltr'>conjungi</span> <span class='ocrx_word' id='word_1_43' title='bbox 1675 853 1993 932; x_wconf 83' lang='lat' dir='ltr'>merueris3miserum</span> 
     </span>
     <span class='ocr_line' id='line_1_5' title="bbox 458 952 1994 1044; baseline -0.007 -20"><span class='ocrx_word' id='word_1_44' title='bbox 458 961 579 1044; x_wconf 84' lang='lat' dir='ltr'>gnitate</span> <span class='ocrx_word' id='word_1_45' title='bbox 602 958 715 1039; x_wconf 76' lang='lat' dir='ltr'>llario,</span> <span class='ocrx_word' id='word_1_46' title='bbox 736 956 895 1039; x_wconf 92' lang='lat' dir='ltr'>quomodo</span> <span class='ocrx_word' id='word_1_47' title='bbox 918 953 1047 1016; x_wconf 81' lang='lat' dir='ltr'>infinite</span> <span class='ocrx_word' id='word_1_48' title='bbox 1070 952 1206 1027; x_wconf 90' lang='lat' dir='ltr'>dicatur,</span> <span class='ocrx_word' id='word_1_49' title='bbox 1262 956 1368 1011; x_wconf 84' lang='lat' dir='ltr'>temen</span> <span class='ocrx_word' id='word_1_50' title='bbox 1388 957 1598 1031; x_wconf 90' lang='lat' dir='ltr'>peccatorem,</span> <span class='ocrx_word' id='word_1_51' title='bbox 1618 958 1910 1031; x_wconf 89' lang='lat' dir='ltr'>quantumcumque</span> <span class='ocrx_word' id='word_1_52' title='bbox 1932 970 1994 1015; x_wconf 92' lang='lat' dir='ltr'>con-</span> 
     </span>
     <span class='ocr_line' id='line_1_6' title="bbox 459 1046 1993 1140; baseline -0.008 -18"><span class='ocrx_word' id='word_1_53' title='bbox 459 1067 609 1140; x_wconf 81' lang='lat' dir='ltr'>tentaque</span> <span class='ocrx_word' id='word_1_54' title='bbox 633 1065 668 1119; x_wconf 95' lang='lat' dir='ltr'>ut</span> <span class='ocrx_word' id='word_1_55' title='bbox 692 1056 751 1118; x_wconf 90' lang='lat' dir='ltr'>sub</span> <span class='ocrx_word' id='word_1_56' title='bbox 775 1055 840 1117; x_wconf 86' lang='lat' dir='ltr'>Deo</span> <span class='ocrx_word' id='word_1_57' title='bbox 863 1052 967 1133; x_wconf 86' lang='lat' dir='ltr'>major</span> <span class='ocrx_word' id='word_1_58' title='bbox 989 1048 1125 1130; x_wconf 77' lang='lat' dir='ltr'>intelligi</span> <span class='ocrx_word' id='word_1_59' title='bbox 1154 1067 1209 1111; x_wconf 81' lang='lat' dir='ltr'>ne</span> <span class='ocrx_word' id='word_1_60' title='bbox 1263 1046 1473 1128; x_wconf 90' lang='lat' dir='ltr'>temptibilem</span> <span class='ocrx_word' id='word_1_61' title='bbox 1497 1055 1529 1109; x_wconf 92' lang='lat' dir='ltr'>et</span> <span class='ocrx_word' id='word_1_62' title='bbox 1552 1047 1766 1127; x_wconf 91' lang='lat' dir='ltr'>immundum,</span> <span class='ocrx_word' id='word_1_63' title='bbox 1787 1047 1814 1111; x_wconf 90' lang='lat' dir='ltr'>si</span> <span class='ocrx_word' id='word_1_64' title='bbox 1833 1049 1873 1111; x_wconf 82' lang='lat' dir='ltr'>od</span> <span class='ocrx_word' id='word_1_65' title='bbox 1891 1056 1921 1111; x_wconf 90' lang='lat' dir='ltr'>te</span> <span class='ocrx_word' id='word_1_66' title='bbox 1939 1067 1993 1130; x_wconf 75' lang='lat' dir='ltr'>pe</span> 
     </span>
     <span class='ocr_line' id='line_1_7' title="bbox 381 1142 1992 1239; baseline -0.008 -18"><span class='ocrx_word' id='word_1_67' title='bbox 381 1184 443 1215; x_wconf 58' lang='lat' dir='ltr'>an.</span> <span class='ocrx_word' id='word_1_68' title='bbox 459 1164 564 1239; x_wconf 83' lang='lat' dir='ltr'>queat,</span> <span class='ocrx_word' id='word_1_69' title='bbox 589 1155 710 1218; x_wconf 90' lang='lat' dir='ltr'>dictum</span> <span class='ocrx_word' id='word_1_70' title='bbox 734 1152 894 1215; x_wconf 89' lang='lat' dir='ltr'>recordor.</span> <span class='ocrx_word' id='word_1_71' title='bbox 919 1148 1025 1211; x_wconf 88' lang='lat' dir='ltr'>Palam</span> <span class='ocrx_word' id='word_1_72' title='bbox 1049 1147 1137 1209; x_wconf 91' lang='lat' dir='ltr'>enim</span> <span class='ocrx_word' id='word_1_73' title='bbox 1160 1152 1209 1207; x_wconf 89' lang='lat' dir='ltr'>est</span> <span class='ocrx_word' id='word_1_74' title='bbox 1263 1142 1375 1206; x_wconf 85' lang='lat' dir='ltr'>nitenti</span> <span class='ocrx_word' id='word_1_75' title='bbox 1400 1151 1506 1207; x_wconf 88' lang='lat' dir='ltr'>mente</span> <span class='ocrx_word' id='word_1_76' title='bbox 1529 1152 1785 1228; x_wconf 82' lang='lat' dir='ltr'>compunctaque</span> <span class='ocrx_word' id='word_1_77' title='bbox 1809 1146 1916 1209; x_wconf 89' lang='lat' dir='ltr'>animo</span> <span class='ocrx_word' id='word_1_78' title='bbox 1937 1166 1992 1208; x_wconf 73' lang='lat' dir='ltr'>sue</span> 
     </span>
     <span class='ocr_line' id='line_1_8' title="bbox 459 1241 2099 1325; baseline -0.008 -7"><span class='ocrx_word' id='word_1_79' title='bbox 459 1255 505 1318; x_wconf 94' lang='lat' dir='ltr'>nil</span> <span class='ocrx_word' id='word_1_80' title='bbox 524 1254 557 1316; x_wconf 94' lang='lat' dir='ltr'>in</span> <span class='ocrx_word' id='word_1_81' title='bbox 579 1252 734 1317; x_wconf 76' lang='lat' dir='ltr'>creaturis</span> <span class='ocrx_word' id='word_1_82' title='bbox 748 1249 905 1312; x_wconf 87' lang='lat' dir='ltr'>Genitrice</span> <span class='ocrx_word' id='word_1_83' title='bbox 920 1247 973 1309; x_wconf 87' lang='lat' dir='ltr'>Dei</span> <span class='ocrx_word' id='word_1_84' title='bbox 988 1246 1051 1308; x_wconf 88' lang='lat' dir='ltr'>Deo</span> <span class='ocrx_word' id='word_1_85' title='bbox 1071 1242 1207 1307; x_wconf 91' lang='lat' dir='ltr'>similius</span> <span class='ocrx_word' id='word_1_86' title='bbox 1263 1241 1370 1324; x_wconf 89' lang='lat' dir='ltr'>pirans</span> <span class='ocrx_word' id='word_1_87' title='bbox 1385 1242 1580 1321; x_wconf 83' lang='lat' dir='ltr'>clamaverit,</span> <span class='ocrx_word' id='word_1_88' title='bbox 1597 1261 1662 1307; x_wconf 93' lang='lat' dir='ltr'>non</span> <span class='ocrx_word' id='word_1_89' title='bbox 1677 1262 1750 1306; x_wconf 93' lang='lat' dir='ltr'>eum</span> <span class='ocrx_word' id='word_1_90' title='bbox 1766 1243 1891 1325; x_wconf 89' lang='lat' dir='ltr'>spernis</span> <span class='ocrx_word' id='word_1_91' title='bbox 1904 1262 1991 1325; x_wconf 90' lang='lat' dir='ltr'>neque</span> <span class='ocrx_word' id='word_1_92' title='bbox 2098 1244 2099 1267; x_wconf 66' lang='lat'>¹</span> 
     </span>
     <span class='ocr_line' id='line_1_9' title="bbox 459 1341 1992 1434; baseline -0.008 -18"><span class='ocrx_word' id='word_1_93' title='bbox 459 1361 553 1434; x_wconf 90' lang='lat' dir='ltr'>atque</span> <span class='ocrx_word' id='word_1_94' title='bbox 575 1350 713 1415; x_wconf 89' lang='lat' dir='ltr'>vicinius</span> <span class='ocrx_word' id='word_1_95' title='bbox 734 1366 827 1430; x_wconf 91' lang='lat' dir='ltr'>posse</span> <span class='ocrx_word' id='word_1_96' title='bbox 846 1344 1031 1410; x_wconf 88' lang='lat' dir='ltr'>consistere.</span> <span class='ocrx_word' id='word_1_97' title='bbox 1264 1341 1430 1421; x_wconf 85' lang='lat' dir='ltr'>relinquis,</span> <span class='ocrx_word' id='word_1_98' title='bbox 1455 1341 1510 1404; x_wconf 91' lang='lat' dir='ltr'>sed</span> <span class='ocrx_word' id='word_1_99' title='bbox 1534 1342 1669 1423; x_wconf 88' lang='lat' dir='ltr'>suscipis</span> <span class='ocrx_word' id='word_1_100' title='bbox 1694 1351 1727 1405; x_wconf 91' lang='lat' dir='ltr'>et</span> <span class='ocrx_word' id='word_1_101' title='bbox 1750 1341 1852 1423; x_wconf 81' lang='lat' dir='ltr'>lovea,</span> <span class='ocrx_word' id='word_1_102' title='bbox 1876 1361 1913 1405; x_wconf 88' lang='lat' dir='ltr'>ac</span> <span class='ocrx_word' id='word_1_103' title='bbox 1939 1362 1992 1405; x_wconf 83' lang='lat' dir='ltr'>me</span> 
     </span>
     <span class='ocr_line' id='line_1_10' title="bbox 499 1438 1989 1524; baseline -0.007 -10"><span class='ocrx_word' id='word_1_104' title='bbox 499 1450 522 1514; x_wconf 91' lang='lat'>0</span> <span class='ocrx_word' id='word_1_105' title='bbox 546 1446 760 1512; x_wconf 88' lang='lat' dir='ltr'>illustrissima</span> <span class='ocrx_word' id='word_1_106' title='bbox 784 1462 971 1524; x_wconf 90' lang='lat' dir='ltr'>summaque</span> <span class='ocrx_word' id='word_1_107' title='bbox 994 1441 1137 1517; x_wconf 84' lang='lat' dir='ltr'>bomine,</span> <span class='ocrx_word' id='word_1_108' title='bbox 1160 1438 1207 1501; x_wconf 92' lang='lat' dir='ltr'>ni·</span> <span class='ocrx_word' id='word_1_109' title='bbox 1263 1439 1380 1502; x_wconf 91' lang='lat' dir='ltr'>tuendo</span> <span class='ocrx_word' id='word_1_110' title='bbox 1396 1459 1469 1502; x_wconf 89' lang='lat' dir='ltr'>cum</span> <span class='ocrx_word' id='word_1_111' title='bbox 1484 1440 1587 1503; x_wconf 89' lang='lat' dir='ltr'>ludici</span> <span class='ocrx_word' id='word_1_112' title='bbox 1606 1439 1793 1504; x_wconf 79' lang='lat' dir='ltr'>fidelissime</span> <span class='ocrx_word' id='word_1_113' title='bbox 1809 1440 1989 1505; x_wconf 85' lang='lat' dir='ltr'>reconcilias.</span> 
     </span>
     <span class='ocr_line' id='line_1_11' title="bbox 459 1535 1992 1623; baseline -0.007 -11"><span class='ocrx_word' id='word_1_114' title='bbox 459 1549 521 1612; x_wconf 90' lang='lat' dir='ltr'>mis</span> <span class='ocrx_word' id='word_1_115' title='bbox 546 1546 638 1611; x_wconf 92' lang='lat' dir='ltr'>nobis</span> <span class='ocrx_word' id='word_1_116' title='bbox 660 1543 807 1608; x_wconf 87' lang='lat' dir='ltr'>amabilis</span> <span class='ocrx_word' id='word_1_117' title='bbox 831 1561 866 1605; x_wconf 92' lang='lat' dir='ltr'>es</span> <span class='ocrx_word' id='word_1_118' title='bbox 891 1548 985 1623; x_wconf 89' lang='lat' dir='ltr'>atque</span> <span class='ocrx_word' id='word_1_119' title='bbox 1009 1539 1137 1617; x_wconf 89' lang='lat' dir='ltr'>suavis;</span> <span class='ocrx_word' id='word_1_120' title='bbox 1162 1546 1204 1616; x_wconf 91' lang='lat' dir='ltr'>et,</span> <span class='ocrx_word' id='word_1_121' title='bbox 1262 1535 1286 1599; x_wconf 92' lang='lat'>0</span> <span class='ocrx_word' id='word_1_122' title='bbox 1309 1544 1387 1618; x_wconf 92' lang='lat' dir='ltr'>quot</span> <span class='ocrx_word' id='word_1_123' title='bbox 1411 1537 1530 1617; x_wconf 91' lang='lat' dir='ltr'>miseri,</span> <span class='ocrx_word' id='word_1_124' title='bbox 1550 1546 1628 1619; x_wconf 91' lang='lat' dir='ltr'>quot</span> <span class='ocrx_word' id='word_1_125' title='bbox 1650 1537 1835 1617; x_wconf 88' lang='lat' dir='ltr'>facinorosi,</span> <span class='ocrx_word' id='word_1_126' title='bbox 1855 1547 1928 1620; x_wconf 86' lang='lat' dir='ltr'>quot</span> <span class='ocrx_word' id='word_1_127' title='bbox 1949 1540 1992 1601; x_wconf 81' lang='lat' dir='ltr'>de</span> 
     </span>
     <span class='ocr_line' id='line_1_12' title="bbox 459 1626 2100 1724; baseline -0.009 -13"><span class='ocrx_word' id='word_1_128' title='bbox 459 1656 495 1711; x_wconf 92' lang='lat' dir='ltr'>ut</span> <span class='ocrx_word' id='word_1_129' title='bbox 509 1665 622 1710; x_wconf 91' lang='lat' dir='ltr'>verum</span> <span class='ocrx_word' id='word_1_130' title='bbox 642 1644 754 1721; x_wconf 83' lang='lat' dir='ltr'>fatear,</span> <span class='ocrx_word' id='word_1_131' title='bbox 771 1643 842 1724; x_wconf 88' lang='lat' dir='ltr'>ipso</span> <span class='ocrx_word' id='word_1_132' title='bbox 863 1639 1078 1722; x_wconf 85' lang='lat' dir='ltr'>quoquelleo,</span> <span class='ocrx_word' id='word_1_133' title='bbox 1095 1656 1207 1700; x_wconf 87' lang='lat' dir='ltr'>seeun—</span> <span class='ocrx_word' id='word_1_134' title='bbox 1263 1655 1350 1698; x_wconf 92' lang='lat' dir='ltr'>mum</span> <span class='ocrx_word' id='word_1_135' title='bbox 1371 1636 1540 1717; x_wconf 91' lang='lat' dir='ltr'>desperati,</span> <span class='ocrx_word' id='word_1_136' title='bbox 1563 1656 1621 1719; x_wconf 90' lang='lat' dir='ltr'>per</span> <span class='ocrx_word' id='word_1_137' title='bbox 1642 1645 1684 1717; x_wconf 90' lang='lat' dir='ltr'>te,</span> <span class='ocrx_word' id='word_1_138' title='bbox 1707 1655 1726 1700; x_wconf 97' lang='lat' dir='ltr'>o</span> <span class='ocrx_word' id='word_1_139' title='bbox 1748 1637 1925 1701; x_wconf 85' lang='lat' dir='ltr'>misericors</span> <span class='ocrx_word' id='word_1_140' title='bbox 1943 1637 1992 1699; x_wconf 73' lang='lat' dir='ltr'>lle</span> <span class='ocrx_word' id='word_1_141' title='bbox 2099 1626 2100 1641; x_wconf 54' lang='lat'>¹</span> 
     </span>
     <span class='ocr_line' id='line_1_13' title="bbox 458 1734 1990 1825; baseline -0.007 -16"><span class='ocrx_word' id='word_1_142' title='bbox 458 1746 535 1809; x_wconf 91' lang='lat' dir='ltr'>dum</span> <span class='ocrx_word' id='word_1_143' title='bbox 549 1743 680 1825; x_wconf 91' lang='lat' dir='ltr'>aliquid,</span> <span class='ocrx_word' id='word_1_144' title='bbox 698 1741 790 1806; x_wconf 90' lang='lat' dir='ltr'>nobis</span> <span class='ocrx_word' id='word_1_145' title='bbox 804 1738 931 1801; x_wconf 90' lang='lat' dir='ltr'>dulcius</span> <span class='ocrx_word' id='word_1_146' title='bbox 946 1736 1043 1819; x_wconf 89' lang='lat' dir='ltr'>sapis,</span> <span class='ocrx_word' id='word_1_147' title='bbox 1059 1734 1205 1817; x_wconf 87' lang='lat' dir='ltr'>quamvis</span> <span class='ocrx_word' id='word_1_148' title='bbox 1263 1734 1320 1813; x_wconf 92' lang='lat' dir='ltr'>ria,</span> <span class='ocrx_word' id='word_1_149' title='bbox 1356 1753 1389 1797; x_wconf 90' lang='lat' dir='ltr'>sc</span> <span class='ocrx_word' id='word_1_150' title='bbox 1424 1734 1559 1799; x_wconf 91' lang='lat' dir='ltr'>salutem</span> <span class='ocrx_word' id='word_1_151' title='bbox 1595 1754 1759 1817; x_wconf 89' lang='lat' dir='ltr'>reparasse</span> <span class='ocrx_word' id='word_1_152' title='bbox 1794 1737 1990 1817; x_wconf 83' lang='lat' dir='ltr'>revixisseque</span> 
     </span>
     <span class='ocr_line' id='line_1_14' title="bbox 457 1833 1425 1923; baseline -0.011 -17"><span class='ocrx_word' id='word_1_153' title='bbox 457 1862 523 1907; x_wconf 91' lang='lat' dir='ltr'>non</span> <span class='ocrx_word' id='word_1_154' title='bbox 551 1861 590 1906; x_wconf 84' lang='lat' dir='ltr'>cx</span> <span class='ocrx_word' id='word_1_155' title='bbox 613 1848 702 1923; x_wconf 84' lang='lat' dir='ltr'>porte</span> <span class='ocrx_word' id='word_1_156' title='bbox 726 1838 781 1903; x_wconf 87' lang='lat' dir='ltr'>Dei</span> <span class='ocrx_word' id='word_1_157' title='bbox 805 1838 860 1900; x_wconf 90' lang='lat' dir='ltr'>sed</span> <span class='ocrx_word' id='word_1_158' title='bbox 883 1835 984 1900; x_wconf 91' lang='lat' dir='ltr'>nostri</span> <span class='ocrx_word' id='word_1_159' title='bbox 1009 1834 1041 1895; x_wconf 89' lang='lat' dir='ltr'>id</span> <span class='ocrx_word' id='word_1_160' title='bbox 1066 1833 1203 1897; x_wconf 91' lang='lat' dir='ltr'>eveniat.</span> <span class='ocrx_word' id='word_1_161' title='bbox 1224 1833 1425 1899; x_wconf 82' lang='lat' dir='ltr'>Bletanturt</span> 
     </span>
     <span class='ocr_line' id='line_1_15' title="bbox 457 1932 1205 2017; baseline -0.015 -11"><span class='ocrx_word' id='word_1_162' title='bbox 457 1940 640 2005; x_wconf 81' lang='lat' dir='ltr'>Invenimus</span> <span class='ocrx_word' id='word_1_163' title='bbox 659 1938 758 2017; x_wconf 91' lang='lat' dir='ltr'>enim,</span> <span class='ocrx_word' id='word_1_164' title='bbox 774 1955 793 2000; x_wconf 94' lang='lat' dir='ltr'>o</span> <span class='ocrx_word' id='word_1_165' title='bbox 807 1936 912 2013; x_wconf 88' lang='lat' dir='ltr'>llaria,</span> <span class='ocrx_word' id='word_1_166' title='bbox 929 1933 962 1995; x_wconf 93' lang='lat' dir='ltr'>in</span> <span class='ocrx_word' id='word_1_167' title='bbox 981 1934 1045 1996; x_wconf 85' lang='lat' dir='ltr'>lleo</span> <span class='ocrx_word' id='word_1_168' title='bbox 1063 1932 1205 2013; x_wconf 76' lang='lat' dir='ltr'>llilioque</span> 
     </span>
     <span class='ocr_line' id='line_1_16' title="bbox 457 2030 1206 2121; baseline -0.019 -17"><span class='ocrx_word' id='word_1_169' title='bbox 457 2050 524 2121; x_wconf 91' lang='lat' dir='ltr'>tuo,</span> <span class='ocrx_word' id='word_1_170' title='bbox 545 2039 664 2102; x_wconf 90' lang='lat' dir='ltr'>nedum</span> <span class='ocrx_word' id='word_1_171' title='bbox 683 2033 912 2099; x_wconf 84' lang='lat' dir='ltr'>misericordie</span> <span class='ocrx_word' id='word_1_172' title='bbox 930 2032 1065 2111; x_wconf 90' lang='lat' dir='ltr'>viscera,</span> <span class='ocrx_word' id='word_1_173' title='bbox 1082 2030 1138 2093; x_wconf 93' lang='lat' dir='ltr'>sed</span> <span class='ocrx_word' id='word_1_174' title='bbox 1156 2030 1206 2110; x_wconf 86' lang='lat' dir='ltr'>ju-</span> 
     </span>
     <span class='ocr_line' id='line_1_17' title="bbox 459 2110 1826 2218; baseline -0.017 -17"><span class='ocrx_word' id='word_1_175' title='bbox 459 2138 551 2201; x_wconf 81' lang='lat' dir='ltr'>stitie</span> <span class='ocrx_word' id='word_1_176' title='bbox 566 2154 692 2218; x_wconf 92' lang='lat' dir='ltr'>quoque</span> <span class='ocrx_word' id='word_1_177' title='bbox 706 2134 855 2215; x_wconf 90' lang='lat' dir='ltr'>rigorem,</span> <span class='ocrx_word' id='word_1_178' title='bbox 871 2129 1136 2213; x_wconf 84' lang='lat' dir='ltr'>judiciariamque</span> <span class='ocrx_word' id='word_1_179' title='bbox 1151 2146 1206 2209; x_wconf 89' lang='lat' dir='ltr'>po-</span> <span class='ocrx_word' id='word_1_180' title='bbox 1433 2110 1679 2176; x_wconf 74' lang='lat' dir='ltr'><strong>ARTIGULUS</strong></span> <span class='ocrx_word' id='word_1_181' title='bbox 1701 2110 1826 2175; x_wconf 84' lang='lat' dir='ltr'>XXVI.</span> 
     </span>
    </p>
   </div>
   <div class='ocr_carea' id='block_1_3' title="bbox 323 2226 1991 2327">
    <p class='ocr_par' dir='ltr' id='par_1_3' title="bbox 323 2226 1991 2327">
     <span class='ocr_line' id='line_1_18' title="bbox 323 2226 1991 2327; baseline 0.006 -15"><span class='ocrx_word' id='word_1_182' title='bbox 323 2254 365 2298; x_wconf 62' lang='grc' dir='ltr'>Ιώ</span> <span class='ocrx_word' id='word_1_183' title='bbox 385 2266 443 2306; x_wconf 70' lang='lat'>¹¹¹¹·</span> <span class='ocrx_word' id='word_1_184' title='bbox 459 2244 616 2315; x_wconf 56' lang='lat' dir='ltr'>mmmm,</span> <span class='ocrx_word' id='word_1_185' title='bbox 636 2252 707 2315; x_wconf 68' lang='lat'>‘1¹¹⁸&#39;</span> <span class='ocrx_word' id='word_1_186' title='bbox 730 2231 775 2293; x_wconf 71' lang='lat' dir='ltr'>¹¹ss</span> <span class='ocrx_word' id='word_1_187' title='bbox 795 2231 870 2292; x_wconf 64' lang='lat' dir='ltr'>mali</span> <span class='ocrx_word' id='word_1_188' title='bbox 890 2229 1103 2291; x_wconf 61' lang='lat' dir='ltr'>indiscussum</span> <span class='ocrx_word' id='word_1_189' title='bbox 1124 2226 1206 2288; x_wconf 60' lang='lat' dir='ltr'>inm*</span> <span class='ocrx_word' id='word_1_190' title='bbox 1262 2259 1537 2327; x_wconf 80' lang='lat' dir='ltr'>Quemadmodum</span> <span class='ocrx_word' id='word_1_191' title='bbox 1555 2278 1597 2318; x_wconf 76' lang='lat' dir='ltr'>em</span> <span class='ocrx_word' id='word_1_192' title='bbox 1610 2260 1828 2319; x_wconf 80' lang='lat' dir='ltr'>mundissimo</span> <span class='ocrx_word' id='word_1_193' title='bbox 1846 2262 1991 2321; x_wconf 73' lang='lat' dir='ltr'>sanctesi-</span> 
     </span>
    </p>
   </div>
   <div class='ocr_carea' id='block_1_4' title="bbox 308 2321 1992 2427">
    <p class='ocr_par' dir='ltr' id='par_1_4' title="bbox 308 2321 1992 2427">
     <span class='ocr_line' id='line_1_19' title="bbox 308 2321 1992 2427; baseline -0.012 -28"><span class='ocrx_word' id='word_1_194' title='bbox 308 2321 400 2425; x_wconf 45' lang='grc' dir='ltr'>ἔξω</span> <span class='ocrx_word' id='word_1_195' title='bbox 422 2382 443 2424; x_wconf 38' lang='lat'>5·</span> <span class='ocrx_word' id='word_1_196' title='bbox 457 2342 565 2397; x_wconf 92' lang='lat' dir='ltr'>tumve</span> <span class='ocrx_word' id='word_1_197' title='bbox 587 2329 749 2410; x_wconf 89' lang='lat' dir='ltr'>relinquit.</span> <span class='ocrx_word' id='word_1_198' title='bbox 765 2326 926 2390; x_wconf 81' lang='lat' dir='ltr'>Terribilis</span> <span class='ocrx_word' id='word_1_199' title='bbox 947 2334 996 2389; x_wconf 90' lang='lat' dir='ltr'>cst</span> <span class='ocrx_word' id='word_1_200' title='bbox 1009 2325 1042 2387; x_wconf 94' lang='lat' dir='ltr'>in</span> <span class='ocrx_word' id='word_1_201' title='bbox 1064 2323 1205 2388; x_wconf 92' lang='lat' dir='ltr'>consiliis</span> <span class='ocrx_word' id='word_1_202' title='bbox 1300 2366 1361 2407; x_wconf 58' lang='grc' dir='ltr'>Μ</span> <span class='ocrx_word' id='word_1_203' title='bbox 1387 2348 1532 2422; x_wconf 52' lang='lat' dir='ltr'>pimini,</span> <span class='ocrx_word' id='word_1_204' title='bbox 1553 2367 1652 2408; x_wconf 60' lang='lat' dir='ltr'>cam,</span> <span class='ocrx_word' id='word_1_205' title='bbox 1676 2348 1882 2410; x_wconf 57' lang='lat' dir='ltr'><em>„emmer</em></span> <span class='ocrx_word' id='word_1_206' title='bbox 1901 2351 1992 2427; x_wconf 52' lang='lat' dir='ltr'>dms,</span> 
     </span>
    </p>
   </div>
   <div class='ocr_carea' id='block_1_5' title="bbox 308 2412 2103 3104">
    <p class='ocr_par' dir='ltr' id='par_1_5' title="bbox 309 2412 1716 2514">
     <span class='ocr_line' id='line_1_20' title="bbox 309 2412 1716 2514; baseline -0.014 -18"><span class='ocrx_word' id='word_1_207' title='bbox 309 2412 443 2503; x_wconf 48' lang='lat' dir='ltr'>neemia.</span> <span class='ocrx_word' id='word_1_208' title='bbox 457 2450 554 2513; x_wconf 90' lang='lat' dir='ltr'>super</span> <span class='ocrx_word' id='word_1_209' title='bbox 567 2428 655 2491; x_wconf 93' lang='lat' dir='ltr'>filios</span> <span class='ocrx_word' id='word_1_210' title='bbox 668 2427 834 2490; x_wconf 90' lang='lat' dir='ltr'>bominum</span> <span class='ocrx_word' id='word_1_211' title='bbox 847 2447 856 2502; x_wconf 81' lang='lat'><em>3</em></span> <span class='ocrx_word' id='word_1_212' title='bbox 871 2422 1206 2505; x_wconf 89' lang='lat' dir='ltr'>incomprehensibilia</span> <span class='ocrx_word' id='word_1_213' title='bbox 1298 2441 1398 2514; x_wconf 57' lang='lat' dir='ltr'>ficata</span> <span class='ocrx_word' id='word_1_214' title='bbox 1412 2438 1454 2495; x_wconf 62' lang='lat'>32¹,</span> <span class='ocrx_word' id='word_1_215' title='bbox 1470 2439 1615 2497; x_wconf 61' lang='lat' dir='ltr'><em>humana</em></span> <span class='ocrx_word' id='word_1_216' title='bbox 1630 2456 1716 2497; x_wconf 44' lang='lat' dir='ltr'><em>caro,</em></span> 
     </span>
    </p>

    <p class='ocr_par' dir='ltr' id='par_1_6' title="bbox 308 2521 2103 3104">
     <span class='ocr_line' id='line_1_21' title="bbox 458 2521 2102 2609; baseline -0.012 -17"><span class='ocrx_word' id='word_1_217' title='bbox 458 2536 533 2592; x_wconf 91' lang='lat' dir='ltr'>sunt</span> <span class='ocrx_word' id='word_1_218' title='bbox 559 2526 679 2609; x_wconf 85' lang='lat' dir='ltr'>judicia</span> <span class='ocrx_word' id='word_1_219' title='bbox 706 2525 787 2607; x_wconf 86' lang='lat' dir='ltr'>ejus,</span> <span class='ocrx_word' id='word_1_220' title='bbox 818 2531 850 2586; x_wconf 91' lang='lat' dir='ltr'>et</span> <span class='ocrx_word' id='word_1_221' title='bbox 877 2521 1116 2604; x_wconf 92' lang='lat' dir='ltr'>investigabiles</span> <span class='ocrx_word' id='word_1_222' title='bbox 1145 2522 1205 2585; x_wconf 78' lang='lat' dir='ltr'>vie</span> <span class='ocrx_word' id='word_1_223' title='bbox 2101 2534 2102 2585; x_wconf 63' lang='lat' dir='ltr'>i</span> 
     </span>
     <span class='ocr_line' id='line_1_22' title="bbox 308 2620 2081 2710; baseline -0.003 -16"><span class='ocrx_word' id='word_1_224' title='bbox 308 2648 442 2700; x_wconf 61' lang='lat' dir='ltr'>secane.</span> <span class='ocrx_word' id='word_1_225' title='bbox 457 2628 566 2710; x_wconf 91' lang='lat' dir='ltr'>ipsius.</span> <span class='ocrx_word' id='word_1_226' title='bbox 586 2627 626 2689; x_wconf 87' lang='lat' dir='ltr'>Et</span> <span class='ocrx_word' id='word_1_227' title='bbox 645 2624 716 2707; x_wconf 91' lang='lat' dir='ltr'>quis</span> <span class='ocrx_word' id='word_1_228' title='bbox 735 2622 885 2705; x_wconf 89' lang='lat' dir='ltr'>cognovit</span> <span class='ocrx_word' id='word_1_229' title='bbox 902 2640 943 2683; x_wconf 92' lang='lat' dir='ltr'>an</span> <span class='ocrx_word' id='word_1_230' title='bbox 962 2638 1070 2683; x_wconf 92' lang='lat' dir='ltr'>amore</span> <span class='ocrx_word' id='word_1_231' title='bbox 1089 2620 1204 2701; x_wconf 91' lang='lat' dir='ltr'>dignus</span> <span class='ocrx_word' id='word_1_232' title='bbox 1330 2625 1502 2688; x_wconf 84' lang='lat' dir='ltr'><em>OMINUS</em></span> <span class='ocrx_word' id='word_1_233' title='bbox 1525 2642 1704 2701; x_wconf 78' lang='lat' dir='ltr'>pauperem</span> <span class='ocrx_word' id='word_1_234' title='bbox 1730 2626 1815 2702; x_wconf 79' lang='lat' dir='ltr'>facit</span> <span class='ocrx_word' id='word_1_235' title='bbox 1846 2638 1878 2688; x_wconf 85' lang='lat' dir='ltr'>et</span> <span class='ocrx_word' id='word_1_236' title='bbox 1907 2631 2081 2705; x_wconf 46' lang='lat' dir='ltr'>ditatorem</span> 
     </span>
     <span class='ocr_line' id='line_1_23' title="bbox 456 2718 2015 2803; baseline -0.003 -13"><span class='ocrx_word' id='word_1_237' title='bbox 456 2728 498 2790; x_wconf 87' lang='lat' dir='ltr'>sit</span> <span class='ocrx_word' id='word_1_238' title='bbox 521 2746 562 2789; x_wconf 89' lang='lat' dir='ltr'>an</span> <span class='ocrx_word' id='word_1_239' title='bbox 589 2725 684 2789; x_wconf 82' lang='lat' dir='ltr'>odiol</span> <span class='ocrx_word' id='word_1_240' title='bbox 708 2721 870 2786; x_wconf 83' lang='lat' dir='ltr'>Perfectus</span> <span class='ocrx_word' id='word_1_241' title='bbox 893 2720 991 2801; x_wconf 86' lang='lat' dir='ltr'>igitur</span> <span class='ocrx_word' id='word_1_242' title='bbox 1019 2727 1050 2782; x_wconf 89' lang='lat' dir='ltr'>et</span> <span class='ocrx_word' id='word_1_243' title='bbox 1074 2719 1204 2782; x_wconf 87' lang='lat' dir='ltr'>caritate</span> <span class='ocrx_word' id='word_1_244' title='bbox 1341 2724 1498 2783; x_wconf 78' lang='lat' dir='ltr'>humiliat</span> <span class='ocrx_word' id='word_1_245' title='bbox 1511 2731 1542 2782; x_wconf 87' lang='lat' dir='ltr'>et</span> <span class='ocrx_word' id='word_1_246' title='bbox 1556 2724 1720 2792; x_wconf 59' lang='lat' dir='ltr'>sublevem·</span> <span class='ocrx_word' id='word_1_247' title='bbox 1733 2726 1871 2786; x_wconf 79' lang='lat' dir='ltr'>suscitat</span> <span class='ocrx_word' id='word_1_248' title='bbox 1885 2718 2015 2803; x_wconf 67' lang='lat' dir='ltr'>deplet-⁸·</span> 
     </span>
     <span class='ocr_line' id='line_1_24' title="bbox 456 2818 1991 2905; baseline -0.002 -16"><span class='ocrx_word' id='word_1_249' title='bbox 456 2827 583 2905; x_wconf 93' lang='lat' dir='ltr'>ardens,</span> <span class='ocrx_word' id='word_1_250' title='bbox 609 2824 709 2886; x_wconf 87' lang='lat' dir='ltr'>Deum</span> <span class='ocrx_word' id='word_1_251' title='bbox 733 2828 769 2883; x_wconf 94' lang='lat' dir='ltr'>ut</span> <span class='ocrx_word' id='word_1_252' title='bbox 791 2827 914 2902; x_wconf 90' lang='lat' dir='ltr'>patrem</span> <span class='ocrx_word' id='word_1_253' title='bbox 938 2818 1060 2899; x_wconf 89' lang='lat' dir='ltr'>diligat.</span> <span class='ocrx_word' id='word_1_254' title='bbox 1088 2818 1204 2881; x_wconf 88' lang='lat' dir='ltr'>Servus</span> <span class='ocrx_word' id='word_1_255' title='bbox 1259 2842 1333 2882; x_wconf 83' lang='lat' dir='ltr'>vere</span> <span class='ocrx_word' id='word_1_256' title='bbox 1355 2840 1502 2898; x_wconf 76' lang='lat' dir='ltr'>epencm,</span> <span class='ocrx_word' id='word_1_257' title='bbox 1521 2829 1552 2881; x_wconf 88' lang='lat' dir='ltr'>et</span> <span class='ocrx_word' id='word_1_258' title='bbox 1579 2824 1620 2881; x_wconf 85' lang='lat' dir='ltr'>de</span> <span class='ocrx_word' id='word_1_259' title='bbox 1643 2830 1783 2882; x_wconf 84' lang='lat' dir='ltr'>stercore</span> <span class='ocrx_word' id='word_1_260' title='bbox 1804 2827 1906 2885; x_wconf 81' lang='lat' dir='ltr'>elevat</span> <span class='ocrx_word' id='word_1_261' title='bbox 1924 2844 1991 2902; x_wconf 85' lang='lat' dir='ltr'>poa·</span> 
     </span>
     <span class='ocr_line' id='line_1_25' title="bbox 456 2916 2103 3005; baseline -0.001 -19"><span class='ocrx_word' id='word_1_262' title='bbox 456 2942 532 2987; x_wconf 93' lang='lat' dir='ltr'>vero</span> <span class='ocrx_word' id='word_1_263' title='bbox 555 2920 740 3005; x_wconf 90' lang='lat' dir='ltr'>proficiens,</span> <span class='ocrx_word' id='word_1_264' title='bbox 762 2918 918 2982; x_wconf 89' lang='lat' dir='ltr'>sollicitus</span> <span class='ocrx_word' id='word_1_265' title='bbox 940 2916 992 2995; x_wconf 90' lang='lat' dir='ltr'>sit,</span> <span class='ocrx_word' id='word_1_266' title='bbox 1012 2924 1046 2979; x_wconf 93' lang='lat' dir='ltr'>et</span> <span class='ocrx_word' id='word_1_267' title='bbox 1069 2935 1142 2979; x_wconf 92' lang='lat' dir='ltr'>cum</span> <span class='ocrx_word' id='word_1_268' title='bbox 1167 2916 1205 2978; x_wconf 91' lang='lat' dir='ltr'>ti·</span> <span class='ocrx_word' id='word_1_269' title='bbox 1255 2940 1377 2998; x_wconf 73' lang='lat' dir='ltr'>peram.</span> <span class='ocrx_word' id='word_1_270' title='bbox 1398 2918 1432 2981; x_wconf 95' lang='lat' dir='ltr'>ln</span> <span class='ocrx_word' id='word_1_271' title='bbox 1456 2917 1530 2996; x_wconf 90' lang='lat' dir='ltr'>boc,</span> <span class='ocrx_word' id='word_1_272' title='bbox 1551 2936 1570 2980; x_wconf 92' lang='lat' dir='ltr'>o</span> <span class='ocrx_word' id='word_1_273' title='bbox 1593 2918 1752 2981; x_wconf 88' lang='lat' dir='ltr'>adorande</span> <span class='ocrx_word' id='word_1_274' title='bbox 1775 2918 1990 3004; x_wconf 81' lang='lat' dir='ltr'>benedictoque</span> <span class='ocrx_word' id='word_1_275' title='bbox 2102 2984 2103 2987; x_wconf 71' lang='grc'>,</span> 
     </span>
     <span class='ocr_line' id='line_1_26' title="bbox 456 3013 2083 3104; baseline -0.003 -21"><span class='ocrx_word' id='word_1_276' title='bbox 456 3040 544 3085; x_wconf 90' lang='lat' dir='ltr'>more</span> <span class='ocrx_word' id='word_1_277' title='bbox 567 3018 681 3082; x_wconf 89' lang='lat' dir='ltr'>initiali</span> <span class='ocrx_word' id='word_1_278' title='bbox 705 3017 744 3080; x_wconf 95' lang='lat' dir='ltr'>ad</span> <span class='ocrx_word' id='word_1_279' title='bbox 769 3033 910 3078; x_wconf 90' lang='lat' dir='ltr'>amorem</span> <span class='ocrx_word' id='word_1_280' title='bbox 932 3013 1093 3096; x_wconf 89' lang='lat' dir='ltr'>proficisci</span> <span class='ocrx_word' id='word_1_281' title='bbox 1116 3013 1241 3086; x_wconf 86' lang='lat' dir='ltr'>festi-c</span> <span class='ocrx_word' id='word_1_282' title='bbox 1260 3019 1353 3096; x_wconf 86' lang='lat' dir='ltr'>Deus,</span> <span class='ocrx_word' id='word_1_283' title='bbox 1372 3016 1609 3098; x_wconf 85' lang='lat' dir='ltr'>omnipotentie</span> <span class='ocrx_word' id='word_1_284' title='bbox 1627 3024 1688 3080; x_wconf 81' lang='lat' dir='ltr'>tue</span> <span class='ocrx_word' id='word_1_285' title='bbox 1706 3017 1864 3082; x_wconf 82' lang='lat' dir='ltr'>libertus*</span> <span class='ocrx_word' id='word_1_286' title='bbox 1880 3021 1912 3083; x_wconf 93' lang='lat' dir='ltr'>in</span> <span class='ocrx_word' id='word_1_287' title='bbox 1930 3040 2083 3104; x_wconf 57' lang='lat' dir='ltr'>opem</span> 
     </span>
    </p>
   </div>
   <div class='ocr_carea' id='block_1_6' title="bbox 308 3211 1992 3298">
    <p class='ocr_par' dir='ltr' id='par_1_7' title="bbox 308 3211 1992 3298">
     <span class='ocr_line' id='line_1_27' title="bbox 308 3211 1992 3298; baseline 0 -19"><span class='ocrx_word' id='word_1_288' title='bbox 308 3233 441 3291; x_wconf 61' lang='lat' dir='ltr'>ritem,</span> <span class='ocrx_word' id='word_1_289' title='bbox 455 3216 606 3298; x_wconf 91' lang='lat' dir='ltr'>vitiisque</span> <span class='ocrx_word' id='word_1_290' title='bbox 621 3215 792 3291; x_wconf 89' lang='lat' dir='ltr'>reluctans,</span> <span class='ocrx_word' id='word_1_291' title='bbox 809 3231 883 3275; x_wconf 90' lang='lat' dir='ltr'>cum</span> <span class='ocrx_word' id='word_1_292' title='bbox 897 3211 1009 3274; x_wconf 91' lang='lat' dir='ltr'>timore</span> <span class='ocrx_word' id='word_1_293' title='bbox 1023 3219 1055 3273; x_wconf 91' lang='lat' dir='ltr'>et</span> <span class='ocrx_word' id='word_1_294' title='bbox 1069 3219 1205 3274; x_wconf 87' lang='lat' dir='ltr'>tremore</span> <span class='ocrx_word' id='word_1_295' title='bbox 1260 3221 1373 3276; x_wconf 89' lang='lat' dir='ltr'>natura</span> <span class='ocrx_word' id='word_1_296' title='bbox 1393 3211 1515 3275; x_wconf 90' lang='lat' dir='ltr'>entium</span> <span class='ocrx_word' id='word_1_297' title='bbox 1536 3229 1601 3275; x_wconf 92' lang='lat' dir='ltr'>non</span> <span class='ocrx_word' id='word_1_298' title='bbox 1622 3212 1728 3293; x_wconf 86' lang='lat' dir='ltr'>babet,</span> <span class='ocrx_word' id='word_1_299' title='bbox 1745 3222 1811 3278; x_wconf 90' lang='lat' dir='ltr'>tam</span> <span class='ocrx_word' id='word_1_300' title='bbox 1833 3217 1992 3281; x_wconf 85' lang='lat' dir='ltr'>eminenter</span> 
     </span>
    </p>
   </div>
   <div class='ocr_carea' id='block_1_7' title="bbox 456 3113 1990 3201">
    <p class='ocr_par' dir='ltr' id='par_1_8' title="bbox 456 3113 2104 3445">
     <span class='ocr_line' id='line_1_28' title="bbox 456 3113 1990 3201; baseline 0.001 -20"><span class='ocrx_word' id='word_1_301' title='bbox 456 3117 689 3199; x_wconf 90' lang='lat' dir='ltr'>net.lncipions</span> <span class='ocrx_word' id='word_1_302' title='bbox 704 3123 821 3192; x_wconf 91' lang='lat' dir='ltr'>autem,</span> <span class='ocrx_word' id='word_1_303' title='bbox 837 3113 947 3195; x_wconf 89' lang='lat' dir='ltr'>culpas</span> <span class='ocrx_word' id='word_1_304' title='bbox 962 3132 1036 3175; x_wconf 91' lang='lat' dir='ltr'>suas</span> <span class='ocrx_word' id='word_1_305' title='bbox 1050 3113 1205 3196; x_wconf 80' lang='lat' dir='ltr'>plangens</span> <span class='ocrx_word' id='word_1_306' title='bbox 1260 3116 1358 3178; x_wconf 92' lang='lat' dir='ltr'>rando</span> <span class='ocrx_word' id='word_1_307' title='bbox 1378 3113 1633 3197; x_wconf 91' lang='lat' dir='ltr'>splendidissime</span> <span class='ocrx_word' id='word_1_308' title='bbox 1658 3115 1754 3195; x_wconf 89' lang='lat' dir='ltr'>lucet,</span> <span class='ocrx_word' id='word_1_309' title='bbox 1775 3120 1861 3199; x_wconf 92' lang='lat' dir='ltr'>quod</span> <span class='ocrx_word' id='word_1_310' title='bbox 1880 3139 1990 3201; x_wconf 88' lang='lat' dir='ltr'>eaque</span> 
     </span>
    </p>
   </div>
   <div class='ocr_carea' id='block_1_8' title="bbox 308 3308 2104 5359">
    <p class='ocr_par' dir='ltr' id='par_1_9' title="bbox 308 3308 2104 5359">
     <span class='ocr_line' id='line_1_29' title="bbox 456 3308 1993 3399; baseline -0.001 -21"><span class='ocrx_word' id='word_1_311' title='bbox 456 3314 618 3399; x_wconf 90' lang='lat' dir='ltr'>propriam</span> <span class='ocrx_word' id='word_1_312' title='bbox 651 3318 800 3393; x_wconf 89' lang='lat' dir='ltr'>operetur</span> <span class='ocrx_word' id='word_1_313' title='bbox 827 3310 973 3387; x_wconf 85' lang='lat' dir='ltr'>salutem,</span> <span class='ocrx_word' id='word_1_314' title='bbox 1002 3327 1066 3372; x_wconf 92' lang='lat' dir='ltr'>non</span> <span class='ocrx_word' id='word_1_315' title='bbox 1095 3309 1205 3390; x_wconf 91' lang='lat' dir='ltr'>utique</span> <span class='ocrx_word' id='word_1_316' title='bbox 1261 3312 1293 3375; x_wconf 91' lang='lat' dir='ltr'>in</span> <span class='ocrx_word' id='word_1_317' title='bbox 1318 3310 1414 3373; x_wconf 90' lang='lat' dir='ltr'>rebus</span> <span class='ocrx_word' id='word_1_318' title='bbox 1438 3308 1555 3391; x_wconf 88' lang='lat' dir='ltr'>efficis,</span> <span class='ocrx_word' id='word_1_319' title='bbox 1576 3312 1659 3391; x_wconf 90' lang='lat' dir='ltr'>quod</span> <span class='ocrx_word' id='word_1_320' title='bbox 1685 3330 1723 3375; x_wconf 91' lang='lat' dir='ltr'>ca</span> <span class='ocrx_word' id='word_1_321' title='bbox 1745 3332 1817 3395; x_wconf 79' lang='lat' dir='ltr'>quae</span> <span class='ocrx_word' id='word_1_322' title='bbox 1843 3335 1898 3397; x_wconf 91' lang='lat' dir='ltr'>per</span> <span class='ocrx_word' id='word_1_323' title='bbox 1917 3324 1993 3378; x_wconf 86' lang='lat' dir='ltr'>natu-</span> 
     </span>
     <span class='ocr_line' id='line_1_30' title="bbox 308 3405 2104 3495; baseline -0.002 -19"><span class='ocrx_word' id='word_1_324' title='bbox 308 3432 442 3481; x_wconf 57' lang='lat' dir='ltr'>neenec.</span> <span class='ocrx_word' id='word_1_325' title='bbox 456 3412 650 3477; x_wconf 91' lang='lat' dir='ltr'>obliviscens</span> <span class='ocrx_word' id='word_1_326' title='bbox 665 3428 761 3492; x_wconf 87' lang='lat' dir='ltr'>quam</span> <span class='ocrx_word' id='word_1_327' title='bbox 784 3408 826 3470; x_wconf 93' lang='lat' dir='ltr'>sit</span> <span class='ocrx_word' id='word_1_328' title='bbox 844 3405 995 3469; x_wconf 90' lang='lat' dir='ltr'>horribile</span> <span class='ocrx_word' id='word_1_329' title='bbox 1009 3405 1151 3469; x_wconf 87' lang='lat' dir='ltr'>incidere</span> <span class='ocrx_word' id='word_1_330' title='bbox 1171 3407 1205 3468; x_wconf 90' lang='lat' dir='ltr'>in</span> <span class='ocrx_word' id='word_1_331' title='bbox 1261 3430 1328 3472; x_wconf 92' lang='lat' dir='ltr'>ram</span> <span class='ocrx_word' id='word_1_332' title='bbox 1349 3416 1403 3471; x_wconf 89' lang='lat' dir='ltr'>aut</span> <span class='ocrx_word' id='word_1_333' title='bbox 1423 3408 1488 3470; x_wconf 92' lang='lat' dir='ltr'>ima</span> <span class='ocrx_word' id='word_1_334' title='bbox 1511 3416 1585 3471; x_wconf 91' lang='lat' dir='ltr'>sunt</span> <span class='ocrx_word' id='word_1_335' title='bbox 1605 3416 1659 3471; x_wconf 91' lang='lat' dir='ltr'>aut</span> <span class='ocrx_word' id='word_1_336' title='bbox 1679 3419 1765 3473; x_wconf 89' lang='lat' dir='ltr'>certe</span> <span class='ocrx_word' id='word_1_337' title='bbox 1786 3412 1931 3491; x_wconf 85' lang='lat' dir='ltr'>declivia,</span> <span class='ocrx_word' id='word_1_338' title='bbox 1946 3432 1993 3495; x_wconf 90' lang='lat' dir='ltr'>per</span> <span class='ocrx_word' id='word_1_339' title='bbox 2103 3450 2104 3473; x_wconf 52' lang='lat' dir='ltr'>i</span> 
     </span>
     <span class='ocr_line' id='line_1_31' title="bbox 456 3504 1992 3592; baseline -0.002 -17"><span class='ocrx_word' id='word_1_340' title='bbox 456 3530 570 3575; x_wconf 91' lang='lat' dir='ltr'>manus</span> <span class='ocrx_word' id='word_1_341' title='bbox 597 3509 654 3573; x_wconf 89' lang='lat' dir='ltr'>Dei</span> <span class='ocrx_word' id='word_1_342' title='bbox 681 3505 832 3571; x_wconf 92' lang='lat' dir='ltr'>viventis.</span> <span class='ocrx_word' id='word_1_343' title='bbox 859 3506 954 3568; x_wconf 90' lang='lat' dir='ltr'>Porro</span> <span class='ocrx_word' id='word_1_344' title='bbox 983 3504 1207 3586; x_wconf 77' lang='lat' dir='ltr'>prevaricator</span> <span class='ocrx_word' id='word_1_345' title='bbox 1261 3526 1381 3571; x_wconf 90' lang='lat' dir='ltr'>meram</span> <span class='ocrx_word' id='word_1_346' title='bbox 1397 3506 1442 3569; x_wconf 92' lang='lat' dir='ltr'>tui</span> <span class='ocrx_word' id='word_1_347' title='bbox 1457 3506 1591 3588; x_wconf 87' lang='lat' dir='ltr'>gratiam</span> <span class='ocrx_word' id='word_1_348' title='bbox 1611 3506 1674 3570; x_wconf 85' lang='lat' dir='ltr'>alto</span> <span class='ocrx_word' id='word_1_349' title='bbox 1692 3508 1903 3592; x_wconf 83' lang='lat' dir='ltr'>vicissimque</span> <span class='ocrx_word' id='word_1_350' title='bbox 1922 3530 1992 3574; x_wconf 91' lang='lat' dir='ltr'>sum·</span> 
     </span>
     <span class='ocr_line' id='line_1_32' title="bbox 308 3603 1512 3691; baseline -0.004 -19"><span class='ocrx_word' id='word_1_351' title='bbox 308 3628 442 3679; x_wconf 62' lang='lat' dir='ltr'>retum.</span> <span class='ocrx_word' id='word_1_352' title='bbox 456 3618 550 3691; x_wconf 89' lang='lat' dir='ltr'>atque</span> <span class='ocrx_word' id='word_1_353' title='bbox 570 3614 782 3689; x_wconf 89' lang='lat' dir='ltr'>contemptor,</span> <span class='ocrx_word' id='word_1_354' title='bbox 799 3604 855 3685; x_wconf 91' lang='lat' dir='ltr'>qui</span> <span class='ocrx_word' id='word_1_355' title='bbox 876 3603 1000 3666; x_wconf 78' lang='lat' dir='ltr'>laetatur</span> <span class='ocrx_word' id='word_1_356' title='bbox 1020 3620 1119 3683; x_wconf 91' lang='lat' dir='ltr'>quum</span> <span class='ocrx_word' id='word_1_357' title='bbox 1141 3622 1206 3665; x_wconf 92' lang='lat' dir='ltr'>ma·</span> <span class='ocrx_word' id='word_1_358' title='bbox 1261 3625 1313 3669; x_wconf 91' lang='lat' dir='ltr'>ma</span> <span class='ocrx_word' id='word_1_359' title='bbox 1335 3604 1512 3669; x_wconf 90' lang='lat' dir='ltr'>constituis.</span> 
     </span>
     <span class='ocr_line' id='line_1_33' title="bbox 456 3699 1994 3786; baseline 0.001 -16"><span class='ocrx_word' id='word_1_360' title='bbox 456 3706 610 3786; x_wconf 92' lang='lat' dir='ltr'>lcfecarit,</span> <span class='ocrx_word' id='word_1_361' title='bbox 639 3714 672 3769; x_wconf 91' lang='lat' dir='ltr'>et</span> <span class='ocrx_word' id='word_1_362' title='bbox 698 3703 833 3767; x_wconf 82' lang='lat' dir='ltr'>exsultat</span> <span class='ocrx_word' id='word_1_363' title='bbox 861 3699 895 3762; x_wconf 95' lang='lat' dir='ltr'>in</span> <span class='ocrx_word' id='word_1_364' title='bbox 923 3699 1018 3763; x_wconf 91' lang='lat' dir='ltr'>rebus</span> <span class='ocrx_word' id='word_1_365' title='bbox 1045 3700 1204 3781; x_wconf 89' lang='lat' dir='ltr'>pessimis,</span> <span class='ocrx_word' id='word_1_366' title='bbox 1300 3702 1345 3766; x_wconf 90' lang='lat' dir='ltr'>Ne</span> <span class='ocrx_word' id='word_1_367' title='bbox 1364 3702 1498 3765; x_wconf 91' lang='lat' dir='ltr'>nimium</span> <span class='ocrx_word' id='word_1_368' title='bbox 1520 3702 1728 3784; x_wconf 87' lang='lat' dir='ltr'>contristeris,</span> <span class='ocrx_word' id='word_1_369' title='bbox 1744 3724 1764 3769; x_wconf 94' lang='lat' dir='ltr'>o</span> <span class='ocrx_word' id='word_1_370' title='bbox 1783 3706 1891 3772; x_wconf 90' lang='lat' dir='ltr'>bomo.</span> <span class='ocrx_word' id='word_1_371' title='bbox 1905 3708 1994 3771; x_wconf 86' lang='lat' dir='ltr'>Enim·</span> 
     </span>
     <span class='ocr_line' id='line_1_34' title="bbox 322 3799 1993 3881; baseline -0.001 -12"><span class='ocrx_word' id='word_1_372' title='bbox 322 3824 441 3881; x_wconf 55' lang='lat' dir='ltr'>sama</span> <span class='ocrx_word' id='word_1_373' title='bbox 457 3804 664 3869; x_wconf 89' lang='lat' dir='ltr'>conturbetur</span> <span class='ocrx_word' id='word_1_374' title='bbox 690 3810 722 3865; x_wconf 91' lang='lat' dir='ltr'>et</span> <span class='ocrx_word' id='word_1_375' title='bbox 749 3807 883 3877; x_wconf 88' lang='lat' dir='ltr'>arescat,</span> <span class='ocrx_word' id='word_1_376' title='bbox 909 3806 942 3861; x_wconf 93' lang='lat' dir='ltr'>et</span> <span class='ocrx_word' id='word_1_377' title='bbox 969 3817 1033 3880; x_wconf 84' lang='lat' dir='ltr'>pre</span> <span class='ocrx_word' id='word_1_378' title='bbox 1061 3799 1206 3879; x_wconf 81' lang='lat' dir='ltr'>angustia</span> <span class='ocrx_word' id='word_1_379' title='bbox 1261 3820 1336 3866; x_wconf 91' lang='lat' dir='ltr'>vero</span> <span class='ocrx_word' id='word_1_380' title='bbox 1359 3801 1451 3863; x_wconf 91' lang='lat' dir='ltr'>multi</span> <span class='ocrx_word' id='word_1_381' title='bbox 1476 3801 1576 3864; x_wconf 90' lang='lat' dir='ltr'>multa</span> <span class='ocrx_word' id='word_1_382' title='bbox 1599 3802 1639 3865; x_wconf 90' lang='lat' dir='ltr'>de</span> <span class='ocrx_word' id='word_1_383' title='bbox 1662 3802 1791 3866; x_wconf 89' lang='lat' dir='ltr'>miseria</span> <span class='ocrx_word' id='word_1_384' title='bbox 1815 3806 1993 3870; x_wconf 88' lang='lat' dir='ltr'>conditionis</span> 
     </span>
     <span class='ocr_line' id='line_1_35' title="bbox 457 3895 1992 3986; baseline -0.001 -20"><span class='ocrx_word' id='word_1_385' title='bbox 457 3903 587 3986; x_wconf 91' lang='lat' dir='ltr'>spiritus</span> <span class='ocrx_word' id='word_1_386' title='bbox 611 3902 695 3964; x_wconf 93' lang='lat' dir='ltr'>intra</span> <span class='ocrx_word' id='word_1_387' title='bbox 718 3919 753 3963; x_wconf 93' lang='lat' dir='ltr'>se</span> <span class='ocrx_word' id='word_1_388' title='bbox 777 3906 893 3980; x_wconf 91' lang='lat' dir='ltr'>gemat,</span> <span class='ocrx_word' id='word_1_389' title='bbox 915 3896 1044 3978; x_wconf 90' lang='lat' dir='ltr'>etquid</span> <span class='ocrx_word' id='word_1_390' title='bbox 1069 3895 1129 3959; x_wconf 92' lang='lat' dir='ltr'>sibi</span> <span class='ocrx_word' id='word_1_391' title='bbox 1154 3917 1206 3959; x_wconf 91' lang='lat' dir='ltr'>su·</span> <span class='ocrx_word' id='word_1_392' title='bbox 1260 3909 1321 3965; x_wconf 77' lang='lat' dir='ltr'>tuas</span> <span class='ocrx_word' id='word_1_393' title='bbox 1345 3900 1492 3963; x_wconf 86' lang='lat' dir='ltr'>dixerunt</span> <span class='ocrx_word' id='word_1_394' title='bbox 1520 3907 1614 3981; x_wconf 91' lang='lat' dir='ltr'>atque</span> <span class='ocrx_word' id='word_1_395' title='bbox 1643 3900 1861 3984; x_wconf 88' lang='lat' dir='ltr'>scripserunt;</span> <span class='ocrx_word' id='word_1_396' title='bbox 1887 3905 1938 3967; x_wconf 88' lang='lat' dir='ltr'>sed</span> <span class='ocrx_word' id='word_1_397' title='bbox 1959 3922 1992 3965; x_wconf 91' lang='lat' dir='ltr'>en</span> 
     </span>
     <span class='ocr_line' id='line_1_36' title="bbox 457 3994 1993 4084; baseline -0.001 -20"><span class='ocrx_word' id='word_1_398' title='bbox 457 4008 685 4084; x_wconf 89' lang='lat' dir='ltr'>perventurum</span> <span class='ocrx_word' id='word_1_399' title='bbox 699 3998 741 4061; x_wconf 91' lang='lat' dir='ltr'>sit</span> <span class='ocrx_word' id='word_1_400' title='bbox 754 3996 940 4079; x_wconf 88' lang='lat' dir='ltr'>perpendat.</span> <span class='ocrx_word' id='word_1_401' title='bbox 956 3994 1028 4057; x_wconf 92' lang='lat' dir='ltr'>lstis</span> <span class='ocrx_word' id='word_1_402' title='bbox 1042 3994 1125 4058; x_wconf 87' lang='lat' dir='ltr'>Deus</span> <span class='ocrx_word' id='word_1_403' title='bbox 1144 4003 1207 4058; x_wconf 92' lang='lat' dir='ltr'>ter-</span> <span class='ocrx_word' id='word_1_404' title='bbox 1260 4016 1364 4081; x_wconf 88' lang='lat' dir='ltr'>neque</span> <span class='ocrx_word' id='word_1_405' title='bbox 1391 4016 1449 4079; x_wconf 90' lang='lat' dir='ltr'>per</span> <span class='ocrx_word' id='word_1_406' title='bbox 1476 3996 1603 4078; x_wconf 83' lang='lat' dir='ltr'>culpem</span> <span class='ocrx_word' id='word_1_407' title='bbox 1638 4017 1740 4080; x_wconf 91' lang='lat' dir='ltr'>neque</span> <span class='ocrx_word' id='word_1_408' title='bbox 1769 4019 1828 4081; x_wconf 92' lang='lat' dir='ltr'>per</span> <span class='ocrx_word' id='word_1_409' title='bbox 1862 4011 1993 4065; x_wconf 87' lang='lat' dir='ltr'>naturam</span> 
     </span>
     <span class='ocr_line' id='line_1_37' title="bbox 457 4092 1993 4177; baseline -0.001 -15"><span class='ocrx_word' id='word_1_410' title='bbox 457 4099 561 4162; x_wconf 92' lang='lat' dir='ltr'>ribilis</span> <span class='ocrx_word' id='word_1_411' title='bbox 594 4106 653 4177; x_wconf 92' lang='lat' dir='ltr'>est,</span> <span class='ocrx_word' id='word_1_412' title='bbox 683 4095 859 4159; x_wconf 92' lang='lat' dir='ltr'>secundum</span> <span class='ocrx_word' id='word_1_413' title='bbox 894 4092 998 4173; x_wconf 83' lang='lat' dir='ltr'>majus</span> <span class='ocrx_word' id='word_1_414' title='bbox 1032 4100 1139 4156; x_wconf 81' lang='lat' dir='ltr'>temen</span> <span class='ocrx_word' id='word_1_415' title='bbox 1175 4102 1206 4156; x_wconf 91' lang='lat' dir='ltr'>ct</span> <span class='ocrx_word' id='word_1_416' title='bbox 1260 4100 1382 4156; x_wconf 86' lang='lat' dir='ltr'>tantum</span> <span class='ocrx_word' id='word_1_417' title='bbox 1401 4102 1455 4157; x_wconf 92' lang='lat' dir='ltr'>aut</span> <span class='ocrx_word' id='word_1_418' title='bbox 1477 4094 1612 4158; x_wconf 79' lang='lat' dir='ltr'>miserie</span> <span class='ocrx_word' id='word_1_419' title='bbox 1633 4096 1685 4158; x_wconf 91' lang='lat' dir='ltr'>vel</span> <span class='ocrx_word' id='word_1_420' title='bbox 1705 4097 1838 4162; x_wconf 90' lang='lat' dir='ltr'>vilitatis</span> <span class='ocrx_word' id='word_1_421' title='bbox 1860 4100 1893 4161; x_wconf 93' lang='lat' dir='ltr'>in</span> <span class='ocrx_word' id='word_1_422' title='bbox 1912 4118 1993 4163; x_wconf 85' lang='lat' dir='ltr'>carne</span> 
     </span>
     <span class='ocr_line' id='line_1_38' title="bbox 457 4190 1992 4278; baseline 0 -19"><span class='ocrx_word' id='word_1_423' title='bbox 457 4196 575 4260; x_wconf 91' lang='lat' dir='ltr'>minus.</span> <span class='ocrx_word' id='word_1_424' title='bbox 593 4196 654 4258; x_wconf 88' lang='lat' dir='ltr'>Sed</span> <span class='ocrx_word' id='word_1_425' title='bbox 677 4201 759 4273; x_wconf 93' lang='lat' dir='ltr'>tu,o</span> <span class='ocrx_word' id='word_1_426' title='bbox 782 4191 951 4255; x_wconf 86' lang='lat' dir='ltr'>benedicta</span> <span class='ocrx_word' id='word_1_427' title='bbox 973 4190 1079 4269; x_wconf 86' lang='lat' dir='ltr'>ldaria,</span> <span class='ocrx_word' id='word_1_428' title='bbox 1097 4199 1131 4253; x_wconf 91' lang='lat' dir='ltr'>tu</span> <span class='ocrx_word' id='word_1_429' title='bbox 1154 4192 1205 4255; x_wconf 92' lang='lat' dir='ltr'>bis</span> <span class='ocrx_word' id='word_1_430' title='bbox 1219 4198 1244 4261; x_wconf 84' lang='lat' dir='ltr'>l]</span> <span class='ocrx_word' id='word_1_431' title='bbox 1260 4199 1314 4254; x_wconf 92' lang='lat' dir='ltr'>tua</span> <span class='ocrx_word' id='word_1_432' title='bbox 1327 4192 1483 4270; x_wconf 88' lang='lat' dir='ltr'>consistit,</span> <span class='ocrx_word' id='word_1_433' title='bbox 1499 4201 1651 4273; x_wconf 87' lang='lat' dir='ltr'>quantam</span> <span class='ocrx_word' id='word_1_434' title='bbox 1672 4194 1776 4258; x_wconf 90' lang='lat' dir='ltr'>eidem</span> <span class='ocrx_word' id='word_1_435' title='bbox 1795 4214 1992 4278; x_wconf 73' lang='lat' dir='ltr'>percarum,</span> 
     </span>
     <span class='ocr_line' id='line_1_39' title="bbox 456 4289 1994 4377; baseline 0.002 -20"><span class='ocrx_word' id='word_1_436' title='bbox 456 4313 583 4377; x_wconf 88' lang='lat' dir='ltr'>quoque</span> <span class='ocrx_word' id='word_1_437' title='bbox 604 4293 736 4356; x_wconf 90' lang='lat' dir='ltr'>unicum</span> <span class='ocrx_word' id='word_1_438' title='bbox 757 4289 957 4372; x_wconf 83' lang='lat' dir='ltr'>refrigerium</span> <span class='ocrx_word' id='word_1_439' title='bbox 978 4308 1024 4368; x_wconf 90' lang='lat' dir='ltr'>es,</span> <span class='ocrx_word' id='word_1_440' title='bbox 1044 4297 1076 4351; x_wconf 94' lang='lat' dir='ltr'>et</span> <span class='ocrx_word' id='word_1_441' title='bbox 1098 4290 1205 4372; x_wconf 91' lang='lat' dir='ltr'>singu·</span> <span class='ocrx_word' id='word_1_442' title='bbox 1260 4289 1293 4351; x_wconf 93' lang='lat' dir='ltr'>in</span> <span class='ocrx_word' id='word_1_443' title='bbox 1318 4309 1413 4353; x_wconf 89' lang='lat' dir='ltr'>carne</span> <span class='ocrx_word' id='word_1_444' title='bbox 1438 4298 1469 4353; x_wconf 91' lang='lat' dir='ltr'>et</span> <span class='ocrx_word' id='word_1_445' title='bbox 1492 4309 1531 4353; x_wconf 84' lang='lat' dir='ltr'>ex</span> <span class='ocrx_word' id='word_1_446' title='bbox 1554 4310 1650 4355; x_wconf 90' lang='lat' dir='ltr'>carue</span> <span class='ocrx_word' id='word_1_447' title='bbox 1671 4311 1768 4357; x_wconf 82' lang='lat' dir='ltr'>sacrae</span> <span class='ocrx_word' id='word_1_448' title='bbox 1789 4295 1994 4359; x_wconf 79' lang='lat' dir='ltr'>divinissime</span> 
     </span>
     <span class='ocr_line' id='line_1_40' title="bbox 455 4387 1992 4470; baseline -0.001 -15"><span class='ocrx_word' id='word_1_449' title='bbox 455 4394 522 4457; x_wconf 92' lang='lat' dir='ltr'>lare</span> <span class='ocrx_word' id='word_1_450' title='bbox 537 4391 700 4470; x_wconf 82' lang='lat' dir='ltr'>solatium3</span> <span class='ocrx_word' id='word_1_451' title='bbox 717 4390 836 4453; x_wconf 92' lang='lat' dir='ltr'>nedum</span> <span class='ocrx_word' id='word_1_452' title='bbox 849 4387 943 4469; x_wconf 82' lang='lat' dir='ltr'>justis</span> <span class='ocrx_word' id='word_1_453' title='bbox 957 4395 1052 4468; x_wconf 90' lang='lat' dir='ltr'>atquc</span> <span class='ocrx_word' id='word_1_454' title='bbox 1067 4388 1201 4467; x_wconf 91' lang='lat' dir='ltr'>devotis,</span> <span class='ocrx_word' id='word_1_455' title='bbox 1259 4406 1320 4470; x_wconf 90' lang='lat' dir='ltr'>quc</span> <span class='ocrx_word' id='word_1_456' title='bbox 1344 4388 1456 4469; x_wconf 85' lang='lat' dir='ltr'>ldariae,</span> <span class='ocrx_word' id='word_1_457' title='bbox 1480 4396 1628 4470; x_wconf 84' lang='lat' dir='ltr'>prestare</span> <span class='ocrx_word' id='word_1_458' title='bbox 1652 4390 1852 4456; x_wconf 85' lang='lat' dir='ltr'>nobilitatem</span> <span class='ocrx_word' id='word_1_459' title='bbox 1877 4403 1909 4458; x_wconf 91' lang='lat' dir='ltr'>et</span> <span class='ocrx_word' id='word_1_460' title='bbox 1930 4395 1992 4456; x_wconf 91' lang='lat' dir='ltr'>item</span> 
     </span>
     <span class='ocr_line' id='line_1_41' title="bbox 455 4486 1993 4574; baseline -0.002 -19"><span class='ocrx_word' id='word_1_461' title='bbox 455 4492 511 4555; x_wconf 92' lang='lat' dir='ltr'>sed</span> <span class='ocrx_word' id='word_1_462' title='bbox 540 4490 667 4554; x_wconf 89' lang='lat' dir='ltr'>miseris</span> <span class='ocrx_word' id='word_1_463' title='bbox 692 4507 819 4571; x_wconf 91' lang='lat' dir='ltr'>quoque</span> <span class='ocrx_word' id='word_1_464' title='bbox 848 4487 987 4568; x_wconf 91' lang='lat' dir='ltr'>itemque</span> <span class='ocrx_word' id='word_1_465' title='bbox 1015 4486 1202 4569; x_wconf 84' lang='lat' dir='ltr'>desperatis,</span> <span class='ocrx_word' id='word_1_466' title='bbox 1259 4486 1486 4550; x_wconf 88' lang='lat' dir='ltr'>beatitudinem</span> <span class='ocrx_word' id='word_1_467' title='bbox 1515 4489 1753 4571; x_wconf 90' lang='lat' dir='ltr'>superclemens</span> <span class='ocrx_word' id='word_1_468' title='bbox 1780 4492 1993 4574; x_wconf 87' lang='lat' dir='ltr'>dignatusest</span> 
     </span>
     <span class='ocr_line' id='line_1_42' title="bbox 453 4584 1418 4673; baseline -0.005 -19"><span class='ocrx_word' id='word_1_469' title='bbox 453 4608 585 4673; x_wconf 90' lang='lat' dir='ltr'>prorsus</span> <span class='ocrx_word' id='word_1_470' title='bbox 607 4585 775 4669; x_wconf 90' lang='lat' dir='ltr'>diligibilis</span> <span class='ocrx_word' id='word_1_471' title='bbox 796 4604 830 4649; x_wconf 91' lang='lat' dir='ltr'>es</span> <span class='ocrx_word' id='word_1_472' title='bbox 852 4590 946 4665; x_wconf 91' lang='lat' dir='ltr'>atque</span> <span class='ocrx_word' id='word_1_473' title='bbox 969 4584 1088 4647; x_wconf 91' lang='lat' dir='ltr'>suavis.</span> <span class='ocrx_word' id='word_1_474' title='bbox 1259 4585 1418 4649; x_wconf 84' lang='lat' dir='ltr'>Conditor.</span> 
     </span>
     <span class='ocr_line' id='line_1_43' title="bbox 494 4682 1993 4770; baseline 0 -21"><span class='ocrx_word' id='word_1_475' title='bbox 494 4688 574 4764; x_wconf 84' lang='lat' dir='ltr'>Quid</span> <span class='ocrx_word' id='word_1_476' title='bbox 589 4705 705 4768; x_wconf 89' lang='lat' dir='ltr'>nempe</span> <span class='ocrx_word' id='word_1_477' title='bbox 719 4684 753 4746; x_wconf 93' lang='lat' dir='ltr'>in</span> <span class='ocrx_word' id='word_1_478' title='bbox 767 4692 798 4747; x_wconf 90' lang='lat' dir='ltr'>te</span> <span class='ocrx_word' id='word_1_479' title='bbox 817 4683 941 4745; x_wconf 90' lang='lat' dir='ltr'>invenit</span> <span class='ocrx_word' id='word_1_480' title='bbox 959 4683 1055 4745; x_wconf 90' lang='lat' dir='ltr'>bomo</span> <span class='ocrx_word' id='word_1_481' title='bbox 1074 4682 1201 4764; x_wconf 93' lang='lat' dir='ltr'>durum,</span> <span class='ocrx_word' id='word_1_482' title='bbox 1298 4683 1476 4747; x_wconf 89' lang='lat' dir='ltr'>lleminisse</span> <span class='ocrx_word' id='word_1_483' title='bbox 1491 4685 1610 4767; x_wconf 90' lang='lat' dir='ltr'>quippo</span> <span class='ocrx_word' id='word_1_484' title='bbox 1629 4687 1726 4751; x_wconf 91' lang='lat' dir='ltr'>debes</span> <span class='ocrx_word' id='word_1_485' title='bbox 1745 4688 1820 4770; x_wconf 93' lang='lat' dir='ltr'>quid</span> <span class='ocrx_word' id='word_1_486' title='bbox 1840 4690 1882 4754; x_wconf 93' lang='lat' dir='ltr'>ob</span> <span class='ocrx_word' id='word_1_487' title='bbox 1901 4686 1993 4753; x_wconf 87' lang='lat' dir='ltr'>carnis</span> 
     </span>
     <span class='ocr_line' id='line_1_44' title="bbox 452 4780 1995 4870; baseline -0.001 -21"><span class='ocrx_word' id='word_1_488' title='bbox 452 4792 508 4849; x_wconf 84' lang='lat' dir='ltr'>out</span> <span class='ocrx_word' id='word_1_489' title='bbox 529 4792 613 4848; x_wconf 87' lang='lat' dir='ltr'>certe</span> <span class='ocrx_word' id='word_1_490' title='bbox 634 4783 818 4846; x_wconf 83' lang='lat' dir='ltr'>austerumt</span> <span class='ocrx_word' id='word_1_491' title='bbox 837 4780 957 4862; x_wconf 92' lang='lat' dir='ltr'>quippe</span> <span class='ocrx_word' id='word_1_492' title='bbox 980 4800 1050 4862; x_wconf 84' lang='lat' dir='ltr'>que</span> <span class='ocrx_word' id='word_1_493' title='bbox 1071 4781 1203 4845; x_wconf 90' lang='lat' dir='ltr'>omnino</span> <span class='ocrx_word' id='word_1_494' title='bbox 1259 4782 1473 4846; x_wconf 89' lang='lat' dir='ltr'>conditionem</span> <span class='ocrx_word' id='word_1_495' title='bbox 1484 4784 1524 4847; x_wconf 90' lang='lat' dir='ltr'>de</span> <span class='ocrx_word' id='word_1_496' title='bbox 1538 4793 1570 4846; x_wconf 91' lang='lat' dir='ltr'>te</span> <span class='ocrx_word' id='word_1_497' title='bbox 1584 4792 1704 4848; x_wconf 89' lang='lat' dir='ltr'>asserat</span> <span class='ocrx_word' id='word_1_498' title='bbox 1714 4785 1913 4870; x_wconf 86' lang='lat' dir='ltr'>fateaturque</span> <span class='ocrx_word' id='word_1_499' title='bbox 1927 4786 1995 4849; x_wconf 89' lang='lat' dir='ltr'>Scri·</span> 
     </span>
     <span class='ocr_line' id='line_1_45' title="bbox 454 4877 1994 4965; baseline -0.001 -19"><span class='ocrx_word' id='word_1_500' title='bbox 454 4883 540 4946; x_wconf 90' lang='lat' dir='ltr'>mitis</span> <span class='ocrx_word' id='word_1_501' title='bbox 559 4902 593 4945; x_wconf 92' lang='lat' dir='ltr'>es</span> <span class='ocrx_word' id='word_1_502' title='bbox 612 4890 707 4962; x_wconf 91' lang='lat' dir='ltr'>atque</span> <span class='ocrx_word' id='word_1_503' title='bbox 727 4880 886 4961; x_wconf 82' lang='lat' dir='ltr'>benigna3</span> <span class='ocrx_word' id='word_1_504' title='bbox 903 4877 1058 4960; x_wconf 91' lang='lat' dir='ltr'>cujusque</span> <span class='ocrx_word' id='word_1_505' title='bbox 1080 4880 1204 4943; x_wconf 92' lang='lat' dir='ltr'>viscera</span> <span class='ocrx_word' id='word_1_506' title='bbox 1258 4889 1360 4962; x_wconf 91' lang='lat' dir='ltr'>ptura.</span> <span class='ocrx_word' id='word_1_507' title='bbox 1384 4880 1431 4943; x_wconf 83' lang='lat' dir='ltr'>Au</span> <span class='ocrx_word' id='word_1_508' title='bbox 1456 4889 1486 4945; x_wconf 91' lang='lat' dir='ltr'>tc</span> <span class='ocrx_word' id='word_1_509' title='bbox 1512 4882 1588 4946; x_wconf 91' lang='lat' dir='ltr'>latet</span> <span class='ocrx_word' id='word_1_510' title='bbox 1610 4883 1687 4965; x_wconf 90' lang='lat' dir='ltr'>quid</span> <span class='ocrx_word' id='word_1_511' title='bbox 1711 4885 1838 4949; x_wconf 82' lang='lat' dir='ltr'>coelitus</span> <span class='ocrx_word' id='word_1_512' title='bbox 1863 4887 1924 4949; x_wconf 86' lang='lat' dir='ltr'>lata</span> <span class='ocrx_word' id='word_1_513' title='bbox 1946 4882 1994 4946; x_wconf 90' lang='lat' dir='ltr'>tibi</span> 
     </span>
     <span class='ocr_line' id='line_1_46' title="bbox 454 4977 1991 5065; baseline 0 -20"><span class='ocrx_word' id='word_1_514' title='bbox 454 4981 487 5045; x_wconf 94' lang='lat' dir='ltr'>iu</span> <span class='ocrx_word' id='word_1_515' title='bbox 516 4980 719 5044; x_wconf 89' lang='lat' dir='ltr'>dulcedinem</span> <span class='ocrx_word' id='word_1_516' title='bbox 749 4977 1016 5059; x_wconf 85' lang='lat' dir='ltr'>clementiamque</span> <span class='ocrx_word' id='word_1_517' title='bbox 1051 4978 1204 5042; x_wconf 88' lang='lat' dir='ltr'>transfor·</span> <span class='ocrx_word' id='word_1_518' title='bbox 1258 4986 1452 5041; x_wconf 92' lang='lat' dir='ltr'>contestetur</span> <span class='ocrx_word' id='word_1_519' title='bbox 1470 4980 1647 5044; x_wconf 78' lang='lat' dir='ltr'>sententiat</span> <span class='ocrx_word' id='word_1_520' title='bbox 1664 4980 1783 5065; x_wconf 91' lang='lat' dir='ltr'>Nempe</span> <span class='ocrx_word' id='word_1_521' title='bbox 1802 4984 1843 5046; x_wconf 92' lang='lat' dir='ltr'>de</span> <span class='ocrx_word' id='word_1_522' title='bbox 1862 4992 1893 5048; x_wconf 88' lang='lat' dir='ltr'>te</span> <span class='ocrx_word' id='word_1_523' title='bbox 1907 5002 1991 5047; x_wconf 87' lang='lat' dir='ltr'>orsa:</span> 
     </span>
     <span class='ocr_line' id='line_1_47' title="bbox 453 5075 2087 5162; baseline -0.002 -18"><span class='ocrx_word' id='word_1_524' title='bbox 453 5088 539 5145; x_wconf 85' lang='lat' dir='ltr'>mata</span> <span class='ocrx_word' id='word_1_525' title='bbox 567 5079 726 5142; x_wconf 92' lang='lat' dir='ltr'>videntur.</span> <span class='ocrx_word' id='word_1_526' title='bbox 754 5075 833 5139; x_wconf 87' lang='lat' dir='ltr'>Nam</span> <span class='ocrx_word' id='word_1_527' title='bbox 861 5094 959 5156; x_wconf 90' lang='lat' dir='ltr'>quum</span> <span class='ocrx_word' id='word_1_528' title='bbox 989 5084 1054 5138; x_wconf 87' lang='lat' dir='ltr'>tam</span> <span class='ocrx_word' id='word_1_529' title='bbox 1078 5076 1204 5140; x_wconf 81' lang='lat' dir='ltr'>eximie</span> <span class='ocrx_word' id='word_1_530' title='bbox 1257 5076 1362 5139; x_wconf 89' lang='lat' dir='ltr'>Pulvis</span> <span class='ocrx_word' id='word_1_531' title='bbox 1383 5076 1513 5159; x_wconf 85' lang='lat' dir='ltr'>(inquit)</span> <span class='ocrx_word' id='word_1_532' title='bbox 1535 5097 1580 5160; x_wconf 89' lang='lat' dir='ltr'>es,</span> <span class='ocrx_word' id='word_1_533' title='bbox 1604 5088 1636 5142; x_wconf 93' lang='lat' dir='ltr'>et</span> <span class='ocrx_word' id='word_1_534' title='bbox 1658 5079 1690 5141; x_wconf 94' lang='lat' dir='ltr'>in</span> <span class='ocrx_word' id='word_1_535' title='bbox 1712 5080 1878 5162; x_wconf 90' lang='lat' dir='ltr'>pulvorem</span> <span class='ocrx_word' id='word_1_536' title='bbox 1902 5099 1994 5145; x_wconf 78' lang='lat' dir='ltr'>rever</span> <span class='ocrx_word' id='word_1_537' title='bbox 2005 5092 2087 5147; x_wconf 69' lang='lat' dir='ltr'>eus</span> 
     </span>
     <span class='ocr_line' id='line_1_48' title="bbox 452 5173 2087 5263; baseline 0.001 -21"><span class='ocrx_word' id='word_1_538' title='bbox 452 5177 598 5263; x_wconf 88' lang='lat' dir='ltr'>puritatis</span> <span class='ocrx_word' id='word_1_539' title='bbox 623 5176 680 5255; x_wconf 89' lang='lat' dir='ltr'>sis,</span> <span class='ocrx_word' id='word_1_540' title='bbox 705 5184 741 5239; x_wconf 90' lang='lat' dir='ltr'>ut</span> <span class='ocrx_word' id='word_1_541' title='bbox 764 5175 798 5237; x_wconf 91' lang='lat' dir='ltr'>iu</span> <span class='ocrx_word' id='word_1_542' title='bbox 822 5173 914 5237; x_wconf 91' lang='lat' dir='ltr'>terris</span> <span class='ocrx_word' id='word_1_543' title='bbox 941 5175 1045 5237; x_wconf 89' lang='lat' dir='ltr'>adbuc</span> <span class='ocrx_word' id='word_1_544' title='bbox 1069 5175 1201 5257; x_wconf 91' lang='lat' dir='ltr'>degens,</span> <span class='ocrx_word' id='word_1_545' title='bbox 1257 5174 1354 5251; x_wconf 88' lang='lat' dir='ltr'>teris;</span> <span class='ocrx_word' id='word_1_546' title='bbox 1379 5194 1550 5257; x_wconf 90' lang='lat' dir='ltr'>rursusque</span> <span class='ocrx_word' id='word_1_547' title='bbox 1572 5201 1578 5239; x_wconf 94' lang='lat'>:</span> <span class='ocrx_word' id='word_1_548' title='bbox 1600 5176 1667 5241; x_wconf 89' lang='lat' dir='ltr'>Non</span> <span class='ocrx_word' id='word_1_549' title='bbox 1689 5180 1890 5259; x_wconf 88' lang='lat' dir='ltr'>permanebit</span> <span class='ocrx_word' id='word_1_550' title='bbox 1912 5178 2087 5261; x_wconf 65' lang='lat' dir='ltr'>spiri-ruat</span> 
     </span>
     <span class='ocr_line' id='line_1_49' title="bbox 453 5271 1995 5359; baseline -0.004 -15"><span class='ocrx_word' id='word_1_551' title='bbox 453 5278 517 5344; x_wconf 83' lang='lat' dir='ltr'>beo</span> <span class='ocrx_word' id='word_1_552' title='bbox 532 5274 760 5341; x_wconf 86' lang='lat' dir='ltr'>incarnationis</span> <span class='ocrx_word' id='word_1_553' title='bbox 781 5271 946 5336; x_wconf 89' lang='lat' dir='ltr'>materiam</span> <span class='ocrx_word' id='word_1_554' title='bbox 965 5281 1114 5355; x_wconf 82' lang='lat' dir='ltr'>prestare</span> <span class='ocrx_word' id='word_1_555' title='bbox 1135 5274 1202 5339; x_wconf 75' lang='lat' dir='ltr'>ide</span> <span class='ocrx_word' id='word_1_556' title='bbox 1256 5283 1307 5335; x_wconf 87' lang='lat' dir='ltr'>tus</span> <span class='ocrx_word' id='word_1_557' title='bbox 1337 5292 1428 5337; x_wconf 91' lang='lat' dir='ltr'>meus</span> <span class='ocrx_word' id='word_1_558' title='bbox 1455 5274 1487 5336; x_wconf 89' lang='lat' dir='ltr'>in</span> <span class='ocrx_word' id='word_1_559' title='bbox 1511 5275 1651 5358; x_wconf 91' lang='lat' dir='ltr'>bomine,</span> <span class='ocrx_word' id='word_1_560' title='bbox 1675 5276 1751 5359; x_wconf 90' lang='lat' dir='ltr'>quia</span> <span class='ocrx_word' id='word_1_561' title='bbox 1779 5296 1853 5342; x_wconf 82' lang='lat' dir='ltr'>caro</span> <span class='ocrx_word' id='word_1_562' title='bbox 1881 5286 1947 5358; x_wconf 83' lang='lat' dir='ltr'>est;</span> <span class='ocrx_word' id='word_1_563' title='bbox 1969 5282 1995 5339; x_wconf 90' lang='lat' dir='ltr'>et</span> 
     </span>
    </p>
   </div>
   <div class='ocr_carea' id='block_1_9' title="bbox 0 0 2160 6259">
    <p class='ocr_par' dir='ltr' id='par_1_10' title="bbox 0 0 2160 6259">
     <span class='ocr_line' id='line_1_50' title="bbox 0 0 2160 6259; baseline 0 3"><span class='ocrx_word' id='word_1_564' title='bbox 0 0 2160 6259; x_wconf 95' lang='lat' dir='ltr'> </span> 
     </span>
    </p>
   </div>
  </div>
 </body>
</html>
