4309 6259
441 498 500 564 {88
756 518 796 566 oa
817 520 905 566 nouis
926 520 1061 566 srrnrrus
1081 519 1200 581 saucrr,
1222 517 1397 565 reaumaus
1419 521 1451 565 u.
1473 539 1514 549 -
1533 520 1604 566 aar.
1627 518 1680 565 xvr

440 705 544 768 geres,
566 685 648 750 forte
672 687 853 751 dilectionis
878 697 937 749 tuae
960 686 1120 764 nimietas,
1142 706 1190 749 ar·
1205 684 1230 747 Α
1247 696 1321 750 tunc
1341 689 1427 752 enim
1447 708 1480 753 se
1500 688 1707 753 formidarent
1731 690 1861 752 caritate
1887 686 1990 769 priva-

441 786 609 868 dentisque
630 786 780 849 desiderii
802 786 845 848 tui
865 786 1006 848 anxietas
1025 784 1057 846 in
1079 785 1190 867 hujus·
1245 788 1387 866 tos,dum
1400 807 1434 850 se
1445 788 1605 870 praediotis
1618 788 1771 850 sentirent
1782 786 1987 849 suavitatibus

443 884 529 946 modi
551 885 734 948 ebrietatem
758 893 787 946 te
809 893 933 965 raperet
956 893 986 947 et
1009 903 1186 946 excessum.
1244 886 1420 949 destitutos
1449 886 1582 949 Proinde
1610 904 1673 949 non
1699 905 1809 967 pamm
1834 884 1990 967 periculo-

443 983 524 1045 Sane
553 984 578 1045 si
606 982 716 1045 divina
745 984 915 1047 dilectione
950 983 1066 1064 dignus
1095 982 1188 1063 plene
1244 1002 1314 1045 sum
1348 984 1472 1065 opinor,
1502 986 1541 1047 de
1571 984 1711 1047 caritatis
1739 992 1770 1046 et
1797 984 1908 1066 gratita
1937 982 1987 1043 Dei

443 1078 570 1159 fuisses,
588 1080 614 1142 si
629 1087 715 1141 tauta
728 1079 911 1161 dignatione
927 1086 957 1141 te
972 1079 1122 1141 idoneum
1137 1097 1189 1139 ex·
1244 1082 1411 1162 praesentia
1426 1083 1601 1144 secundum
1617 1082 1777 1163 propriam
1793 1081 1875 1143 velle
1896 1082 1989 1143 devo

442 1177 579 1257 hiberes,
597 1186 682 1239 tanta
703 1176 846 1240 fortassis
870 1176 1001 1238 luminis
1022 1176 1071 1238 sui
1097 1174 1188 1238 clari·
1244 1178 1339 1242 tionis
1355 1180 1582 1260 experientiam
1596 1180 1739 1261 judicare
1756 1180 1837 1242 :hoo
1853 1197 1988 1258 namquo

441 1284 504 1337 tate
533 1275 751 1357 intelligentiae
779 1284 840 1338 tuae
867 1274 976 1338 oeulos
1009 1275 1185 1351 irradiaret,
1244 1275 1385 1339 vicissim
1415 1277 1697 1357 pusillanimitatis,
1726 1277 1885 1339 interdum
1916 1294 1988 1338 vem

440 1381 589 1454 tantaque
605 1372 737 1435 internae
752 1393 816 1435 suaa
834 1372 1013 1435 dulcedinis
1032 1372 1187 1434 suavitate
1243 1376 1499 1456 presumptionis
1514 1374 1595 1439 foret
1609 1375 1745 1439 occasio.
1763 1374 1893 1455 Propter
1907 1374 1988 1454 quod

440 1471 544 1536 cordis
570 1472 615 1533 tui
641 1471 833 1533 desiderium
861 1471 1042 1550 inebriaret,
1066 1489 1130 1551 qua
1157 1476 1187 1531 te
1243 1472 1418 1552 vitandum,
1428 1473 1563 1554 Spiritus
1577 1473 1709 1535 Sanctus
1722 1490 1779 1553 per
1790 1472 1989 1535 Salomonem

440 1570 545 1652 ipsum
573 1588 669 1650 supra
698 1571 901 1651 temetipsum
932 1578 1068 1650 raperet,
1094 1576 1187 1649 atque
1243 1570 1481 1632 testatur:Sunt
1494 1570 1570 1650 justi
1587 1578 1680 1651 atque
1696 1569 1906 1650 sapientes,et
1922 1588 2100 1649 operetur.

439 1687 496 1749 per
510 1667 625 1729 mentis
640 1687 806 1730 excessum
825 1667 857 1728 in
879 1686 1018 1747 superna
1038 1666 1184 1747 erigeret.
1243 1688 1277 1730 ra
1291 1686 1401 1730 eorum
1421 1668 1455 1729 in
1470 1688 1566 1730 manu
1581 1667 1635 1729 [lei
1657 1676 1750 1744 sunt,
1767 1676 1798 1730 et
1814 1676 1922 1729 tamen
1939 1686 1991 1727 ue-

438 1767 511 1828 Haec
525 1776 630 1829 autem
646 1766 742 1829 verba
757 1765 904 1828 Richardi
920 1764 1027 1826 fulciri
1039 1764 1188 1827 videntur
1244 1766 1304 1828 scit
1318 1766 1412 1829 homo
1428 1774 1533 1828 utrum
1549 1784 1656 1829 amore
1669 1786 1708 1828 an
1722 1766 1795 1829 odio
1809 1766 1927 1847 dignus
1941 1765 1988 1826 sit.

305 1878 345 1921 Pe·
359 1890 426 1929 mvi.
440 1884 498 1947 per
512 1864 543 1927 id
558 1865 642 1945 quod
665 1864 697 1926 iu
719 1863 843 1926 Psalmo
865 1871 1029 1925 cantamus
1046 1885 1052 1923 :
1069 1863 1187 1925 Memor
1206 1864 1229 1925 B
1284 1864 1422 1938 Qualiter
1436 1883 1511 1946 ergo
1526 1864 1770 1927 concordabitur
1784 1864 1991 1927 contrarietas

294 1944 314 1985 ⁴·
440 1962 486 2025 fui
503 1962 569 2040 Dei,
586 1971 618 2024 et
631 1962 804 2025 delectatus
819 1981 901 2023 sum.
917 1960 1022 2023 Palam
1036 1969 1085 2023 est
1100 1960 1185 2023 enim
1244 1962 1325 2025 istal
1341 1963 1385 2025 lta
1404 1966 1452 2043 (ut
1474 1964 1622 2042 arbitror)
1642 1972 1676 2025 ut
1694 1963 1778 2043 quod
1798 1962 1843 2024 ait
1865 1960 1993 2024 Richar-

439 2061 524 2141 quod
549 2062 587 2122 de
611 2060 765 2122 memoria
793 2059 849 2121 illa
876 2060 1022 2140 loquatur
1045 2078 1116 2140 quaa
1140 2068 1188 2121 est
1243 2062 1313 2139 dus,
1345 2060 1541 2142 intelligatur
1568 2068 1722 2140 quantum
1751 2061 1790 2122 ad
1819 2059 1990 2122 mediatam

441 2157 604 2240 sapientiae
633 2166 733 2219 actus.
760 2157 798 2219 Et
824 2158 909 2238 quod
942 2157 1096 2237 sapientia
1127 2157 1187 2219 ista
1244 2168 1337 2239 atque
1373 2158 1578 2221 intrinsecam
1608 2158 1782 2239 spiritualis
1810 2157 1990 2220 dulcedinis

441 2254 592 2336 gaudium
616 2255 730 2317 habeat
744 2263 837 2335 atque
857 2255 890 2316 in
905 2262 1011 2316 mente
1025 2254 1186 2335 ingentem
1245 2277 1384 2335 causam,
1406 2257 1556 2319 videlicet
1575 2257 1678 2338 quoad
1701 2256 1802 2337 ipsam
1828 2256 1991 2318 caritatem

294 2368 428 2424 septumo.
443 2351 583 2415 laetitiam
613 2351 725 2432 pariat,
751 2352 784 2413 in
809 2352 891 2416 libro
920 2352 1088 2433 Sapientiae
1113 2353 1188 2414 scri·
1244 2376 1280 2418 ac
1296 2356 1458 2437 sapientie
1478 2355 1608 2417 donum.
1626 2354 1821 2436 Quicumque
1841 2354 1911 2417 haee
1932 2354 1993 2417 duo

344 2472 386 2511 na.
398 2482 427 2511 a.
442 2459 532 2531 ptum
559 2460 617 2529 est,
644 2459 675 2513 et
704 2451 848 2533 superius
877 2451 1104 2513 introductum
1128 2451 1187 2512 Sed
1244 2454 1348 2530 habet,
1360 2460 1462 2534 potest
1476 2452 1628 2515 continuo
1645 2452 1677 2514 in
1692 2451 1890 2533 spiritualem
1906 2470 1994 2513 meu-

293 2564 368 2609 toam·
372 2581 427 2617 11111
442 2557 474 2611 et
497 2548 531 2610 in
549 2548 722 2632 Evangelio
741 2550 883 2612 Salvator
905 2549 972 2610 ait:
990 2550 1021 2610 Si
1046 2548 1118 2628 quis
1142 2548 1189 2610 di·
1244 2552 1284 2612 tis
1300 2569 1445 2631 saporem
1460 2559 1554 2630 atque
1569 2558 1694 2631 raptum
1710 2549 1839 2627 elevari,
1857 2567 1994 2630 praesup

293 2632 328 2672 ²¹·
442 2646 513 2729 ligit
537 2666 599 2725 me,
622 2648 772 2728 diligetur
794 2666 814 2709 a
838 2645 925 2708 Patre
955 2665 1046 2722 meo,
1069 2655 1101 2708 et
1130 2664 1188 2726 ego
1244 2649 1346 2731 posito
1368 2668 1494 2730 semper
1517 2649 1676 2712 communi
1702 2647 1821 2710 auxilio
1846 2648 1914 2722 Dei,
1931 2666 1993 2729 quo

441 2745 571 2826 diligam
586 2765 671 2824 eum,
687 2753 718 2807 et
732 2743 942 2807 manifestabo
956 2744 985 2806 ei
1002 2763 1052 2806 me
1068 2744 1185 2825 ipsum.
1244 2748 1416 2828 uuicuique
1432 2747 1539 2809 influit
1554 2748 1729 2810 secundum
1752 2746 1915 2828 propriam
1932 2746 1993 2807 vir·

445 2843 524 2918 Quid
548 2852 606 2921 cst,
624 2843 834 2905 manifestabo
855 2843 883 2905 ei
907 2862 958 2904 me
983 2842 1100 2923 ipsum,
1124 2841 1184 2903 nisi
1245 2855 1342 2909 tutem
1358 2866 1414 2908 scu
1430 2846 1880 2927 capacitateml'erumtamen
1895 2844 1993 2925 hujus

441 2943 615 3005 secundum
640 2942 777 3003 caritatis
801 2940 1026 3022 suevigenam
1050 2941 1132 3003 dabo
1156 2941 1184 3002 ei
1245 2945 1409 3007 suavitatis
1423 2951 1533 3025 gustus
1549 2942 1806 3025 experimentalis
1820 2941 1994 3024 dupliciter

441 3040 504 3103 mei
525 3040 626 3121 ipsius
641 3040 804 3103 notitiaml
820 3040 981 3121 Sapientia
996 3038 1102 3119 itaque
1116 3057 1186 3120 quaa
1203 3038 1225 3102 G
1245 3042 1393 3123 impediri
1408 3041 1589 3122 auferrique
1604 3048 1707 3123 potest
1725 3064 1731 3101 :
1749 3039 1864 3123 primo,
1877 3059 1916 3102 ex
1932 3040 1994 3100 dis-

440 3141 559 3202 donum
578 3147 626 3200 est
644 3138 780 3219 Spiritus
799 3138 916 3216 Sancti,
932 3137 1095 3219 aequaliter
1114 3156 1186 3199 cum
1244 3142 1430 3223 pensatione
1445 3141 1574 3218 divina3
1591 3141 1743 3219 secundo,
1755 3158 1792 3201 ex
1809 3137 1994 3201 tentationis

441 3238 571 3300 caritate
586 3236 704 3318 pariter
719 3236 843 3297 crescit.
1245 3239 1294 3300 vel
1323 3231 1523 3300 adversitatis
1552 3236 1602 3298 vel
1637 3254 1803 3317 poenarum
1831 3235 1991 3297 molestia.

482 3336 705 3397 Verumtamen
741 3334 810 3395 istis
848 3351 1023 3414 repugnare
1062 3332 1188 3395 videtur
1244 3336 1358 3415 Sicque
1384 3335 1625 3415 intelligendum
1646 3334 1677 3395 id
1699 3352 1770 3396 reor
1788 3333 1873 3413 quod
1896 3333 1995 3395 devo

440 3433 526 3515 quod
539 3432 716 3495 Beruardus
730 3429 871 3493 affirmat
888 3455 894 3492 ε
912 3431 997 3512 Roga
1012 3431 1187 3511 (inquiens)
1244 3432 1385 3494 tissimus
1407 3432 1451 3493 ait
1476 3431 1664 3509 Beruardus,
1680 3432 1757 3493 dum
1782 3430 1889 3492 verbis
1915 3448 1994 3510 prae

440 3533 497 3595 tibi
519 3531 587 3595 dari
611 3531 718 3593 lumen
743 3529 932 3607 devotionis,
949 3549 1004 3590 seu
1024 3529 1187 3610 sapientiae
1243 3529 1337 3591 dictis
1353 3529 1420 3610 ipse
1440 3529 1596 3609 adjungit,
1612 3528 1696 3607 quod
1716 3527 1795 3589 tales
1817 3534 1888 3608 post
1910 3528 1993 3589 banc

440 3631 525 3693 diem
541 3629 752 3692 clarissimum
772 3637 803 3690 et
822 3627 987 3689 sabbatum
1008 3628 1136 3707 mentis,
1154 3627 1186 3688 in
1244 3628 1340 3690 vitam
1363 3627 1457 3707 plene
1478 3626 1636 3706 recipiunt
1654 3626 1738 3706 quod
1759 3643 1844 3687 nuuc
1864 3624 1996 3707 dispen-

439 3748 503 3810 quo
531 3736 680 3808 tanquam
709 3728 801 3790 miles
830 3726 993 3806 emeritus,
1020 3725 1186 3788 inlabere
1244 3728 1342 3790 sative
1362 3735 1504 3808 negatur.
1521 3726 1564 3789 Ex
1589 3744 1652 3806 quo
1676 3725 1853 3787 certissime
1879 3724 1993 3805 liquet,

440 3827 529 3889 vivas
548 3826 668 3905 absque
687 3824 815 3900 labore3
833 3833 866 3887 ut
886 3826 971 3905 quod
997 3825 1090 3905 paulo
1115 3832 1187 3885 ante
1242 3827 1326 3906 quod
1343 3825 1421 3887 tales
1436 3826 1490 3905 qui
1506 3825 1637 3886 omnino
1658 3822 1780 3886 faciunt
1794 3824 1879 3904 quod
1903 3822 1939 3884 in
1962 3842 1995 3883 se

441 3944 514 3986 cum
529 3923 740 3985 amaritudine
755 3931 786 3985 et
805 3924 969 3987 coactione
990 3923 1034 3985 tui
1055 3921 1187 4002 spiritus
1243 3933 1301 4001 est,
1321 3943 1376 4004 per
1391 3922 1548 4004 praedictae
1563 3921 1742 3985 dulcedinis
1756 3940 1793 3983 ac
1809 3929 1923 4003 gustus
1944 3940 1995 3982 ca-

441 4023 638 4101 faciebas,de
654 4021 776 4100 reliquo
792 4040 865 4082 cum
881 4041 1004 4082 summa
1019 4020 1186 4083 dulcedine
1244 4023 1377 4085 rentiam
1398 4040 1458 4083 nec
1477 4020 1610 4084 minoris
1631 4029 1704 4083 sunt
1727 4020 1830 4082 meriti
1858 4019 1890 4079 in
1916 4038 1996 4101 prae

440 4120 713 4199 delectationeque
737 4137 880 4201 peragas.
902 4120 1017 4181 Verum
1043 4119 1083 4180 ad
1105 4119 1187 4180 banc
1244 4120 1337 4199 senti,
1351 4138 1411 4181 nec
1426 4118 1559 4180 minoris
1574 4126 1668 4181 erunt
1682 4118 1804 4199 praemii
1821 4116 1992 4192 inlutum,

441 4219 572 4300 (inquit)
587 4214 816 4299 perfectionem
831 4217 936 4298 pauci,
949 4217 980 4277 ni
998 4216 1101 4295 fallor,
1119 4212 1309 4298 por-Dima
1345 4217 1487 4280 vicissim
1521 4217 1651 4298 majoris
1687 4239 1694 4276 ι
1730 4215 1881 4296 quoniam
1919 4234 1995 4276 vera

443 4318 575 4380 veniunt
593 4316 626 4377 in
642 4316 700 4378 hac
717 4315 780 4377 vita
797 4340 803 4375 :
822 4314 913 4377 multi
933 4315 1019 4377 enim
1042 4323 1105 4377 tota
1125 4315 1188 4377 vita
1246 4315 1399 4397 perfectio
1414 4334 1477 4377 nou
1494 4315 1602 4396 utique
1618 4314 1650 4375 in
1667 4312 1849 4395 hujusmodi
1869 4312 1997 4393 experi-

441 4435 499 4477 sua
513 4416 551 4477 ad
567 4416 626 4481 hoc
645 4416 779 4477 tendunt
798 4432 902 4493 neque
922 4412 1116 4494 pertingunt.
1133 4413 1190 4480 llis¹
1245 4414 1374 4477 mentali
1391 4414 1545 4475 suavitate
1561 4413 1693 4475 locanda
1708 4420 1766 4489 est,
1780 4411 1834 4473 sed
1851 4411 1883 4472 in
1900 4411 1997 4473 intel-

441 4533 567 4595 quoqne
596 4514 702 4576 verbis
729 4512 879 4575 Bernardi
909 4530 998 4573 sacra
1027 4511 1188 4591 Scriptura
1246 4511 1372 4574 lectuali
1390 4511 1443 4574 Dei
1460 4530 1567 4573 amore
1582 4520 1676 4593 atque
1697 4509 1880 4572 omnimoda
1901 4508 1996 4571 vitio-

294 4630 428 4679 amaxxra.
442 4614 540 4675 mbur
561 4611 695 4689 confert,
721 4631 820 4692 quum
844 4610 998 4691 scriptum
1023 4610 1065 4671 sit
1092 4609 1187 4671 :Non
1247 4629 1317 4673 rum
1340 4609 1557 4671 detestatione.

442 4719 490 4774 est
511 4710 657 4787 volentis,
674 4728 777 4790 neque
801 4707 979 4785 currentis3
996 4716 1027 4770 et
1051 4708 1156 4769 denuo
1179 4730 1185 4767 :

293 4809 511 4879 Jer.1.aa.N0n
539 4814 587 4871 est
614 4806 753 4871 hominis
780 4807 834 4869 via
857 4808 938 4887 ejus,
968 4825 1028 4869 nee
1053 4805 1113 4866 viri
1142 4813 1190 4866 est
1442 4810 1686 4875 ARTICULUS
1704 4810 1796 4873 XVI.

443 4915 476 4969 ut
504 4905 621 4987 dirigat
647 4924 775 4987 gressus
805 4924 890 4968 suos.
920 4905 997 4981 lma,
1028 4904 1055 4965 si
1085 4903 1189 4966 onrnis

442 5005 496 5087 qui
519 5004 682 5068 caritatem
708 5002 836 5065 sortitus
861 5011 919 5081 est,
936 5003 1014 5065 tales
1038 5003 1190 5066 continuo

442 5103 639 5185 experiretur
662 5101 865 5183 sapientiales
891 5120 1038 5163 excessus
1063 5120 1191 5163 suaves·
1307 5100 1390 5163 ICUT
1406 5100 1542 5182 denique
1558 5099 1671 5163 caritas
1692 5098 1866 5179 tripartitur
1881 5118 2000 5160 secun-

441 5221 504 5282 que
518 5208 764 5283 gustus‚magna
777 5199 913 5263 oriretur
926 5199 1114 5279 quibusdam
1130 5200 1192 5262 val·
1322 5199 1398 5261 dum
1414 5198 1571 5279 triplicem
1586 5197 1751 5260 hominum
1767 5204 1895 5275 statum,
1908 5197 2000 5258 vide-

442 5300 483 5361 de
510 5299 634 5362 devotis
662 5298 854 5381 perplexitas
881 5305 976 5379 atque
1010 5298 1151 5361 anxietas
1181 5322 1188 5361 :
1248 5296 1550 5361 licetincaritatem
1573 5294 1806 5376 incipientium,
1822 5293 2002 5376 pmlicien-

1308 4944 1356 5002 De
1376 4942 1503 5015 triptici
1519 4942 1629 5016 gradu
1649 4942 1729 5000 doni
1747 4939 1928 5015 sapie-ntiae.
