4309 6259
458 491 526 558 644

502 686 551 739 400
562 687 629 739 0040
643 682 821 755 paupertatis
838 698 962 741 annexae
975 685 1052 741 sunt.
1069 682 1119 737 424
1126 682 1163 739 44.
1179 712 1215 723 -

505 772 551 843 Cf.
567 773 688 847 Religio.

313 866 321 881 ⁸
363 882 367 887 ¹
466 862 561 919 440448
587 863 716 935 quodam
740 865 828 919 modo
851 860 993 919 naturalis
1019 864 1064 919 est
1091 861 1213 926 bomini,

503 968 594 1024 quum
610 952 648 1007 sil
668 969 720 1009 eus
738 952 1005 1025 complexionatum
1027 955 1056 1008 04
1076 952 1213 1015 mixtum,

502 1040 579 1107 470,
603 1044 654 1098 sed
682 1058 734 1114 per
760 1047 912 1114 peceatum
941 1042 1011 1097 Adae
1037 1040 1157 1097 introvit
1184 1040 1213 1095 in

502 1133 659 1196 mundum,
678 1133 751 1187 474).
772 1130 944 1188 l'ormaliter
964 1133 994 1188 et
1017 1130 1131 1202 proprie
1155 1146 1213 1185 non

501 1225 545 1277 est
566 1221 623 1276 nisi
647 1220 769 1292 privatio
791 1222 866 1285 vitas,
885 1221 966 1284 4744,
982 1223 1011 1277 04
1031 1220 1137 1292 triplex
1161 1223 1213 1287 004,

500 1314 622 1376 naturae,
638 1310 732 1383 culpa·
751 1312 778 1367 et
793 1309 909 1374 interni,
924 1310 1006 1367 240.
1022 1340 1058 1353 -
1072 1309 1213 1367 Omnium

499 1399 675 1457 terribilium
695 1402 738 1456 est
757 1398 1015 1462 terribilissimum,
1030 1400 1129 1463 24644,
1146 1398 1215 1471 quia

500 1487 670 1545 hominibus
693 1491 738 1544 est
764 1488 842 1560 quod
871 1504 956 1545 casus
984 1486 1106 1561 angelis,
1130 1487 1213 1552 924’,

1091 509 1184 557 maxx
1204 508 1393 558 metuamus

1304 682 1357 739 543
1365 682 1396 738 0.
1414 712 1450 724 -
1467 681 1600 740 Mulieres
1622 680 1795 740 naturaliter
1816 682 1919 739 400000
1939 686 1995 738 saut

1305 772 1525 844 complexionis,
1548 772 1643 835 4360,
1669 770 1782 828 ratione
1805 770 1919 837 debiles,
1940 774 1994 827 alle·

1304 860 1450 919 ctionibus
1473 864 1501 917 et
1524 860 1710 933 passionibus
1733 860 1859 917 multum
1883 860 1993 916 intents,

1304 951 1442 1015 4440,οἀ
1458 949 1587 1007 levitates
1601 953 1631 1006 et
1644 950 1849 1023 loquacitatem
1864 948 1993 1022 proclivas,

1303 1039 1408 1103 4444“,
1434 1043 1463 1095 04
1490 1038 1591 1111 quales
1619 1041 1696 1103 sunt,
1720 1038 1794 1095 tales
1821 1040 1888 1094 sunt
1912 1038 1992 1103 04040,

1303 1128 1408 1191 4444’;
1428 1128 1538 1184 ideirco
1558 1144 1576 1183 a
1599 1128 1716 1201 proprio
1739 1145 1827 1185 sensu
1848 1144 1941 1184 cavere
1958 1128 1994 1185 de

1304 1218 1382 1283 bent,
1406 1218 1510 1283 mss’,
1538 1220 1568 1274 et
1594 1216 1778 1273 eoniessariis
1805 1216 1865 1273 suis
1890 1217 1993 1273 omuino

1304 1308 1431 1367 obedire.
1446 1308 1543 1372 44444,
1558 1306 1628 1380 quia
1641 1309 1710 1379 jnre
1724 1305 1850 1364 naturali
1869 1308 1896 1363 et
1913 1306 1993 1362 divino

1302 1394 1371 1451 viris
1391 1394 1596 1468 subjiciuntur,
1612 1396 1701 1461 44444,
1719 1411 1772 1453 000
1791 1396 1833 1453 cis
1851 1397 1992 1452 concedun-

1303 1488 1352 1543 tur
1365 1486 1484 1542 ordines
1498 1485 1571 1547 sacri
1592 1500 1645 1542 nee
1653 1486 1704 1559 Jus
1723 1485 1909 1559 praedicandi,
1922 1486 1991 1542 4444.

500 1592 554 1635 000
576 1579 620 1635 004
637 1580 702 1649 post
724 1592 790 1633 eam
812 1594 878 1648 spes
901 1576 1108 1641 conversionis,
1133 1577 1213 1644 aaa,
1267 1574 1436 1631 MUNillTlh
1462 1574 1559 1631 cordis
1583 1574 1650 1630 linis
1678 1578 1721 1631 est
1752 1574 1848 1631 omnis
1875 1574 1992 1637 exercitii,

499 1666 565 1724 ideo
583 1668 686 1722 eontra
708 1665 811 1721 mortis
835 1665 971 1723 timorem
995 1665 1106 1721 firmari
1131 1666 1215 1722 debet

499 1755 588 1811 homo
602 1772 654 1826 per
672 1754 850 1812 tortitudinis
869 1756 991 1819 donum,
1004 1756 1057 1810 246
1066 1755 1107 1819 0’,
1122 1754 1212 1818 2444,

499 1849 529 1902 04
542 1843 660 1918 speciali
676 1846 706 1899 Β.
722 1843 851 1917 Virginis
863 1844 975 1901 auxilio
993 1843 1114 1916 indiget,
1130 1842 1212 1908 tllll',

499 1935 573 1990 923.
584 1965 620 1975 -
633 1937 656 1988 A
670 1932 777 2006 triplici
793 1937 885 1990 morte
901 1950 952 2006 per
966 1936 1091 1989 mortem
1107 1931 1213 1989 Christi

500 2024 643 2095 redempti
658 2040 770 2088 sumus,
787 2025 863 2083 224,
875 2022 945 2096 quia
959 2038 1039 2078 mors
1053 2022 1149 2096 ipsum
1170 2038 1216 2079 oc·

499 2114 633 2179 cidendo,
648 2112 730 2179 l'lC',
745 2116 774 2169 04
792 2112 855 2185 ipsa
877 2113 971 2169 occidi
995 2112 1112 2177 meruit,
1132 2113 1213 2190 4644,

498 2204 582 2262 4444.

461 2292 585 2350 motus.
601 2295 644 2348 40
660 2294 688 2348 04
702 2294 846 2363 quatenus
860 2294 1011 2347 moveatur
1023 2291 1108 2354 Deus,
1126 2293 1210 2348 4260.

499 2414 531 2425 -
551 2384 595 2439 td
614 2380 835 2451 suscipiendum
854 2380 1010 2454 cujuslibet
1028 2380 1150 2437 motoris
1170 2382 1212 2438 in-

497 2473 611 2529 noxum
626 2470 801 2527 conveniens
815 2469 974 2543 requiritur
987 2469 1139 2541 dispositio
1150 2488 1212 2528 mo·

1306 1663 1448 1728 42244,οι
1465 1665 1502 1719 00
1527 1664 1639 1719 donum
1661 1662 1825 1721 intellectus
1847 1662 1992 1735 requiritur,

1304 1752 1392 1817 2044),
1413 1751 1483 1825 quia
1505 1750 1606 1809 nullus
1627 1768 1727 1809 reram
1750 1752 1798 1809 004
1818 1752 1991 1824 cognitionem

1305 1840 1412 1897 habere
1427 1844 1528 1913 potest,
1543 1841 1599 1897 nisi
1616 1858 1700 1899 mens
1716 1844 1836 1907 munda,
1851 1842 1924 1897 4354
1934 1858 1941 1907 ;
1953 1842 1993 1896 sed

1303 1930 1411 2002 duplex
1434 1934 1488 1996 est,
1507 1930 1598 1987 altera
1621 1930 1790 2004 dispositiva
1812 1934 1849 1988 ad
1872 1931 1991 1987 visionem

1304 2019 1443 2085 divinam,
1457 2036 1523 2093 quae
1541 2024 1586 2077 est
1603 2020 1774 2077 emundatio
1794 2021 1948 2077 intellectus
1963 2020 1992 2075 ab

1303 2108 1478 2166 inordinatis
1501 2110 1661 2173 attactibus,
1681 2112 1774 2177 2964,
1793 2111 1885 2168 altera
1905 2111 1992 2167 diviua

1302 2200 1421 2255 visionis
1436 2199 1617 2272 completiva,
1634 2216 1700 2273 quae
1714 2203 1758 2257 est
1776 2200 1887 2273 puritas
1899 2198 1992 2255 intelle·

1281 2357 1287 2367 ,
1301 2293 1366 2346 0400
1379 2307 1397 2345 0
1411 2290 1673 2362 phantasmatibus,
1689 2290 1782 2345 2064.
1797 2322 1833 2332 -
1846 2290 1992 2356 Quantam

1302 2378 1519 2452 suscipiendam
1530 2379 1741 2436 Eucharistiam
1757 2380 1919 2453 requiratur
1927 2394 1994 2435 mun·
2105 2376 2106 2389 ³

1303 2469 1384 2535 ditia,
1400 2469 1490 2533 44744,
1505 2470 1597 2525 4594).
1613 2500 1650 2511 -
1664 2468 1710 2539 Cf.
1726 2469 1857 2526 Castitas.

498 2562 575 2627 bilis,
593 2562 690 2626 4658,
705 2559 846 2633 quoniam
866 2560 957 2633 igitur
969 2559 1094 2633 Spiritus
1113 2562 1211 2619 Sancti
1266 2558 1408 2615 MUNDUS
1426 2558 1504 2614 varie
1524 2558 1662 2623 sumitur,
1677 2575 1729 2631 pro
1749 2576 1852 2631 genere
1872 2559 1991 2621 hnmano,

498 2651 589 2707 motio
613 2638 790 2723 dignidr⁰est
809 2649 938 2707 motione
959 2650 1090 2715 rationis,
1117 2652 1168 2707 464
1177 2653 1209 2717 4,

500 2741 586 2806 46544,
602 2741 640 2795 ad
665 2740 758 2811 ipsam
779 2754 838 2795 nou
857 2738 1033 2796 sufficienter
1051 2739 1213 2811 disponunt

496 2830 627 2895 virtutes,
635 2829 732 2892 ltiblt',
744 2829 794 2885 sed
809 2828 999 2900 requiruntur
1013 2828 1100 2894 dona,
1113 2831 1210 2886 lde'.

498 2952 530 2963 -
550 2922 772 2976 0004000004υο
795 2918 966 2991 passionum
990 2919 1119 2975 remedia
1142 2925 1213 2976 sunt

496 3010 598 3073 oratio,
613 3009 703 3073 4098,
719 3007 915 3079 compunctio,
934 3008 1023 3073 4090,
1039 3012 1068 3064 04
1086 3009 1211 3065 salubris

496 3098 657 3171 occupatio,
673 3098 763 3163 4090,
779 3097 849 3170 quia
863 3096 988 3169 majores
1003 3103 1101 3155 motus
1114 3100 1210 3173 expel-

496 3190 562 3245 lunt
579 3188 717 3253 minores,
732 3189 825 3253 3984,
840 3187 941 3253 4090;
957 3192 1086 3245 celerum
1107 3206 1210 3262 pecca·

496 3283 559 3335 tum
575 3279 692 3334 000004
712 3281 811 3332 motus
830 3276 999 3348 passionum
1023 3278 1140 3341 sentire,
1159 3279 1209 3335 sed

496 3369 539 3425 eis
552 3366 726 3432 consentire,
737 3367 789 3423 l'll
797 3367 829 3423 ll.

459 3457 597 3515 Morsus
611 3455 768 3529 legislator,
782 3456 813 3511 in
829 3455 884 3513 tlde
899 3454 1046 3522 hesitans,
1062 3456 1148 3529 longe
1163 3456 1209 3513 in·

498 3545 586 3603 terior
598 3548 642 3602 004
656 3546 686 3601 il.
702 3543 825 3617 Virgini,
841 3544 939 3610 5350;
954 3547 983 3601 04
1001 3545 1134 3617 quamvis
1154 3545 1209 3601 mi·
1262 3545 1563 3603 nustaffltutheote
1578 3546 1716 3618 mysteria
1729 3544 1994 3603 dicuntnrlnearna·

497 3635 629 3692 tissimus
643 3633 739 3698 400044,
755 3635 808 3689 552
816 3634 856 3699 B',
871 3636 901 3689 04
914 3633 1091 3699 caritativus,
1107 3635 1206 3701 538a',

497 3742 555 3782 non
575 3724 665 3781 000004
685 3723 715 3779 40
736 3724 821 3788 iram,
836 3723 879 3780 vel
899 3723 1050 3796 injustam,
1065 3725 1207 3799 prorupit,

496 3815 596 3879 5520,
621 3817 649 3869 04
676 3814 720 3870 ira
747 3828 880 3884 peccasse
907 3813 1029 3878 videtur,
1058 3814 1149 3870 5534.
1174 3846 1207 3857 -

496 3906 587 3961 Deum
608 3903 638 3959 in
659 3903 713 3958 hac
731 3903 790 3958 vita
813 3901 921 3959 dicitur
941 3902 1048 3961 vidisse
1071 3921 1123 3977 per
1145 3921 1208 3978 spe·

494 3993 578 4058 ciem,
594 3993 688 4055 5240,
704 4008 739 4048 ex
755 4008 812 4064 qno
827 3991 920 4050 iaetus
934 3996 978 4048 est
996 3992 1098 4065 lingua
1116 3992 1208 4067 impe·

493 4083 581 4147 ditus,
597 4082 697 4137 soou’.

455 4171 591 4229 44048448
607 4170 709 4244 (Rabbi
724 4172 816 4227 440000
828 4172 883 4227 ben
897 4170 1040 4243 liutmun)
1053 4171 1207 4246 allegatur,

492 4262 581 4317 4094.

454 4350 595 4407 4444444444.
613 4351 694 4407 Sicut
717 4349 840 4407 muliere
863 4351 1004 4407 suadente
1027 4350 1133 4407 cecidit
1156 4350 1207 4407 bo-

492 4457 551 4507 mo,
566 4441 608 4497 sic
622 4440 745 4497 muliere
765 4444 937 4512 cooperante
953 4440 1051 4497 decuit
1068 4458 1136 4497 eum
1152 4441 1208 4497 sal·

490 4528 561 4596 vari,
575 4529 662 4595 4790,
674 4529 729 4585 546
738 4529 777 4593 B',
788 4532 816 4585 et
830 4529 866 4585 ob
881 4528 936 4584 hoc
951 4528 1027 4585 inter
1039 4533 1205 4601 serpentem

490 4624 520 4677 et
539 4618 680 4676 feminam
700 4622 765 4675 0040
787 4622 830 4675 004
853 4617 1017 4684 inimicitia,
1033 4619 1135 4686 l'i9t’,
1151 4618 1207 4675 soi·

1301 2648 1344 2705 vel
1359 2648 1500 2720 temporis
1513 2648 1625 2715 ordine,
1640 2648 1684 2705 vel
1698 2652 1813 2706 naturae
1824 2666 1916 2714 00000,
1925 2649 1991 2711 6044,

1300 2740 1329 2795 04
1342 2738 1384 2795 040
1398 2754 1415 2795 0
1429 2737 1543 2793 Christo
1556 2738 1761 2796 reconciliatus
1774 2743 1827 2803 est,
1842 2741 1911 2805 440,
1924 2738 1991 2803 450,

1299 2828 1399 2884 4454.
1414 2858 1451 2869 -
1464 2827 1589 2885 Mundus
1608 2829 1692 2902 cujus
1707 2828 1844 2901 princeps
1859 2832 1900 2885 est
1912 2828 1993 2884 diabo

1300 2918 1355 2983 lus,
1371 2918 1442 2983 5044,
1458 2934 1574 2991 semper
1587 2934 1640 2973 nos
1654 2916 1754 2983 allicit,
1770 2919 1869 2982 38844,
1880 2921 1907 2975 04
1921 2918 1991 2973 saluti

1300 3010 1407 3064 nostrae
1424 3008 1602 3073 adversatur,
1618 3008 1696 3071 9444,
1712 3009 1763 3065 sed
1777 3025 1795 3063 0
1810 3008 1918 3065 Christo
1929 3006 1992 3064 devi-

1300 3102 1364 3155 etus
1392 3101 1444 3159 004,
1472 3098 1546 3163 380,
1566 3102 1595 3154 04
1621 3114 1638 3155 0
1666 3097 1777 3155 devotis
1804 3098 1991 3162 contemnitur,

1299 3188 1400 3253 38844,
1419 3188 1505 3243 saec.
1523 3218 1559 3228 -
1576 3188 1676 3244 liundi
1699 3188 1849 3245 conversio
1872 3187 1929 3245 sinc
1949 3186 1991 3243 hu·

1300 3294 1388 3335 mana
1402 3280 1463 3334 0040
1477 3281 1506 3335 04
1518 3280 1667 3349 potestate,
1685 3277 1851 3335 maximum
1865 3282 1907 3335 est
1919 3276 1992 3333 mira-

1298 3367 1409 3432 culum,
1424 3366 1515 3422 4320.
1531 3366 1666 3423 -Totus
1685 3367 1816 3423 mundus
1835 3383 1928 3423 eoram
1946 3367 1991 3421 000

1298 3461 1341 3513 004
1354 3460 1496 3529 unquam
1511 3472 1601 3512 arena
1618 3456 1733 3529 exigua,
1748 3458 1851 3514 46444.

1297 3634 1348 3700 440,
1363 3634 1441 3700 8644,
1453 3635 1749 3700 transsubstantiatio,
1764 3636 1865 3700 3650',
1878 3636 1959 3698 4308,
1971 3636 1993 3688 04

1299 3722 1490 3787 Eucharistia,
1508 3723 1538 3779 in
1562 3740 1621 3797 qua
1647 3725 1705 3782 duo
1727 3725 1787 3782 alia
1810 3724 1991 3785 includuntur¹

1298 3814 1397 3869 38544.
1413 3844 1448 3855 -
1462 3812 1629 3870 Difficilium
1650 3814 1857 3887 mysteriorum
1871 3811 1993 3871 scrutatio

1298 3920 1357 3959 uon
1381 3904 1517 3960 convenit
1540 3903 1664 3960 nisibis
1690 3904 1740 3977 qui
1764 3906 1932 3963 exercitatos
1952 3903 1993 3957 ha·

1298 3995 1367 4051 bent
1389 4010 1501 4058 seusus,
1528 3992 1626 4049 tetss’.
1640 4025 1675 4035 -
1695 3998 1740 4049 40
1763 3996 1852 4051 verba
1871 4014 1886 4047 ι
1903 3996 1992 4066 mysia
2103 4056 2104 4075 ,

1297 4082 1375 4139 rium
1392 4082 1457 4139 lidei
1473 4103 1498 4149 v,
1515 4098 1581 4155 quae
1600 4081 1630 4137 in
1649 4082 1805 4156 Evangelio
1825 4100 1882 4140 nou
1901 4083 1992 4137 haben·

1296 4175 1353 4238 tur,
1365 4173 1402 4228 ad
1417 4166 1666 4228 consecrationem
1679 4173 1834 4245 sanguinis
1848 4170 1992 4230 0000000040

1296 4262 1364 4328 0404,
1381 4262 1468 4328 36344,
1483 4262 1586 4327 42644,
1601 4262 1655 4318 429
1663 4263 1694 4328 B,
1710 4262 1752 4329 B',
1768 4266 1797 4319 et
1813 4264 1883 4336 quid
1897 4258 1992 4333 siguifi-

1296 4356 1371 4418 cent,
1386 4353 1476 4418 3650,
1491 4352 1582 4409 4304).

1617 4540 1651 4615 N
1749 4541 1753 4550 .

490 4710 558 4767 licet
577 4709 654 4767 inter
671 4708 821 4765 diabolum
841 4712 870 4765 et
883 4710 915 4763 B.
931 4708 1092 4781 Virginem,
1108 4710 1204 4777 48044,
1259 4708 1371 4766 NASUS
1386 4709 1505 4782 grandis
1518 4709 1562 4766 vel
1582 4726 1688 4782 parvus
1706 4714 1757 4768 aut
1775 4714 1868 4768 tortus
1881 4710 1910 4767 in
1924 4710 1951 4765 V.
1965 4708 1989 4765 h

490 4800 537 4858 cui
557 4800 633 4856 datae
651 4802 720 4855 sunt
738 4797 893 4869 qualitates
912 4798 1063 4855 diabolicis
1082 4799 1205 4871 disposi-

1294 4799 1365 4855 obox
1382 4802 1443 4856 erat
1463 4800 1500 4856 ud
1519 4798 1725 4866 sacerdotium,
1742 4818 1841 4874 quare,
1857 4802 1940 4865 3360,
1954 4800 1988 4855 4“.

488 4889 619 4946 tionibus
637 4888 799 4954 contrariae,
815 4889 904 4953 4808,
921 4892 950 4944 04
967 4889 1055 4946 variae
1078 4888 1203 4947 lemine·
1258 4890 1441 4945 Nationes.
1462 4889 1509 4945 Sic
1532 4890 1615 4963 quasi
1639 4891 1837 4963 pamipensive
1857 4908 1874 4948 a
1897 4888 1989 4949 ludaeis

488 4996 556 5037 rum
582 4977 791 5051 praerogativae,
810 4978 909 5041 49444,
930 4980 964 5034 04
984 4978 1146 5051 virginitas,
1162 4978 1202 5037 40·

488 5069 633 5134 eunditas,
662 5066 825 5140 conjugalis
856 5067 982 5130 castitas,
1011 5072 1040 5124 et
1065 5067 1203 5125 honestas

1292 4980 1471 5035 vocabantur
1495 4980 1626 5052 gentiles,
1650 4980 1722 5036 lth.
1746 5012 1777 5022 -
1798 4981 1944 5046 Quomodo
1965 4978 1988 5034 in

1292 5068 1460 5126 nationibus
1475 5070 1639 5144 regnaverit
1651 5087 1669 5126 a
1683 5070 1763 5143 ligno
1777 5072 1861 5133 Deus,
1877 5072 1945 5127 404.

487 5158 624 5223 04000440,
640 5156 736 5221 49444,
752 5160 781 5213 04
794 5172 860 5229 000
877 5173 943 5213 0000
962 5160 1006 5215 004
1025 5158 1132 5213 mulier
1147 5158 1203 5213 ior·
1256 5160 1449 5215 4444444448.
1463 5160 1578 5232 Triplex
1594 5159 1729 5217 nativitas
1742 5160 1855 5217 Christo
1868 5157 1992 5217 adscribi·

489 5251 527 5305 tis
553 5265 572 5305 a
598 5246 753 5302 Salomone
780 5245 968 5318 prelaadata,
988 5246 1080 5309 stac,
1096 5246 1202 5311 54844,

490 5356 510 5395 0
536 5353 596 5411 qua
620 5334 763 5408 serpentis
786 5338 874 5408 capnt
896 5339 958 5392 erat
980 5338 1201 5402 conterendum,

1293 5250 1350 5314 tur,
1376 5252 1494 5319 4040000,
1519 5248 1654 5314 carnalis,
1679 5250 1848 5323 spiritualis,
1870 5251 1938 5313 284,
1951 5247 1989 5313 4“;

1292 5338 1336 5395 004
1360 5338 1477 5411 duplex,
1502 5339 1613 5397 scilicet
1638 5339 1669 5395 in
1698 5343 1780 5398 utero
1803 5343 1831 5398 et
1853 5358 1889 5398 ex
1910 5343 1988 5404 utero,
