4309 6259
644 582 763 705 DE
837 580 1323 707 LAUDIBUS

214 927 361 1081 SS.
384 929 512 1081 ET
546 925 1128 1080 INDIVIDUAE
1162 925 1760 1079 TRINITATIS

486 1296 650 1406 PER
694 1296 993 1405 MODUM
1039 1289 1484 1406 HORARUM¹

976 1866 1001 1929 Α
1057 1868 1211 1941 Quoniam
1233 1868 1334 1950 ipsius
1354 1876 1403 1931 est
1422 1887 1521 1949 mare,
1544 1870 1665 1952 etipse
1685 1870 1764 1935 fecit

410 1924 473 1997 AD
502 1924 761 1996 MaTtt'rlNas.
1016 1966 1108 2043 illud,
1124 1974 1157 2029 et
1169 1966 1290 2029 aridam
1305 1965 1520 2029 fundaverunt
1538 1986 1651 2031 manus
1665 1970 1736 2050 ejus
1753 1993 1760 2031 ε

284 2067 369 2131 DSlT
389 2064 481 2128 nobis
502 2082 627 2146 semper
649 2064 806 2127 immensa
824 2071 878 2125 tua
899 2063 962 2126 cle-
1016 2063 1135 2141 venite,
1171 2064 1351 2140 adoremus,
1387 2072 1419 2126 et
1453 2064 1655 2145 procidamus
1690 2073 1763 2129 auto

299 2164 429 2243 mentia,
464 2164 546 2225 Deus
581 2163 795 2244 omnipotens,
824 2160 961 2224 Trinitas
1016 2162 1137 2240 ueum3
1158 2162 1440 2244 ploremuscoram
1454 2162 1599 2240 Domino,
1615 2163 1670 2244 qui
1686 2163 1764 2227 lecit

204 2263 384 2329 adoranda.
1017 2279 1076 2325 uos
1111 2261 1186 2343 quia
1209 2260 1277 2342 ipae
1298 2260 1514 2323 estDomiuus
1528 2260 1611 2323 Deus
1632 2270 1761 2341 nostor;

13 2392 186 2441 amn,
254 2358 673 2439 r.uxsu1lentlabiamea‚
696 2356 838 2435 Domina,
861 2376 961 2439 quum
1016 2377 1074 2423 uos
1097 2367 1202 2421 autom
1222 2358 1360 2440 populus
1380 2358 1463 2439 ejus,
1485 2366 1518 2421 et
1537 2376 1613 2422 oves
1637 2378 1763 2441 pascum

204 2468 384 2525 cantavero
399 2458 468 2521 tibi.
1017 2456 1098 2538 ejus.

253 2578 287 2631 n.
304 2557 343 2619 El
356 2556 462 2619 anima
476 2574 546 2617 moa
560 2574 655 2637 quam
671 2554 842 2617 redemisti.
1056 2556 1100 2618 Te
1118 2554 1261 2619 omnium
1280 2554 1397 2636 Regem
1417 2556 1615 2633 saeculorum,
1637 2556 1764 2618 immor-

12 2680 182 2729 Ριιιιῃ.
253 2668 288 2718 v.
304 2656 397 2733 Deus,
413 2655 447 2717 iu
462 2652 656 2735 adjutorium
672 2671 777 2715 meum
793 2651 932 2715 intende.
1016 2654 1125 2730 talem,
1142 2652 1347 2730 invisibilem,
1364 2653 1463 2716 Deum
1484 2662 1637 2716 aeternum
1658 2661 1690 2715 et
1710 2672 1764 2716 ve-

254 2774 289 2827 n.
306 2752 449 2832 Domine,
466 2753 506 2815 ad
525 2750 742 2833 adjuvandum
761 2770 812 2813 mc
831 2749 958 2813 festina.
1017 2771 1100 2829 rum,
1113 2752 1293 2828 adoramus,
1305 2752 1471 2813 laudamus
1485 2758 1517 2813 et
1530 2750 1760 2834 glorificamus,

253 2863 287 2913 v.
303 2852 408 2915 Gloria
441 2850 535 2930 Patri,
571 2858 603 2913 et
636 2850 728 2927 Filio,
765 2857 797 2911 et
831 2848 961 2931 Spiritui
1017 2849 1224 2914 Obeuedicta
1238 2848 1386 2911 Trinitas.

203 2952 342 3014 Sancto.
1057 2948 1163 3012 Gloria
1177 2946 1271 3028 Patri,
1287 2955 1319 3010 et
1333 2947 1423 3025 Filio,
1437 2954 1469 3009 et
1483 2946 1612 3029 Spiritui
1634 2945 1760 3010 Sancto.

255 3068 289 3123 n.
307 3047 394 3111 Sicut
414 3053 482 3110 erat
505 3046 540 3108 in
562 3044 732 3129 principio,
755 3053 787 3107 et
811 3063 908 3123 nunc,
931 3048 1000 3111 etll
1057 3046 1146 3109 Sicut
1158 3054 1225 3108 erat
1240 3045 1272 3107 in
1288 3045 1457 3127 principio,
1473 3054 1506 3107 et
1522 3063 1619 3125 nuuc,
1635 3053 1668 3107 et
1682 3063 1764 3108 sem·

203 3166 353 3228 semper,
375 3154 407 3208 et
432 3136 465 3206 in
487 3145 603 3207 secula
626 3144 825 3207 seculorum.
848 3144 959 3204 Amen.
1017 3163 1085 3226 per,
1101 3144 1181 3205 etin
1196 3143 1313 3206 secula
1326 3142 1525 3206 seculorum.
1542 3144 1653 3205 Amen.

203 3246 361 3309 Alleluia.
1056 3242 1080 3305 0
1095 3241 1264 3305 benedicta
1278 3241 1426 3303 Trinitas.

7 3368 184 3413 crimem.
254 3345 502 3406 Invitotorium.
530 3343 572 3405 Te
596 3340 740 3404 omnium
765 3340 882 3421 Regem
908 3359 963 3402 sae-
1056 3341 1099 3403 Te
1118 3340 1262 3403 omnium
1281 3340 1399 3421 Regem
1419 3339 1618 3415 serculorum,
1634 3339 1763 3401 immor·

204 3442 373 3519 culorum,
395 3440 618 3518 immortalem,
638 3437 846 3515 invisibilem,
863 3437 962 3499 Deum
1017 3438 1123 3515 talem,
1141 3438 1347 3517 invisibilem,
1364 3438 1463 3499 Deum
1483 3445 1636 3500 eternum
1658 3444 1690 3499 et
1711 3455 1763 3499 ve

202 3550 369 3604 aeteruum
393 3545 426 3601 et
447 3556 570 3617 verum,
593 3537 773 3612 adoramus,
797 3535 962 3598 laudamus
1017 3555 1099 3615 rum,
1112 3537 1291 3615 adoramus,
1305 3534 1471 3597 laudamus
1485 3542 1517 3595 et
1531 3532 1761 3616 glorificamus,

202 3646 247 3702 et
261 3636 490 3719 glorificamus,
507 3636 527 3715 †
540 3635 563 3698 0
579 3634 745 3697 benedicta
759 3632 906 3695 Trinitas.
1016 3634 1040 3697 0
1055 3634 1222 3697 benedicta
1235 3632 1383 3695 Trinitas.

474 3737 628 3797 Psalmus
642 3736 701 3795 94.
1307 3734 1470 3809 Hymnus.

7 3861 141 3906 raam.
157 3860 185 3899 ι-
256 3834 380 3913 Venite,
403 3832 597 3896 exsultemus
620 3830 765 3909 Domino,
788 3830 963 3911 jubilemus
1136 3831 1263 3909 Adesto,
1280 3837 1388 3892 sancta
1402 3828 1568 3905 Trinitas,·

7 3928 27 3965 ²·
203 3934 280 3997 Deo
296 3930 425 3995 salutari
440 3937 563 4007 uostro;
572 3948 831 4011 preoccupemus
846 3928 962 3991 faciem
1116 3929 1174 3991 Par
1188 3928 1348 4011 splendor,
1365 3946 1429 3989 uua
1442 3927 1558 4005 Deitas,

203 4031 287 4113 ejus
312 4030 345 4091 in
371 4028 583 4107 confessione,
609 4027 697 4090 etin
724 4026 855 4110 psalmis
878 4028 963 4108 jubi-
1115 4029 1305 4102 Quaeexstas
1321 4045 1425 4088 rerum
1440 4025 1584 4089 omnium

203 4133 318 4195 lemus
332 4129 373 4192 ei.
1115 4126 1242 4190 Creator
1255 4133 1287 4187 et
1300 4124 1505 4207 principium.

255 4229 298 4291 Te
317 4226 461 4291 omnium
479 4227 598 4308 Regem
618 4226 816 4302 seculorum,
835 4224 961 4289 immor·
979 4229 1001 4292 C
1137 4226 1179 4287 Te
1194 4224 1347 4287 coelorum
1362 4223 1476 4286 militia

203 4326 323 4403 talem,
340 4325 546 4404 invisibilem,
563 4325 661 4387 Deum
682 4332 834 4388 eternum
856 4332 888 4387 et
909 4344 962 4388 ve·
1115 4324 1244 4399 laudat,
1260 4323 1379 4398 adorat,
1395 4320 1565 4403 predicat3

204 4445 298 4501 rum,
310 4426 491 4501 adoramuS,
503 4424 669 4485 laudamus
684 4430 715 4485 et
729 4422 959 4505 glorificamus,
1116 4422 1249 4503 Tibique
1263 4420 1373 4483 mundi
1390 4420 1538 4482 machina

202 4526 235 4589 Ο
253 4523 422 4587 benedicta
437 4521 585 4584 Trinitas.
1117 4521 1176 4584 Por
1190 4520 1305 4583 seacula
1320 4518 1495 4581 benedicat.

253 4622 408 4697 Quoniam
424 4621 506 4684 Deus
526 4638 659 4701 magnus
674 4618 837 4698 Dominus,
854 4628 886 4683 et
899 4620 962 4682 Rex
1137 4620 1295 4682 adsumus
1310 4625 1342 4681 et
1356 4635 1414 4679 nos
1429 4616 1551 4694 comui,

202 4740 350 4803 maguus
372 4737 467 4801 super
485 4736 596 4781 omues
615 4718 691 4781 deos
708 4742 715 4779 :
732 4718 883 4799 quoniam
898 4737 962 4781 non
1118 4719 1161 4781 To
1176 4720 1341 4781 adorantes
1356 4714 1466 4778 famuli
1482 4737 1490 4792 ;

203 4819 348 4901 repellet
368 4818 521 4879 Dominus
543 4815 668 4897 plebem
691 4834 780 4877 suam
805 4838 812 4877 ι
834 4816 907 4897 quia
930 4816 962 4877 in
1118 4817 1198 4878 Vota
1211 4833 1384 4897 precesque
1399 4812 1581 4895 supplicum

204 4936 315 4982 mauu
329 4916 400 4996 ejus
415 4922 489 4976 sunt
502 4932 615 4977 omnes
630 4912 712 4975 fines
727 4922 828 4993 terre,
845 4923 877 4977 et
895 4915 964 4977 alti·
1118 4913 1249 4995 Rymuis
1262 4913 1361 4994 junge
1376 4911 1564 4974 coelestium.

203 5015 344 5081 tudines
359 5012 515 5077 montium
530 5011 598 5094 ipse
613 5012 781 5094 conspicit.
1139 5013 1241 5076 Unum
1257 5019 1287 5074 te
1301 5011 1409 5072 lumen
1425 5010 1595 5085 credimus,

254 5110 466 5177 Obeuedicta
479 5110 627 5173 Trinitas.
1118 5110 1205 5185 Quod
1220 5109 1339 5171 trinum
1354 5108 1439 5171 idem
1454 5107 1610 5184 colimus;

261 5302 272 5342 ¹
293 5298 336 5350 En
350 5296 472 5351 editione
486 5295 646 5350 Coloniensi
659 5295 776 5349 loannis
790 5294 906 5359 Soteris,
922 5295 994 5347 1532.
