4309 6259
428 481 465 545 ll
1000 498 1145 545 urrerem
1165 496 1399 545 ncnccrnronm

422 670 567 735 desinas.
588 672 666 736 Sine
682 673 771 737 euim
790 673 896 754 ipsius
914 673 1098 754 patrocinio
1117 675 1149 737 et
1167 672 1291 753 favore,
1307 690 1439 737 omnem
1457 672 1604 737 laborem
1623 690 1821 754 omnemque
1840 688 1974 754 operam

422 778 641 843 intermittere
659 797 833 844 necessum
857 780 920 844 erit
939 800 948 842 ε
969 781 1092 862 quippe
1111 796 1214 859 quum
1234 779 1525 861 calcographorum
1544 780 1800 862 adjutorumque
1818 778 1974 857 insultus,

423 884 643 948 temeritatem
672 885 909 967 perfidiamque
931 886 1135 964 continuam,
1156 887 1194 948 ut
1221 886 1349 967 reliqua
1373 888 1512 964 taceam,
1534 885 1677 967 experiri
1701 885 1976 949 molestissimum

425 989 480 1068 sit,
497 991 629 1055 tametsi
648 992 764 1073 gratia,
782 992 876 1055 lavor
890 994 987 1073 atque
1008 993 1188 1056 auctoritas
1206 992 1422 1073 superiorum
1442 993 1591 1056 adsistat.
1611 992 1797 1070 Postremo,
1814 992 1843 1055 si
1861 992 1896 1053 in
1915 991 1977 1053 hac

425 1094 474 1158 tui
493 1095 627 1161 liberior
651 1098 801 1179 epistola,
819 1099 898 1162 boni
925 1100 1070 1177 consule,
1095 1116 1208 1179 quaeec
1229 1117 1237 1160 ε
1258 1099 1340 1162 solis
1363 1100 1452 1162 enirn
1475 1100 1546 1162 baec
1569 1098 1703 1163 Ordinis
1720 1098 1875 1162 Patribus
1897 1114 1976 1161 ven·

424 1201 531 1265 detur.
551 1201 645 1268 Vale.
671 1204 818 1268 Salutem
846 1222 961 1285 precor
987 1205 1054 1268 tuis
1078 1204 1187 1268 verbis
1211 1204 1500 1268 Reverendissimo
1529 1204 1564 1267 in
1587 1204 1718 1268 Christo
1739 1204 1830 1268 Patri
1853 1203 1974 1265 loanni

423 1307 536 1372 Mariae
549 1309 735 1389 Ganisianc,
752 1310 872 1373 Abbati
892 1311 1036 1392 generali
1057 1310 1162 1374 Vallis
1179 1310 1357 1390 umbrosae,
1377 1311 1473 1391 quus
1491 1311 1667 1375 candorem
1686 1310 1973 1391 integritatemque

423 1415 485 1479 zeli
504 1434 563 1498 pro
584 1418 741 1497 Ecclesia,
762 1434 822 1498 pro
843 1418 1071 1500 Dionysioque
1090 1417 1249 1497 favorem,
1269 1418 1430 1499 superiori
1452 1435 1538 1481 anno
1559 1419 1594 1481 in
1612 1417 1773 1495 Gartusia,
1790 1416 1912 1498 partim
1931 1433 1972 1479 er

424 1523 492 1586 tuis
506 1524 626 1603 verbiS,
647 1526 768 1606 partim
788 1526 947 1607 exipsius
966 1526 1107 1606 epistola
1127 1525 1168 1588 ad
1190 1525 1381 1607 Capitulum
1405 1529 1557 1589 nostrum
1575 1543 1635 1607 pro
1658 1525 1811 1605 Dionysii
1834 1524 1974 1606 impres·

418 1618 516 1695 ¹sione
539 1632 660 1715 scripta
682 1650 835 1714 nuncque
860 1634 1033 1713 impressa,
1053 1632 1166 1696 didici.
1182 1634 1307 1697 Iterum
1327 1632 1410 1696 vale.
1427 1634 1479 1696 Ex
1495 1633 1646 1697 Cantusia
1664 1632 1865 1713 Coloniensi,
1881 1632 1974 1695 feriis

423 1737 456 1801 S.
480 1738 630 1820 lingonis
654 1740 800 1821 episcopi
822 1738 1075 1820 Lineolniensis,
1099 1757 1185 1803 anno
1205 1740 1430 1804 MDXXXIll.
