4309 6259
387 412 447 479 280
702 434 741 480 DE
762 432 910 481 PASSIONE
931 431 1037 479 nomm
1059 431 1244 477 SALVATORIS
1265 430 1423 499 DlALCCUS.
1446 450 1487 461 -
1507 432 1576 477 ΛΚΤ.
1600 434 1619 479 V
2118 455 2123 510 q

387 601 470 666 Ecce
502 603 588 667 enim
623 606 718 669 hahet
750 613 846 685 caput
875 602 1061 667 inclinatum
1097 604 1136 665 ad
1150 602 1177 665 A
1193 602 1290 665 vitem
1305 602 1484 684 angelicam
1499 611 1531 667 et
1545 603 1707 667 coelestem
1722 603 1757 667 in
1770 604 1831 666 hac
1852 602 1944 665 habi-

389 702 610 781 osculandum,
627 721 682 767 cor
702 710 848 785 apertum
867 702 906 765 ad
927 701 1135 782 diligendum,
1192 702 1314 782 tatione,
1322 703 1480 765 duxeruut
1494 702 1646 780 terrestri,
1655 720 1692 765 ac
1708 701 1867 783 preclaris
1883 700 1946 763 lul·
2117 715 2125 808 1

390 800 518 864 brachia
541 809 668 865 extenta
690 802 729 864 ad
755 800 1013 882 amplexandum,
1040 818 1136 880 seque
1192 808 1302 862 semnt
1328 800 1494 863 miraculis
1521 824 1527 862 :
1555 800 1670 882 quibus
1695 799 1843 863 volucres
1866 799 1943 862 coeli

390 906 490 963 totum
509 901 687 981 expositum
708 900 747 962 ad
770 898 968 978 salvandum,
985 906 1020 960 ut
1041 897 1138 960 faciat
1191 906 1223 961 ct
1251 898 1326 961 lcrae
1355 898 1472 961 deserti
1499 898 1762 963 ministraverunt
1785 916 1822 961 ac
1848 916 1944 979 paru-

255 1007 320 1051 ltom·
333 1018 377 1056 vn,
391 1004 422 1058 te
435 996 489 1059 Dei
504 996 601 1059 Patris
616 997 765 1060 heredem
781 1014 817 1058 ac
832 1014 896 1057 suae
915 994 1023 1077 glorio
1043 993 1138 1057 coho·
1192 1004 1294 1059 crunt.
1311 997 1382 1059 Haec
1397 996 1480 1059 lides
1496 996 1610 1060 idiotas
1625 1016 1662 1059 ac
1677 997 1843 1078 simplices
1864 995 1943 1058 lecit

244 1074 277 1115 ¹⁷·
391 1095 510 1157 rodem.
527 1094 661 1175 Adspice
684 1102 716 1155 et
739 1077 923 1156 deosculare
948 1091 1136 1173 sanguinem
1192 1094 1393 1157 doctissimos
1408 1102 1440 1157 et
1454 1094 1620 1173 facundos,
1639 1096 1702 1159 imo
1724 1103 1757 1159 et
1777 1096 1864 1159 omui
1887 1114 1944 1176 gc-
1957 1114 2007 1156 xo.
2027 1118 2079 1163 aa

390 1194 436 1255 sic
452 1192 632 1275 pendentis,
649 1200 712 1255 tam
731 1191 858 1273 copiose
877 1190 1083 1252 distillantem
1104 1189 1136 1250 in
1191 1211 1267 1255 nere
1283 1192 1464 1274 linguarum
1484 1192 1660 1274 loquentes.
1677 1194 1749 1256 ilaec
1770 1193 1852 1257 fides
1873 1194 1943 1276 glo
2119 1223 2126 1258 ι

388 1290 502 1368 terris3
523 1308 669 1353 reverere
686 1290 819 1352 vulnera
837 1287 1032 1368 redimentis,
1049 1295 1081 1350 et
1100 1306 1137 1349 ca
1193 1290 1271 1352 riam
1288 1290 1396 1353 mundi
1412 1291 1535 1371 stravit,
1552 1310 1701 1373 pompam
1723 1292 1831 1355 saeculi
1848 1291 1941 1369 vicit,
2121 1273 2126 1290 ¹

390 1388 504 1471 perlini
526 1388 715 1466 devotionis,
732 1387 928 1465 imitationis,
944 1384 1138 1466 compassio·
1192 1408 1282 1470 reges
1311 1397 1343 1451 et
1370 1388 1544 1471 principes,
1571 1408 1668 1470 regna
1696 1399 1728 1452 et
1757 1389 1943 1471 pmvincias

389 1486 439 1548 nis
453 1485 717 1568 gratitudinisque
732 1484 915 1566 unguentis,
932 1491 966 1545 ut
981 1490 1065 1545 totus
1082 1482 1137 1544 tihi
1192 1486 1292 1549 cultui
1318 1486 1659 1550 subdidit'christiano
1680 1511 1687 1550 :
1709 1496 1741 1551 et
1764 1488 1837 1565 hoc,
1854 1489 1942 1569 quod

390 1583 507 1665 ligatur
521 1583 554 1645 in
569 1584 675 1663 corde,
691 1583 746 1664 qui
762 1600 820 1665 pro
836 1590 866 1644 te
880 1589 964 1644 totus
983 1589 1032 1643 est
1051 1578 1137 1642 lixus
1191 1584 1464 1648 mirabilissimnm
1489 1594 1548 1663 est,
1567 1585 1635 1648 sine
1662 1584 1746 1649 bello
1768 1595 1800 1648 ct
1820 1586 1940 1667 gladio.

388 1681 422 1745 in
447 1700 551 1745 cruce.
567 1681 647 1744 dudi
670 1681 831 1744 dicentem
855 1688 887 1741 et
905 1678 995 1760 qnasi
1018 1677 1075 1740 tihi
1096 1680 1136 1741 de
1191 1683 1263 1746 llaec
1279 1683 1361 1745 lidcs
1376 1702 1440 1746 uon
1457 1684 1559 1747 solum
1575 1684 1660 1747 viros
1675 1683 1774 1747 lortes
1789 1704 1825 1747 ac
1848 1685 1943 1747 lemi-

390 1797 484 1843 cruce
512 1780 703 1843 clamantem
730 1802 737 1840 :
765 1778 854 1855 Vide,
885 1796 905 1840 o
932 1776 1040 1855 homo,
1066 1795 1137 1857 quae
1155 1776 1178 1838 B
1194 1800 1261 1859 nas,
1285 1782 1340 1843 sed
1369 1781 1623 1845 adolescentulos
1652 1801 1779 1863 quoquc
1807 1782 1944 1845 tenerri-

388 1878 501 1959 patior.
518 1879 565 1940 nd
589 1885 619 1940 tc
642 1877 756 1956 clamo,
777 1875 830 1957 qui
854 1894 912 1956 pro
936 1882 966 1937 te
991 1874 1134 1938 morior:
1193 1898 1324 1960 masque
1340 1880 1481 1961 virgines
1499 1899 1595 1942 carne
1615 1880 1755 1942 illustres
1776 1879 1842 1943 lide
1863 1898 1944 1961 quo-

388 1976 460 2039 vide
476 1976 502 2038 si
516 1984 565 2039 cst
578 1976 669 2038 dolor
683 1983 720 2037 ut
733 1974 824 2037 dolor
839 1992 902 2054 quo
921 1981 1091 2054 torqueor;
1107 1981 1138 2034 ct
1191 1995 1254 2058 que
1283 1977 1481 2057 illustriores,
1512 1977 1589 2041 lecit
1622 1978 1655 2039 in
1683 1978 1944 2058 exquisitissimis

388 2093 487 2156 quum
506 2081 612 2135 tantus
632 2072 673 2134 sit
693 2072 784 2135 dolor
803 2071 950 2148 exterior,
968 2070 1069 2151 major
1094 2079 1138 2132 ta-
1193 2075 1497 2158 immanissimisquc
1520 2076 1687 2139 tormentis
1706 2084 1890 2138 constantes
1912 2085 1946 2139 et

389 2192 463 2235 men
479 2179 526 2234 cst
540 2170 631 2234 dolor
645 2170 785 2248 interior,
804 2171 880 2232 dum
902 2177 933 2231 te
955 2178 1018 2231 tam
1033 2167 1138 2249 ingra-
1193 2174 1324 2251 alacres,
1341 2180 1435 2255 atque
1450 2174 1482 2234 in
1498 2174 1565 2236 suis
1579 2173 1740 2257 martyriis
1759 2181 1807 2237 tot
1826 2172 1944 2255 signis,

388 2278 456 2332 tum
479 2269 632 2351 experior.
1193 2268 1348 2350 prodigiis
1372 2288 1409 2331 ac
1436 2268 1598 2331 miraculis
1624 2277 1840 2347 comscantes,
1856 2271 1946 2351 quod

429 2368 602 2429 anvaron.
632 2403 673 2413 -
700 2365 865 2429 Devotioni
895 2375 926 2429 ct
954 2364 1137 2447 gratitudini
1193 2365 1440 2429 innumerabilia
1478 2366 1682 2429 inimicomm
1719 2366 1799 2429 lidei
1839 2368 1948 2431 millia

389 2473 451 2528 tuae
476 2465 689 2547 congratulor,
715 2463 791 2545 quia
815 2482 852 2526 ex
878 2462 1034 2545 passionis
1058 2481 1137 2525 meae
1193 2464 1460 2526 convertebantur
1474 2464 1512 2525 ad
1532 2463 1643 2541 iidem,
1660 2464 1793 2547 ipsaque
1817 2465 1851 2527 iu
1873 2484 1948 2547 pcr-

390 2562 689 2627 commemoratione
711 2562 756 2625 sic
778 2561 952 2644 prolecisti,
969 2568 1001 2624 et
1015 2560 1138 2624 emolli·
1193 2561 1412 2625 secutionihus
1426 2562 1528 2643 magis
1543 2561 1680 2625 invaluit
1692 2570 1725 2625 et
1739 2561 1813 2644 plus
1828 2563 1944 2625 crevit.

389 2669 457 2724 tum
471 2669 520 2724 est
534 2680 590 2725 cor
605 2669 706 2740 tuum,
723 2670 755 2724 et
774 2668 965 2742 compuncta
987 2679 1020 2722 es
1043 2657 1139 2722 vehe—
1192 2660 1230 2721 tlt
1262 2678 1349 2721 nunc
1378 2659 1459 2722 nihil
1488 2679 1558 2723 cam
1593 2659 1739 2723 debilitat
1767 2661 1829 2723 nisi
1857 2663 1947 2742 quod

388 2768 523 2823 menter.
1192 2757 1358 2820 Christiani
1375 2758 1551 2821 secundum
1567 2777 1637 2821 eam
1653 2776 1717 2821 uon
1732 2758 1845 2821 vivunt
1863 2781 1870 2820 :
1887 2760 1946 2840 qui

429 2860 598 2923 anvxrus.
625 2896 665 2905 —
690 2858 775 2938 Siue,
801 2877 821 2921 o
845 2856 989 2931 Domine,
1015 2854 1136 2917 sustine
1194 2856 1220 2917 si
1235 2874 1317 2934 cam,
1334 2863 1369 2918 ut
1383 2856 1473 2933 olim,
1490 2857 1576 2919 omni
1592 2856 1706 2919 virtute
1722 2875 1759 2919 ac
1776 2858 1948 2920 sanctitate

389 2978 440 3021 me
469 2957 640 3039 paulisper,
667 2965 699 3020 et
721 2956 867 3038 permitte
892 2964 927 3017 ut
952 2973 1006 3017 cor
1030 2972 1137 3015 meum
1157 2952 1352 3031 Cornarent,
1369 2972 1433 3015 nou
1449 2953 1579 3016 dubium
1592 2954 1670 3035 quin
1685 2954 1725 3017 ad
1741 2954 1865 3017 libitum
1882 2954 1949 3017 lul-

390 3074 497 3119 coram
516 3063 547 3117 te
566 3054 691 3137 plenius
711 3074 797 3117 nunc
819 3053 996 3132 effundam,
1012 3060 1044 3114 et
1062 3050 1135 3113 audi
1194 3060 1304 3133 gerent
1343 3051 1514 3131 miraculis,
1551 3060 1583 3115 et
1617 3050 1764 3115 inlideles
1799 3051 1949 3116 lacerent

390 3155 487 3217 verba
508 3152 656 3234 figmenti
679 3152 736 3214 tui.
1194 3158 1306 3231 sponte
1328 3168 1398 3212 esse
1421 3148 1543 3213 fideles.

432 3252 604 3315 Silvaron.
619 3287 661 3296 —
681 3249 874 3312 Permittitur
891 3248 948 3311 tibi
967 3247 1054 3330 loqui
1081 3266 1138 3329 pro
1233 3247 1270 3309 Et
1286 3266 1325 3310 ne
1345 3246 1473 3328 tingatis
1494 3246 1651 3310 mirabilia
1671 3247 1726 3309 illa
1747 3248 1950 3330 praestigiali-

245 3371 377 3422 canaan.
391 3349 559 3431 temetipsa
576 3373 583 3410 :
602 3349 666 3411 imo
687 3356 778 3411 sonet
796 3366 857 3411 vox
878 3355 932 3408 tua
957 3347 990 3409 in
1009 3346 1137 3408 auribus
1194 3353 1242 3407 ter
1256 3353 1379 3407 tantum
1395 3353 1448 3407 aut
1463 3345 1596 3426 magicis
1611 3346 1731 3408 artibus
1753 3366 1823 3409 cssc
1845 3346 1946 3424 iacta,

391 3449 482 3528 meis,
501 3467 616 3529 nempe
631 3448 698 3510 haec
713 3455 745 3509 et
757 3446 981 3528 hujuscemodi
995 3464 1055 3507 vox
1071 3452 1136 3522 tua,
1194 3442 1305 3504 scitote
1330 3441 1413 3521 quod
1440 3449 1471 3503 et
1494 3441 1585 3504 multi
1613 3442 1719 3523 magni
1749 3441 1947 3524 philosophi,

392 3544 495 3609 dulcis
516 3544 616 3606 instar
636 3542 786 3623 angelicae
807 3541 961 3604 melodiae.
1195 3539 1284 3601 multi
1299 3540 1332 3601 iu
1348 3539 1478 3621 magicis
1494 3540 1613 3603 artibus
1635 3541 1830 3623 peritissimi,
1845 3542 1951 3604 virtu-

433 3643 600 3705 Sxavaros.
617 3678 658 3687 -
675 3641 779 3703 Primo
800 3639 934 3703 invehar
955 3647 1065 3702 contra
1086 3639 1140 3701 ad·
1194 3646 1258 3700 tem
1284 3638 1387 3701 crucis
1412 3638 1544 3719 experti,
1568 3646 1600 3701 ct
1625 3647 1734 3702 contra
1758 3639 1857 3702 iidem
1887 3660 1949 3703 sua

392 3741 549 3804 versarios
574 3738 691 3819 crucis,
708 3747 818 3801 contra
843 3737 956 3800 stultos
981 3736 1139 3817 sapientes
1195 3736 1318 3817 magica
1331 3735 1375 3796 nil
1391 3754 1484 3816 posse
1500 3744 1678 3814 cernentes,
1691 3734 1790 3799 iidem
1805 3737 1952 3801 devotis-

392 3840 489 3922 hujus
513 3838 632 3901 saeculi.
649 3837 728 3912 Quid
749 3835 838 3917 dicis,
856 3835 1036 3898 christianae
1060 3833 1138 3896 fidei
1195 3834 1273 3895 sime
1303 3842 1378 3896 suut
1408 3833 1554 3915 amplexi.
1586 3832 1648 3897 Nos
1677 3853 1804 3916 quoque
1835 3855 1951 3917 super-

393 3938 493 4000 hostis
513 3954 627 4017 magne
653 3935 707 3997 sed
730 3933 910 4011 imbecillis,
926 3935 1092 4011 Avcrroes,
1109 3940 1141 3994 et
1196 3932 1371 3995 certissime
1396 3932 1516 3994 scimus
1538 3951 1632 4012 quam
1655 3932 1882 3996 immanissimi
1902 3936 1949 3999 ab

393 4044 428 4099 tu
452 4034 702 4097 Christianorum
726 4031 846 4110 irrisor,
869 4030 1043 4112 Porphyrii
1059 4030 1140 4093 Ecce
1195 4030 1281 4093 omui
1297 4030 1420 4111 magica
1439 4029 1534 4107 trula,
1551 4029 1592 4091 ab
1612 4031 1700 4093 omni
1721 4030 1835 4095 fraude
1856 4034 1951 4095 mali-

305 4145 309 4151 ·
393 4152 463 4214 quan
482 4150 539 4193 vos
558 4148 682 4193 summo
706 4138 738 4192 et
758 4128 969 4211 omnipotenti
993 4129 1057 4191 Deo
1082 4129 1141 4190 im·
1156 4130 1180 4191 Ι)
1196 4147 1269 4210 gne,
1296 4128 1400 4190 Sancti
1431 4128 1528 4191 nostri
1551 4128 1604 4209 qui
1633 4127 1752 4192 fulsere
1782 4129 1950 4195 miracolis

393 4228 560 4312 possibilia
572 4226 747 4306 aestimatis,
764 4226 832 4290 haec
850 4226 931 4289 sides
953 4226 1141 4290 iucarnatio-
1196 4226 1393 4289 exstiterunt.

393 4328 444 4391 nis
459 4326 680 4409 passionisque
701 4324 815 4388 Christi
837 4324 870 4386 iu
894 4324 1006 4387 virtute
1028 4324 1141 4387 Christi
1235 4325 1396 4388 Postremo
1411 4324 1477 4387 haec
1492 4323 1573 4387 fides
1589 4324 1839 4389 innumerabiles
1852 4327 1951 4408 juve-

393 4426 526 4509 peregit.
543 4425 614 4487 llaec
629 4423 711 4486 lides
731 4421 978 4484 innumerabiles
1000 4429 1141 4485 mortuos
1195 4442 1253 4485 nes
1274 4440 1311 4484 ac
1335 4422 1473 4502 virgines
1492 4422 1578 4485 omui
1599 4423 1708 4485 muudi
1733 4426 1948 4506 prosperitate

393 4523 569 4601 suscitavit,
586 4530 676 4586 natos
692 4540 793 4584 caecos
807 4527 840 4583 et
854 4539 872 4582 a
886 4520 1051 4582 nativitate
1072 4539 1141 4581 mu·
1195 4520 1396 4602 conspicuos,
1413 4519 1491 4583 lecit
1506 4529 1635 4601 repente
1651 4521 1830 4603 relinquere
1852 4543 1949 4586 muu-

392 4630 453 4701 tos,
474 4622 597 4699 surdos,
620 4620 749 4683 claudos
775 4618 910 4697 sanavit,
934 4616 1138 4697 illuminavit,
1196 4619 1270 4680 dum
1291 4627 1323 4681 et
1342 4627 1455 4681 cuncta
1478 4637 1549 4699 quaa
1573 4619 1746 4699 possident,
1764 4628 1796 4682 et
1819 4620 1949 4702 ingredi

241 4742 378 4793 aucun.
394 4719 630 4801 redintegravit.
647 4718 718 4780 llam
733 4716 816 4779 lidos
837 4716 937 4779 solem
958 4714 1037 4778 lecit
1058 4724 1140 4779 stare
1196 4716 1343 4796 claustra,
1365 4716 1460 4779 ctiam
1482 4724 1634 4797 perpetua
1655 4717 1714 4779 suh
1736 4718 1895 4799 clausura,
1911 4730 1950 4783 ct

393 4819 426 4881 in
455 4817 547 4895 coelo,
574 4824 606 4878 et
630 4815 713 4878 lunae
738 4833 867 4877 cursum
896 4813 1041 4875 mutavit.
1067 4813 1139 4876 llaec
1196 4814 1239 4877 ihi
1255 4814 1403 4896 usquein
1420 4814 1520 4877 linem
1535 4832 1663 4878 manere
1685 4815 1718 4879 in
1740 4834 1868 4881 carcerc
1889 4837 1949 4899 pa-

246 4939 380 4996 Samni.
394 4916 476 4979 lides
500 4914 669 4996 Prophetas
688 4921 719 4975 et
738 4912 858 4975 amicos
882 4912 936 4974 Dei
963 4911 1137 4989 constituit,
1194 4912 1271 4991 talc,
1289 4912 1323 4973 in
1338 4912 1435 4975 ardua
1451 4912 1722 4993 paenitentialique
1744 4913 1818 4977 vita.

393 5023 487 5096 atque
511 5014 550 5076 ad
577 5011 718 5094 mystice
746 5009 911 5091 theologiae
938 5008 1137 5071 altitudinem
1234 5011 1404 5073 Sunvnron.
1420 5046 1461 5055 -
1475 5010 1607 5073 Fortiter
1628 5010 1799 5091 dimicasti,
1816 5013 1949 5095 sapien-

392 5132 467 5175 suos
481 5110 626 5194 provexit
639 5108 1047 5172 cultoreslnnumerabiles
1060 5126 1139 5189 quo·
1193 5116 1241 5171 ter
1262 5107 1385 5171 locutus
1407 5126 1440 5170 es
1462 5126 1499 5170 ac
1520 5106 1653 5189 persidis
1674 5108 1875 5175 conclusisti.

392 5229 453 5293 que
486 5208 563 5273 lecit
595 5205 743 5271 eremitas
771 5215 804 5269 et
831 5205 1048 5283 anachoretas,
1078 5205 1135 5286 qui
1233 5206 1400 5269 anvarus.
1420 5242 1461 5252 -
1483 5204 1614 5284 Roseus,
1631 5206 1789 5287 pretiosus
1813 5217 1846 5273 et
1871 5230 1948 5274 sau-
