4309 6259
417 496 456 565 ᾗ
825 516 980 565 EXPOSlTlo
1002 516 1100 563 utltNt
1124 517 1131 562 :
1155 517 1304 563 couotxott
1324 518 1405 563 ΑΗΕ
1427 518 1558 565 stenholt

414 706 475 770 pas,
499 704 585 750 mors
610 687 777 751 inlernalis
797 686 933 751 miserias
955 711 962 749 :
985 695 1015 751 et
1038 687 1080 750 ab
1103 687 1163 749 hac
1177 687 1203 749 Α
1219 705 1295 750 vum
1311 688 1431 751 creavit
1451 688 1603 752 Dominus
1625 708 1722 772 super
1742 696 1879 768 terram3
1895 708 1967 752 mu-

415 785 536 869 triplici
559 795 660 850 morta
678 786 818 849 Christus
840 787 975 851 redemit
994 805 1064 866 nos,
1081 786 1165 848 sicut

416 884 483 967 jam
504 884 616 966 patuit.
634 885 855 948 Verumtamen
872 885 1012 967 corporis
1034 884 1164 947 immor-

418 982 571 1047 talitatem
590 1003 655 1047 non
675 993 912 1066 consequuntur
930 985 1023 1047 electi
1043 984 1106 1046 nisi
1129 984 1162 1045 in

282 1103 403 1156 lemn,
418 1081 469 1145 dio
497 1083 687 1145 universalis
714 1082 840 1165 judicii,
869 1083 995 1165 quando
1030 1082 1163 1145 mortale

269 1170 304 1211 ⁸⁴·
417 1180 478 1243 hoc
500 1180 610 1243 induet
631 1180 910 1245 immortalitatem.

458 1278 537 1341 Hinc
552 1280 591 1342 de
606 1287 755 1361 praetacto
770 1278 901 1342 interitu
923 1278 968 1341 ait
981 1278 1136 1360 Propheta
1153 1301 1160 1338 :

283 1397 402 1450 matr.
417 1376 474 1451 oui
503 1376 630 1439 redimit
656 1377 696 1439 de
719 1377 850 1440 interitu
873 1377 972 1439 vitam
997 1386 1093 1439 tuam.
1119 1376 1162 1438 De

416 1474 547 1557 prelata
561 1494 687 1558 quoque
702 1476 875 1539 infectione
889 1476 1015 1558 generis
1030 1474 1160 1538 humani

416 1592 454 1635 ex
476 1574 724 1656 transgressione
747 1574 886 1636 hominis
908 1573 1108 1655 protoplasti,
1130 1582 1163 1633 et

415 1671 455 1733 de
478 1672 695 1753 redemptione
722 1670 807 1733 lacta
835 1690 893 1753 per
919 1670 1090 1748 Christum,
1117 1670 1163 1733 lo-

268 1796 399 1849 gmffi,
415 1769 523 1849 quitur
537 1770 576 1831 ad
591 1769 749 1833 Romanos
769 1769 882 1831 Paulus
902 1768 1063 1850 apostolus
1081 1791 1089 1829 ε
1106 1767 1164 1830 Per

1218 785 1278 848 lior
1293 786 1504 849 circumdabit
1519 787 1633 849 virum.
1645 787 1731 862 Quod
1747 787 1774 849 si
1789 796 1965 869 exponatur

1218 884 1258 946 de
1277 884 1410 946 muliere
1430 884 1499 947 viro
1524 885 1650 966 cognita
1674 894 1706 947 et
1723 886 1764 948 ab
1781 904 1820 949 eo
1840 885 1964 967 imprae-

1218 989 1325 1062 gnata,
1342 982 1510 1064 virumque
1532 982 1672 1045 brachiis
1693 984 1882 1065 amplexata,
1898 1002 1963 1047 non

1218 1077 1332 1141 luisset
1347 1079 1547 1153 novunr.Quo
1562 1080 1655 1145 modo
1670 1099 1788 1144 novum
1803 1080 1865 1143 luit
1879 1083 1964 1163 quod

1219 1184 1302 1239 terra
1316 1195 1352 1241 os
1366 1174 1459 1240 suum
1475 1178 1597 1260 aperuit
1612 1179 1773 1241 etDathan
1789 1187 1819 1241 et
1830 1179 1961 1257 abiron,

1217 1274 1286 1337 Hon
1307 1294 1344 1337 ac
1366 1275 1443 1338 Cure
1464 1276 1650 1339 absorbuit:
1667 1277 1759 1359 quale
1780 1296 1861 1359 opus
1882 1297 1964 1339 nun·

1218 1391 1313 1454 quam
1337 1374 1454 1455 legitur
1476 1382 1549 1437 ante
1571 1374 1701 1437 lactum.
1727 1375 1856 1457 Propter
1878 1376 1963 1457 quod

1217 1471 1336 1553 Moyses
1352 1474 1475 1535 locutus
1490 1481 1537 1534 est
1555 1473 1629 1535 :Sin
1645 1482 1750 1536 autem
1765 1492 1880 1537 novam
1896 1492 1961 1535 rem
1985 1497 2061 1541 nam.
2071 1509 2112 1547 m.

1219 1568 1331 1632 lecerit
1344 1571 1551 1649 Dominus,ut
1565 1571 1711 1653 aperiens
1726 1580 1808 1634 terra
1819 1590 1854 1635 os
1869 1592 1962 1633 suum
1978 1563 2013 1605 ³⁰·

1218 1668 1372 1749 deglutiat
1390 1688 1445 1732 eos
1468 1676 1498 1732 et
1522 1669 1630 1731 omnia
1653 1690 1722 1752 que
1741 1669 1779 1731 ad
1800 1669 1872 1733 illos
1893 1689 1964 1752 per-

1218 1766 1333 1845 tinent,
1350 1767 1634 1849 descenderintque
1654 1767 1797 1830 vivcntes
1817 1767 1850 1830 in
1866 1767 1964 1829 inler-

415 1885 513 1928 unum
534 1866 697 1930 hominem
719 1875 885 1948 peccatum
908 1866 941 1927 in
964 1867 1049 1928 hunc
1071 1885 1162 1927 mun·
1179 1865 1307 1941 buum,
1325 1864 1531 1947 scietisquod
1552 1864 1842 1947 blasphemaverint
1860 1865 1966 1930 Domi-

413 1963 488 2025 dum
511 1962 653 2042 intravit,
673 1972 705 2025 et
726 1983 783 2045 per
804 1971 969 2045 peccatum
991 1982 1097 2038 mors3
1118 1970 1160 2039 et,

295 2082 398 2127 usam
412 2059 618 2122 Reconciliati
642 2080 752 2123 sumus
774 2061 837 2123 Deo
859 2079 916 2142 per
934 2068 1067 2124 mortem
1090 2059 1161 2120 Filii

413 2157 495 2238 ejus.

328 2244 347 2300 3
464 2259 616 2333 Verpente
644 2260 763 2317 mundi
790 2276 927 2333 vespere,
953 2258 1005 2317 uti
1027 2276 1162 2333 sponsus

412 2356 453 2413 de
475 2355 629 2422 thalamo,
646 2374 792 2430 opressus
813 2356 1037 2414 honestissimo
1058 2356 1160 2429 Virgi-

413 2454 466 2512 nis
480 2454 602 2513 Matris
616 2455 774 2513 clausula.
792 2452 856 2515 Hoc
874 2459 923 2514 est
939 2475 945 2513 ε
963 2460 1008 2529 tu,
1025 2450 1159 2528 Christe,

413 2572 430 2608 u
447 2568 591 2629 egressus
608 2572 624 2607 n
645 2568 679 2612 es
695 2571 711 2607 u
729 2549 870 2611 clausula
892 2548 1115 2612 honestissima
1131 2571 1160 2625 n,

414 2646 445 2708 id
461 2654 561 2709 estex
580 2647 760 2709 castissima
781 2647 896 2709 cellula
915 2666 972 2709 seu
988 2645 1162 2708 illibatissi-

413 2763 465 2807 ma
486 2744 629 2823 matrice,
653 2767 670 2803 «
693 2744 833 2825 Virginis
855 2745 959 2806 Matris
982 2766 1010 2823 n,
1031 2744 1092 2807 hoc
1114 2751 1161 2805 est

413 2842 563 2923 virginem
578 2842 757 2921 Genitricis,
774 2843 813 2905 de
835 2843 928 2924 cujus
945 2851 1032 2905 utero
1052 2843 1161 2905 clauso

298 2956 390 3062 irritui
413 2948 562 3002 manente
587 2940 733 3022 prodisti,
758 2940 1025 3021 quemadmodum
1048 2941 1088 3002 de
1113 2959 1161 3001 se-

287 3032 359 3069 111111,
393 3050 398 3062 .

272 3153 399 3205 raanan.
414 3136 492 3214 lule,
508 3144 540 3198 et
554 3136 637 3199 sicut
652 3136 787 3199 introisti
809 3135 1021 3213 caenaculum,
1038 3136 1161 3199 loribus

266 3217 342 3267 ¹⁰³⁶·
415 3232 543 3311 clausis,
567 3232 600 3295 in
625 3234 676 3296 die
701 3234 971 3296 resurrectionis:
996 3234 1079 3315 quod
1104 3254 1161 3315 per

415 3331 678 3413 omnipotentiam
706 3332 761 3395 Dei
795 3332 1076 3413 supernaturaliter
1108 3352 1161 3413 ge-

415 3437 498 3491 stum
522 3437 580 3491 cst.
603 3428 688 3491 Istud
714 3430 798 3511 apud
823 3430 1019 3492 Ezechielem
1045 3429 1161 3511 legitur

256 3536 401 3590 naseam.
414 3527 588 3609 figuratum
613 3528 663 3591 his
688 3528 793 3590 verbis
818 3551 824 3589 :
846 3528 936 3591 Porta
960 3528 1027 3591 hasa
1053 3529 1161 3591 clausa

414 3626 485 3705 erit,
502 3634 534 3689 et
548 3646 612 3691 non
634 3626 804 3710 aperietur,
820 3634 851 3688 et
873 3626 921 3687 vir
943 3645 1006 3689 non
1029 3626 1162 3688 transiet

414 3744 472 3808 per
495 3745 577 3805 eam,
601 3726 752 3807 quoniam
780 3725 931 3789 Dominus
955 3725 1037 3787 Deus
1064 3725 1160 3788 lsrael

414 3824 577 3905 ingressus
599 3831 646 3885 est
667 3842 724 3904 per
744 3842 826 3901 eam,
847 3823 969 3903 eritque
991 3824 1110 3885 clausa.
1127 3824 1161 3885 lu

273 3938 400 3991 uranu,
414 3919 560 3984 Numeris
576 3938 700 4002 quoque
715 3919 832 3982 dicitur
844 3944 850 3983 :
861 3920 1058 3983 (terminavit
1072 3920 1162 4003 virga

267 4002 289 4043 ⁸‘
414 4021 518 4082 Aaron
541 4018 574 4079 in
596 4019 689 4082 domo
704 4018 790 4095 Levi,
807 4025 838 4080 et
857 4019 1057 4100 turgentibus
1075 4039 1162 4100 gem-

415 4116 476 4179 mis
495 4124 664 4198 eruperant
687 4115 795 4193 flores,
816 4116 870 4196 qui
898 4117 984 4181 loliis
1008 4117 1160 4196 dilatatis

1217 1981 1306 2024 num
1322 1961 1395 2025 ldeo
1410 1962 1506 2023 rerba
1528 1962 1582 2024 illa
1601 1963 1743 2025 leremiae
1763 1964 1905 2026 nonnisi
1925 1965 1964 2026 de

1217 2058 1341 2121 Christo
1361 2067 1392 2120 et
1414 2058 1599 2120 beatissima
1614 2060 1744 2141 Virgine
1767 2061 1826 2123 rite
1848 2061 1965 2123 intelli-

1217 2163 1345 2236 guntur.
1366 2156 1439 2230 Quae
1461 2156 1719 2237 incomparabilis
1741 2165 1773 2220 et
1790 2158 1965 2221 deilioatis-

1219 2253 1299 2315 sima
1322 2254 1418 2335 Virgo
1446 2254 1650 2334 Unigenitum
1678 2256 1732 2317 Dei
1762 2255 1861 2319 Patris
1890 2276 1964 2321 con-

1219 2352 1315 2434 cepit,
1332 2372 1369 2414 ac
1384 2352 1582 2414 incarnatum
1599 2353 1681 2415 intra
1697 2354 1862 2435 virginalis
1882 2356 1963 2417 uteri

1218 2450 1267 2511 sui
1290 2450 1500 2512 circumdedit
1521 2450 1690 2512 terminum
1705 2476 1713 2528 3
1730 2452 1784 2533 qui
1799 2452 1839 2514 ab
1862 2452 1965 2515 incar-

1218 2548 1356 2610 nationis
1385 2548 1513 2610 exordio
1542 2547 1592 2609 vir
1619 2548 1691 2626 luit,
1721 2569 1785 2611 non
1820 2551 1964 2632 corporis

1218 2645 1394 2727 quantitate
1415 2664 1611 2707 annorumve
1635 2666 1778 2725 numero,
1800 2649 1855 2710 sed
1875 2648 1962 2711 omni

1216 2742 1373 2824 sapientia
1393 2761 1429 2804 ac
1455 2742 1608 2805 virtutum
1633 2743 1828 2825 perfectione
1849 2769 1857 2808 ε
1878 2746 1963 2827 quod

1217 2842 1295 2903 adeo
1328 2840 1448 2901 exstitit
1481 2860 1610 2918 novum,
1640 2841 1768 2919 mirum,
1798 2862 1962 2923 magnum,

1217 2938 1394 3016 insolitum,
1418 2947 1451 3000 ut
1474 2939 1504 3000 S.
1528 2940 1679 3001 Maximus
1701 2939 1870 3022 episcopus
1892 2960 1964 3023 pro-

414 3038 536 3119 pulcro,
559 3037 663 3119 lapide
690 3038 889 3119 superposito
914 3038 1050 3100 necdum
1071 3038 1197 3101 ravo-C
1217 3044 1351 3098 testetur
1365 3036 1524 3117 angelicas
1540 3045 1662 3099 mentes
1676 3056 1741 3100 non
1756 3040 1964 3120 comprehen-

1216 3136 1301 3197 disse
1325 3136 1483 3215 quomodo
1507 3136 1644 3197 Verbum
1668 3146 1821 3198 aternum
1846 3138 1963 3199 mansit

1215 3241 1316 3296 totum
1353 3233 1385 3294 in
1414 3233 1514 3311 Patre,
1544 3241 1575 3295 et
1605 3241 1704 3296 totum
1733 3254 1790 3316 per
1817 3234 1965 3299 lucarna-

1215 3330 1312 3393 tiouis
1352 3331 1537 3412 mysterium
1576 3331 1798 3394 continebatur
1832 3332 1865 3395 in
1895 3333 1965 3396 Vir-

1215 3429 1300 3509 gine.

1255 3526 1420 3605 Praeterea,
1436 3526 1462 3587 si
1485 3526 1656 3607 objiciatur
1677 3527 1736 3590 hoo
1758 3546 1876 3591 novum
1898 3548 1962 3595 non

1217 3643 1297 3700 esso,
1318 3624 1393 3704 quia
1416 3623 1604 3686 albumasar
1622 3625 1746 3687 Maurus
1768 3626 1802 3687 in
1820 3628 1964 3691 Introdu-

1217 3722 1319 3785 ctorio
1341 3721 1467 3802 majori,
1491 3720 1573 3784 libro
1595 3731 1692 3800 sextu,
1716 3722 1858 3787 allirmat
1878 3727 1963 3808 quod

1217 3820 1283 3883 sole
1298 3820 1468 3881 exsistente
1484 3819 1516 3880 in
1533 3820 1674 3902 Virgine,
1686 3823 1746 3885 hoc
1761 3831 1809 3885 est
1824 3824 1856 3884 in
1872 3825 1964 3906 signo

1216 3918 1337 3981 zodiaci
1348 3919 1432 3998 quod
1443 3918 1561 3980 dicitur
1571 3919 1677 4000 Virgo,
1685 3920 1826 3983 nascitur
1836 3922 1869 3983 in
1882 3931 1964 3985 terra

1217 4015 1307 4097 virgo
1322 4016 1622 4098 mundissima,quae
1637 4017 1742 4079 lilium
1757 4037 1839 4081 exse
1854 4028 1963 4083 natum

1219 4114 1305 4177 levet
1327 4114 1359 4175 in
1382 4113 1528 4194 gremio:
1549 4114 1732 4194 dicendum,
1748 4117 1832 4198 quod
1853 4118 1964 4200 opinio

415 4217 449 4279 in
469 4216 649 4299 amygdalas
673 4215 841 4280 deformati
867 4224 949 4279 sunt.
972 4217 1015 4279 De
1034 4216 1086 4279 his
1109 4219 1163 4280 de·
1178 4216 1202 4278 D
1219 4211 1273 4274 illa
1301 4219 1349 4274 est
1376 4211 1466 4288 lalsa,
1494 4212 1558 4274 imo
1586 4213 1753 4292 heretica3
1780 4234 1839 4278 nec
1863 4216 1964 4280 Ptole

281 4324 400 4377 tavaux.
414 4334 503 4377 mum
528 4314 718 4377 vaticinatus
742 4323 791 4377 est
813 4313 908 4377 lsaias
931 4337 938 4376 :
964 4314 1046 4378 Ecce
1070 4314 1162 4395 virgo

414 4410 576 4493 concipiet
603 4419 635 4473 et
662 4411 764 4495 pariet
792 4411 910 4489 lilium,
936 4418 967 4474 et
995 4411 1163 4475 vocabitur

414 4528 531 4571 nomen
556 4508 624 4589 ejus
648 4508 845 4571 Emmanuel.
867 4508 1007 4592 Itemque
1028 4509 1161 4591 loquens

264 4616 400 4671 thid-uat-
414 4608 454 4670 de
477 4606 599 4669 Christo
624 4629 630 4667 :
657 4607 814 4669 Ascendet
837 4606 967 4687 (inquit)
992 4607 1075 4669 sicut
1098 4608 1162 4669 vir-

413 4706 536 4789 gultum
553 4723 659 4768 eoram
677 4704 743 4783 illo,
760 4712 792 4767 et
813 4704 895 4766 sicut
915 4704 1003 4766 radix
1018 4705 1056 4767 de
1076 4713 1160 4768 terra

412 4803 545 4867 sitienti.
576 4802 753 4884 Virgultum
789 4802 907 4883 quippe
943 4804 1087 4864 ascendit
1120 4804 1159 4867 de

410 4903 509 4966 humo
525 4920 588 4965 non
604 4908 700 4979 arata,
715 4919 778 4962 nou
793 4898 889 4977 culta,
903 4917 966 4963 non
982 4900 1156 4965 seminata:

410 5002 457 5065 sic
486 4999 628 5063 Christus
657 5006 781 5061 exortus
811 5006 857 5059 est
880 4997 919 5059 de
944 4998 1158 5063 sacratissima

409 5099 540 5181 Virgine
555 5097 642 5161 omni
665 5096 733 5159 viro
749 5096 921 5179 incognita,
938 5116 997 5159 neo
1017 5096 1157 5161 humano

272 5243 321 5289 J„
335 5258 384 5290 xm
408 5198 531 5259 semine
553 5193 731 5257 fecundata.

1217 4330 1327 4388 maus,
1343 4317 1596 4373 astronomorum
1616 4312 1775 4394 princeps,
1792 4334 1850 4376 nec
1870 4315 1963 4377 atba-

1217 4408 1314 4488 tegni,
1335 4426 1393 4469 nec
1409 4406 1461 4467 All
1464 4427 1609 4489 raganus,
1630 4427 1689 4471 nee
1705 4411 1801 4472 ceteri
1817 4413 1961 4475 doctores

1216 4504 1388 4568 astronomi
1409 4507 1469 4568 hoc
1489 4506 1637 4568 latentur.
1658 4506 1696 4568 Et
1714 4508 1786 4571 dato
1805 4511 1891 4590 quod
1914 4511 1960 4573 sol

1216 4604 1250 4665 in
1273 4603 1328 4667 illo
1352 4604 1444 4685 signo
1465 4611 1571 4685 posset
1596 4611 1713 4666 tantam
1733 4604 1960 4671 secunditatem

1215 4700 1332 4784 virgini
1348 4704 1433 4779 dare,
1450 4701 1630 4763 nullatenus
1653 4709 1757 4765 tamen
1778 4704 1868 4786 virgo
1890 4726 1962 4788 pos·

1215 4809 1263 4862 set
1282 4800 1351 4862 sine
1371 4800 1519 4881 virginali
1540 4799 1695 4880 signaculi
1718 4799 1846 4865 laesione
1865 4813 1960 4885 atque

1214 4898 1417 4980 corruptione
1445 4917 1557 4979 parere
1585 4899 1707 4979 prolem
1735 4902 1871 4965 naturali
1897 4904 1961 4966 vir-

1213 5006 1290 5077 tute,
1307 5017 1404 5079 quum
1420 4998 1452 5059 id
1474 4998 1543 5059 sine
1565 4997 1800 5062 dimensionum
1816 5011 1961 5083 penetra-

1213 5097 1299 5159 tione
1320 5095 1394 5159 lieri
1416 5114 1480 5158 non
1504 5096 1631 5158 valeret.

1251 5195 1302 5255 Sic
1324 5213 1400 5275 ergo
1422 5213 1567 5274 egressus
1588 5202 1637 5255 est
1656 5194 1797 5258 Christus
1818 5198 1958 5281 Virginis

259 5308 296 5353 aa.
387 5277 393 5298 '
447 5293 535 5359 Unde
557 5301 587 5355 et
609 5311 627 5356 a
647 5289 782 5355 Ieremia
803 5292 1053 5374 praedictumest
1070 5316 1077 5355 :
1095 5292 1156 5357 No-
1210 5292 1282 5355 alvo
1306 5292 1390 5353 nuti
1415 5311 1551 5376 sponsus
1576 5292 1615 5355 de
1639 5293 1778 5357 thalamo
1802 5317 1832 5375 n,
1855 5296 1958 5360 idest
