4309 6259
718 522 878 571 axrosnro
898 521 1006 570 masa.
1028 540 1070 553 -
1090 522 1159 569 rar.
1184 524 1214 569 rx
1661 506 1720 571 339

56 706 89 748 n.
99 716 131 753 n.
141 705 160 747 a.
175 690 330 753 bonorum
344 700 523 755 nostrorum
539 694 621 755 lleus
635 711 700 755 uou
714 701 786 774 eget
803 716 810 755 ε
827 691 959 754 idcir-A
975 692 1086 755 Postea
1100 710 1187 771 vero,
1204 702 1238 755 ut
1253 692 1420 775 Dionysius
1442 693 1564 773 recitat,
1580 693 1721 775 Epistola

174 806 211 851 co
225 788 318 852 ldissa
331 810 350 853 a
365 789 458 854 laude
473 790 527 853 Dei
539 792 820 873 incipitlutroitus
834 791 920 853 enirn
974 798 1068 871 atqua
1093 790 1300 871 Evangelium
1326 799 1398 853 suut
1424 792 1584 872 adjuncta.
1607 792 1721 873 Sicque

174 883 299 947 laudem
315 886 369 949 llei
384 888 537 967 continet,
555 897 587 951 et
600 889 639 951 ad
659 890 812 951 honorem
828 888 922 949 Altis
975 888 1151 950 secuudum
1180 888 1411 951 ordinationem
1441 889 1575 971 Spiritus
1600 888 1720 965 Sancti,

173 982 245 1044 simi
261 1002 335 1044 cum
355 985 571 1049 modulatione
592 995 748 1065 cantatur,
765 994 920 1067 quotanus
974 986 1165 1065 procedente
1179 994 1320 1067 ternpore
1335 995 1368 1048 et
1382 987 1553 1049 christiana
1568 985 1721 1067 religione

173 1081 396 1145 universorum
433 1084 627 1147 adstantium
665 1084 761 1147 corda
796 1084 828 1145 in
864 1082 919 1145 bai
974 1082 1447 1161 crescente,diversaasanctis
1457 1084 1601 1145 Patribus
1615 1083 1723 1163 legun·

172 1198 313 1242 amorem
333 1189 538 1264 sanctamque
559 1182 760 1245 devotionem
781 1182 920 1244 exciten-
974 1187 1026 1241 tur
1044 1180 1197 1261 apposita,
1215 1180 1350 1243 maxime
1370 1181 1410 1243 ab
1429 1180 1485 1243 illo
1504 1181 1641 1261 glorioso
1665 1180 1722 1243 Ba-

170 1285 224 1339 tur
250 1287 284 1339 et
310 1280 536 1357 accendantur,
562 1299 599 1343 ac
624 1299 683 1362 per
705 1280 766 1342 hoc
791 1278 847 1341 toti
872 1299 920 1341 se-
975 1277 1058 1358 silio,
1078 1278 1133 1359 qui
1156 1278 1187 1340 iu
1210 1278 1304 1342 domo
1329 1278 1383 1341 llei
1409 1278 1598 1341 mirabiliter
1619 1278 1718 1341 fulsit.

170 1375 281 1456 quenti
306 1373 419 1439 officio
447 1397 521 1440 cum
546 1378 671 1443 fervore
699 1387 793 1459 atque
821 1378 917 1440 alacri
1014 1374 1163 1437 introitus
1179 1374 1275 1455 igitur
1289 1374 1387 1437 hlissae
1403 1394 1476 1438 cum
1492 1394 1606 1456 magua
1627 1376 1722 1439 devo

167 1473 371 1553 jucunditate
393 1475 552 1539 intersint.
975 1474 1060 1535 tione
1074 1472 1250 1535 cantandus
1265 1482 1312 1535 est
1334 1473 1400 1535 sive
1422 1472 1586 1554 legendus,
1603 1481 1634 1535 et
1653 1474 1722 1556 ipsa

207 1571 305 1634 Porro
319 1572 468 1636 introitus
483 1582 516 1635 ut
532 1573 716 1655 frequenter
737 1593 775 1635 ex
796 1574 919 1654 psalmo
973 1571 1079 1633 cordis
1094 1570 1225 1634 allectio
1244 1572 1282 1633 ad
1305 1572 1403 1633 Deum
1426 1572 1562 1634 sollicite
1583 1572 1723 1653 dirigen-

167 1669 336 1751 accipitur,
352 1680 407 1734 aut
420 1680 505 1734 certe
520 1692 593 1734 cum
609 1673 733 1755 psalmo
748 1681 916 1735 cantatur:
974 1670 1023 1731 da.
1040 1669 1079 1730 Et
1092 1669 1168 1750 quia
1182 1669 1338 1751 dispersio
1360 1670 1465 1732 cordis
1484 1670 1524 1731 ad
1544 1668 1606 1731 alia
1627 1671 1722 1733 devo·

167 1768 262 1848 cujus
288 1769 358 1832 duat
384 1780 460 1832 sunt
487 1790 600 1833 causa.
626 1772 740 1848 Prima,
767 1770 918 1851 quoniam
974 1768 1093 1829 tionem
1109 1768 1190 1829 hauc
1206 1767 1298 1846 tollit,
1315 1775 1481 1849 propterea
1501 1768 1647 1829 sacerdos
1666 1788 1722 1830 an·

166 1866 284 1947 psalmi
300 1887 357 1949 par
370 1870 500 1933 modum
516 1870 619 1932 laudis
639 1870 806 1932 includunt
827 1870 918 1950 quid·
935 1871 959 1933 B
976 1873 1102 1946 tequam
1125 1866 1249 1927 Missam
1276 1866 1414 1945 inchoat,
1437 1865 1531 1937 debet
1554 1866 1720 1930 Introitum

167 1965 244 2045 quid
263 1965 296 2027 in
313 1986 402 2029 sacra
417 1968 579 2050 Scriptura
594 1968 738 2045 habetur,
756 1976 790 2029 ut
804 1968 919 2050 Diony·
975 1964 1143 2045 legandum
1160 1964 1357 2045 prmscira,et
1371 1964 1506 2027 dicenda
1521 1973 1614 2046 atqua
1630 1984 1722 2047 agen·

167 2062 234 2125 sius
259 2064 351 2128 tertio
371 2065 602 2128 Ecclesiastico
626 2066 813 2128 hierarchiae
837 2067 920 2146 capi·
973 2062 1014 2123 da
1033 2063 1066 2123 iu
1086 2071 1234 2144 promptu
1257 2080 1465 2143 prenoscere,
1483 2082 1522 2125 ue
1542 2063 1616 2125 talia
1638 2082 1722 2145 quaa-

167 2162 234 2224 tulo
272 2162 327 2224 ait.
357 2163 513 2242 Secunda,
544 2164 696 2245 quoniam
730 2164 919 2227 Coelestinus
976 2161 1084 2240 raudo,
1101 2160 1340 2224 distractionem
1363 2168 1393 2223 et
1415 2160 1650 2225 indevotionem
1675 2161 1722 2223 in-

167 2260 251 2340 Papa
278 2260 415 2322 instituit
437 2262 470 2323 iu
496 2262 625 2325 exordio
652 2261 752 2324 llissae
780 2264 920 2343 psalmos
975 2268 1091 2321 currat.

167 2357 404 2438 antiphonatim
420 2360 552 2422 cantari.
569 2359 739 2441 Gregorius
754 2378 830 2422 vero
850 2360 920 2425 loco

166 2456 368 2537 psalmorum
381 2458 540 2520 ordinavit
554 2457 721 2521 lntroitum
736 2477 811 2521 cum
823 2468 920 2521 cantu

165 2555 310 2635 persolvi
325 2578 334 2633 3
350 2575 449 2618 unum
465 2566 571 2619 autem
586 2576 714 2620 versum
729 2557 862 2620 retinuit
881 2577 919 2620 ex
1168 2510 1432 2576 ARTICULUS
1468 2512 1531 2575 IX·

166 2652 234 2715 illis
250 2652 385 2733 psalmis
398 2654 454 2735 qui
476 2663 549 2717 ante
569 2654 804 2735 antiphonatim
827 2674 921 2717 caue·
1193 2664 1241 2723 De
1257 2662 1362 2739 Ir'yrie
1376 2665 1503 2723 cleison.

165 2750 298 2831 bantur,
314 2770 351 2813 ex
373 2752 490 2833 quibus
510 2753 661 2815 lutroitus
682 2760 716 2816 ut
737 2751 922 2834 frequenter

165 2855 352 2911 sumuntur.
369 2849 473 2912 Potest
486 2868 612 2932 quoque
629 2851 720 2913 tertia
734 2851 814 2915 ratio
834 2850 918 2913 addi.
1053 2851 1102 2911 UI
1111 2850 1225 2926 diligit
1240 2853 1357 2919 Deum,
1373 2850 1521 2910 exorabit
1538 2869 1600 2926 pro
1617 2870 1725 2927 pecca·
1739 2876 1870 2927 metant.

165 2944 244 3008 Nam
266 2946 380 3024 David,
396 2948 481 3010 sicut
500 2948 636 3011 eximius
650 2950 770 3011 exstitit
784 2950 921 3032 Prophe·
978 2846 1044 3049 Q
1061 2950 1152 3017 ticet
1164 2949 1341 3007 continebit
1357 2968 1389 3007 se
1403 2949 1443 3007 ab
1459 2950 1576 3017 illicet
1588 2951 1725 3009 exaudi-

165 3053 287 3123 tarum,
312 3044 359 3107 sic
386 3047 426 3108 de
449 3046 572 3110 Christo
596 3055 629 3109 et
653 3048 801 3129 passione
826 3058 919 3131 atqua
935 3049 957 3114 (l
975 3056 1059 3106 etur.
1076 3045 1111 3106 lu
1130 3045 1217 3108 omni
1243 3045 1297 3107 Dei
1320 3046 1484 3126 obsequio,
1502 3046 1676 3127 praesertim
1692 3046 1725 3107 in

164 3142 331 3223 mysteriis
342 3142 413 3223 eius
423 3144 631 3206 excellentius
644 3146 834 3228 pleniusque
849 3166 921 3210 con·
975 3144 1118 3207 oratione
1134 3152 1165 3206 et
1180 3144 1272 3205 laude
1286 3143 1406 3221 diviua,
1423 3144 1486 3206 duo
1508 3146 1600 3208 nobis
1623 3146 1727 3208 cousi·

163 3241 324 3323 scripsit:
342 3250 463 3323 etergo
485 3242 518 3304 in
540 3242 755 3308 celebratione
778 3246 919 3327 mysterii
975 3242 1114 3304 deranda
1133 3241 1333 3319 incumbunt,
1350 3241 1499 3304 videlicet
1521 3243 1576 3304 Dei
1603 3242 1726 3305 miseri-

163 3340 299 3418 Cbristi,
315 3338 429 3421 psalmi
445 3360 502 3404 seu
516 3341 670 3403 vaticinia
691 3343 762 3423 ejus
782 3344 919 3426 amplius
975 3340 1095 3417 cordia,
1113 3346 1144 3401 at
1165 3346 1274 3401 nostra
1295 3339 1435 3401 miseria.
1452 3338 1597 3420 Intelligo
1619 3349 1725 3403 autem

163 3437 425 3519 frequentantur.
975 3456 1034 3519 per
1049 3436 1300 3499 misericordiam
1322 3436 1389 3513 llei,
1410 3436 1517 3498 omnia
1532 3456 1602 3518 quaa
1616 3439 1655 3500 ad
1672 3438 1725 3501 bo-

203 3536 447 3598 Adverteudum
462 3544 510 3598 est
525 3545 632 3599 autem
647 3538 734 3620 quia,
751 3546 785 3600 ut
808 3539 840 3600 iu
863 3541 921 3603 De-
975 3535 1107 3596 nitatem
1128 3534 1198 3613 ejus
1215 3533 1402 3614 respiciunt,
1419 3531 1544 3596 scilicet
1560 3535 1723 3599 caritatem

163 3641 267 3712 creto,
292 3633 332 3695 de
355 3632 611 3714 Consecratione‚
627 3635 833 3699 distinctione
856 3637 920 3719 pri·
975 3632 1045 3712 ejus
1066 3640 1097 3693 et
1117 3630 1351 3707 liberalitatem,
1373 3637 1404 3692 at
1424 3632 1609 3712 patientiam
1629 3652 1725 3714 super

163 3750 228 3809 ma,
257 3730 405 3808 habetur,
431 3732 567 3795 lacobus
594 3733 693 3796 irater
719 3734 858 3811 Domini,
888 3735 919 3798 id
974 3748 1044 3793 uos.
1061 3730 1273 3791 Pernostram
1289 3746 1364 3791 vero
1384 3728 1558 3809 miseriam,
1574 3730 1724 3793 universa

162 3839 211 3892 est
227 3829 491 3911 consanguineus
505 3830 632 3909 Christi,
650 3840 683 3893 et
700 3831 837 3895 Basilius
857 3832 920 3895 Cae
975 3827 1120 3908 intelligo
1152 3846 1222 3908 quaa
1257 3834 1397 3889 nostram
1433 3826 1720 3908 imperfectionem,

163 3927 324 3991 soriensis
348 3928 530 4010 episcopus,
548 3928 796 3993 celebrationem
820 3930 919 3994 Missae
975 3926 1102 4007 culpam
1131 3933 1162 3987 et
1189 3923 1394 4005 fragilitatem
1423 3933 1629 3988 coucemuut.
1651 3925 1721 3988 llaac

161 4028 351 4107 ediderunt,
367 4027 398 4090 id
418 4036 476 4107 ast,
493 4029 595 4091 multa
614 4047 685 4110 quaa
706 4029 739 4092 in
759 4030 852 4093 hlissa
873 4030 921 4092 di·
975 4024 1073 4105 igitur
1089 4023 1208 4086 intenta
1223 4022 1316 4085 nobis
1331 4025 1494 4104 pensanda
1514 4030 1598 4102 sunt,
1615 4032 1723 4105 quam-

163 4134 287 4187 cuutur
302 4134 335 4187 et
349 4124 444 4203 liunt,
460 4126 699 4204 ordinaverunt,
717 4136 751 4189 ut
766 4136 840 4190 sunt
861 4148 920 4191 οω-
974 4142 1035 4183 uus
1064 4141 1103 4184 ex
1132 4120 1399 4201 contemplatione
1427 4121 1543 4183 divinae
1570 4121 1721 4185 bonitatis

162 4223 317 4287 rimouiae
344 4231 377 4285 et
403 4224 573 4287 orationes.
601 4225 742 4287 Christus
770 4226 856 4289 enim
885 4227 919 4289 iu
933 4232 959 4296 Ι)
975 4228 1069 4302 atque
1085 4219 1261 4283 clementiae
1277 4218 1482 4301 respiremus,
1498 4226 1529 4281 et
1551 4238 1623 4282 cum
1639 4219 1723 4285 lidu·
1749 4242 1861 4299 mam.

162 4338 260 4383 coeua
282 4318 471 4399 novissima,
492 4320 551 4383 hoc
576 4330 809 4385 sacramentum
830 4323 921 4387 insti·
975 4319 1025 4382 cia
1039 4319 1078 4381 ad
1094 4318 1241 4381 thronum
1261 4318 1370 4398 gratiae
1391 4318 1579 4381 accedamus
1601 4319 1635 4381 iu
1656 4319 1722 4401 ple-
1737 4310 1769 4351 ¹⁰·

161 4418 301 4497 tuendo,
317 4416 453 4501 primam
475 4418 599 4481 hlissam
621 4418 816 4499 celebravit3
833 4422 920 4486 laco-
974 4417 1119 4480 uitudiue
1139 4416 1413 4494 lidei,certissime
1424 4425 1632 4498 agnoscentes
1646 4417 1721 4499 quia

162 4517 226 4579 bus
241 4534 323 4579 vero
337 4515 497 4594 llinor,ob
511 4517 813 4582 excellentissimam
829 4540 919 4584 suam
974 4514 1129 4598 quidquid
1154 4515 1350 4577 oraverimus
1378 4514 1500 4576 Patrem
1528 4515 1561 4576 iu
1590 4516 1865 4593 nominaremur,

1733 4604 1866 4655 tatium,

162 4616 385 4695 sanctitatem,
402 4615 462 4679 hoc
477 4616 596 4680 bonore
616 4616 656 4679 ab
677 4620 835 4701 Apostolis
857 4622 920 4683 cla·
973 4615 1058 4692 Filii,
1074 4614 1201 4676 dabitur
1215 4612 1318 4693 nobis,
1340 4612 1366 4673 si
1389 4620 1494 4674 nmen
1517 4630 1766 4708 perseverau-n·

163 4711 317 4775 rilicatus
331 4720 392 4792 est,
409 4721 445 4774 ut
457 4714 580 4795 primus
599 4716 817 4799 episcopusin
833 4718 920 4781 laru-
974 4723 1023 4776 ter
1045 4710 1347 4792 infatigabiliterque
1372 4710 1546 4792 pulsemus,
1573 4713 1719 4791 quemad·

161 4812 267 4873 salem
285 4810 389 4891 lieret,
406 4820 438 4873 et
451 4812 573 4894 primus
594 4822 666 4895 post
688 4814 847 4878 Christum
869 4837 920 4879 ce-
974 4811 1104 4874 modum
1125 4808 1259 4871 lacobus
1279 4815 1387 4870 mouet
1404 4830 1411 4868 :
1427 4807 1565 4870 Postulat
1589 4809 1720 4890 (iuquit)
1733 4833 1831 4887 taceam,
1844 4838 1864 4879 a.

162 4910 310 4972 lebraret
347 4911 523 4973 secundum
561 4911 698 4974 tonnam
732 4933 751 4976 a
785 4915 919 4980 Domino
974 4908 1007 4970 iu
1036 4906 1102 4969 lide
1130 4905 1211 4968 nihil
1245 4904 1406 4968 haesitans.
1438 4904 1515 4968 Nam
1544 4909 1719 4970 secundum
1734 4929 1858 4985 nariam,

160 5008 347 5089 praelixam,
377 5017 410 5070 et
437 5009 533 5072 ceteri
563 5010 703 5091 Apostoli
733 5021 805 5093 post
832 5032 917 5095 eum,
973 5006 1073 5070 iidem
1107 5012 1246 5067 nostram
1280 5003 1339 5067 liet
1371 5003 1474 5067 uobis.
1509 5005 1576 5067 llici
1615 4995 1767 5069 autem²⁹·

160 5106 361 5188 adjicientes
389 5106 496 5169 verbis
523 5108 773 5172 consecrationis
801 5112 920 5176 Oratio
973 5124 1038 5169 nou
1060 5104 1144 5167 valet
1162 5112 1315 5184 quantum
1335 5103 1545 5185 omnipotenti
1567 5104 1631 5167 Deo
1652 5124 1721 5185 per·

160 5221 240 5265 nem
255 5203 466 5267 dominicam.
483 5205 601 5268 Deinde
622 5206 773 5290 princeps
787 5210 920 5290 Aposto-
974 5222 1123 5267 severana
1147 5222 1184 5265 ac
1209 5202 1371 5265 fiducialis
1395 5202 1495 5266 oratio
1520 5201 1653 5283 placeat.
1677 5201 1721 5263 Ex

160 5300 273 5365 lorum
289 5300 400 5364 Petrus
413 5304 567 5384 quasdam
580 5304 741 5369 orationes
755 5309 914 5389 apposuit.
974 5304 1228 5369 consideratione
1256 5320 1332 5366 vero
1361 5311 1474 5366 nostrae
1500 5302 1647 5385 miserie,
1667 5301 1722 5365 bu·
