4309 6259
456 458 517 524 toa
721 477 761 523 na
781 474 939 524 runconia
959 476 997 522 rr
1017 474 1182 523 nranntrn
1200 474 1318 538 naara,
1340 474 1429 522 arnan
1448 475 1470 521 1.
1492 492 1533 505 —
1554 474 1623 522 aar.
1646 474 1744 523 xxvm

455 648 562 727 tribua,
588 648 685 712 creati
708 648 871 711 dumtaxat
895 666 969 711 cum
996 655 1069 710 ente
1098 653 1204 710 creato
1220 646 1245 707 A
1261 665 1341 707 num
1364 656 1410 707 est
1430 666 1515 719 rore,
1531 656 1562 708 ct
1581 648 1731 708 cincinni
1749 646 1817 707 mci
1828 647 1931 723 puetis
1946 667 1992 707 no-

456 746 615 829 copulatio
636 745 721 809 lacta
741 752 800 808 est.
1258 746 1371 806 etium.
1393 743 1512 826 Nempe
1536 744 1704 807 exsultavit
1726 743 1782 807 ille
1805 751 1840 805 ut
1857 742 1942 827 gigas
1959 748 2077 814 adem,
2108 791 2109 800 ,

496 842 585 908 Nunc
608 852 726 923 autem,
752 862 772 907 o
797 842 966 926 praedulcis
990 843 1205 925 praeamanda-
1260 841 1448 905 currendam
1473 842 1569 920 viam,
1592 843 1647 905 sed
1670 843 1772 905 donee
1796 842 1855 904 ista
1873 860 1991 905 consen·
2108 835 2109 844 ’

455 961 519 1023 quo
548 942 653 1023 Virgo,
680 941 828 1004 sublimis
857 949 889 1002 et
916 939 994 1003 ielis
1020 940 1128 1019 Μανία,
1154 940 1205 1020 ju·
1259 938 1326 1019 liat,
1337 958 1441 1021 neque
1455 939 1633 1022 ingreditur
1646 958 1750 1021 nequo
1764 940 1935 1003 descendit.
1945 940 1991 1003 Per

456 1040 595 1103 enudare
615 1039 648 1100 in
668 1039 822 1117 Domin03
838 1038 971 1119 dispone
990 1038 1065 1119 Regi
1085 1037 1202 1116 aulam,
1258 1037 1507 1101 occultissimam
1528 1038 1634 1119 itaque
1655 1037 1908 1119 inspirationem,
1926 1040 1989 1101 dum

454 1138 595 1220 Regina,
621 1155 738 1219 sponso
763 1156 840 1219 para
863 1135 1058 1214 cubiculum,
1085 1136 1203 1199 adorna
1259 1134 1421 1217 Virginem
1436 1135 1553 1199 aflatur
1566 1135 1989 1217 Archangelus,iuvitateam,

454 1235 629 1299 thalamum
652 1242 755 1312 tuum,
771 1235 866 1315 Virgo
887 1233 955 1295 tilia
975 1233 1061 1312 Sion,
1078 1241 1110 1296 et
1135 1253 1203 1295 sus·
1258 1232 1358 1313 ipsius
1381 1234 1528 1297 decorem
1553 1233 1795 1316 concupiscens,
1816 1234 1872 1297 Dei
1892 1234 1990 1317 Unige

454 1335 525 1416 cipe
553 1352 661 1415 regem
686 1332 854 1410 Christum,
883 1330 1017 1412 concipe
1045 1331 1198 1394 Messinm.
1257 1329 1363 1409 nitus;
1390 1338 1485 1413 atque
1514 1339 1548 1394 ut
1576 1331 1638 1393 sibi
1662 1332 1783 1412 aperiat
1811 1350 1869 1413 per
1891 1331 1987 1411 iidem,

453 1432 499 1495 Ne
519 1432 643 1509 timeas,
662 1430 767 1510 Maria,
790 1428 969 1493 consentire
990 1428 1199 1509 archangelo.
1257 1428 1396 1509 itemque
1412 1448 1602 1493 consensum
1617 1429 1762 1507 inclinet,
1775 1428 1989 1493 infunditior-

305 1530 509 1602 cn.1,ss.Die
535 1530 575 1608 ei,
595 1548 615 1593 o
638 1548 730 1591 mens
754 1527 934 1590 humillima
955 1550 962 1587 ε
983 1527 1065 1590 Ecce
1086 1526 1201 1589 ancilla
1256 1542 1290 1587 ro
1306 1524 1386 1606 ipsa,
1402 1525 1476 1607 quid
1492 1526 1525 1586 in
1546 1544 1579 1587 so
1594 1524 1746 1587 Dominus
1761 1526 1844 1588 Deus
1858 1525 2080 1607 loquuturum,

452 1626 654 1705 Domini,liat
668 1626 746 1689 mibi
762 1626 1081 1689 secuudumverbum
1096 1632 1199 1702 tuum;
1255 1622 1423 1685 advertens
1446 1622 1553 1685 :Ecce
1574 1623 1704 1704 (inquit)
1725 1622 1843 1686 ancilla
1863 1623 1985 1706 Domini,
1997 1617 2076 1727 {m

315 1726 592 1807 cant.1‚r.itemquo
613 1748 621 1787 t
642 1724 807 1788 Osculetur
831 1742 883 1785 me
908 1722 1018 1786 osculo
1041 1723 1107 1787 oris
1128 1724 1198 1801 sui;
1255 1718 1314 1781 liat
1334 1719 1414 1782 mihi
1436 1721 1612 1783 secuudum
1633 1722 1766 1784 verbum
1787 1729 1889 1785 tuum
1904 1722 1938 1785 Et
1954 1744 1986 1785 en
2076 1712 2081 1721 ’

309 1846 368 1892 reta.
380 1861 402 1900 v,
415 1850 435 1892 t.
451 1833 483 1887 et
496 1844 605 1887 rursus
622 1823 756 1886 :Veniat
769 1821 904 1885 dilectus
919 1840 1009 1883 meus
1024 1820 1056 1882 in
1071 1822 1236 1885 hortumB
1255 1836 1328 1880 mox
1346 1817 1446 1881 virtus
1467 1818 1620 1881 Altissimi
1639 1837 1679 1881 ex
1702 1819 1882 1899 purissimis
1905 1840 1987 1885 sacra

450 1942 555 2001 suum,
572 1931 607 1985 ut
621 1922 767 1986 comedat
780 1919 919 1983 fructum
939 1937 1106 2001 pomorum
1127 1939 1199 1984 suo-
1254 1914 1368 1978 Puella
1393 1916 1602 1997 sanguinibus
1626 1917 1792 1998 Unigenito
1812 1936 1925 2000 eorpus
1943 1937 1987 1999 pa-

449 2041 531 2084 rum.
548 2020 664 2098 Gaude,
681 2019 788 2098 ldaria,
805 2019 857 2082 cui
876 2017 1029 2081 divinitus
1049 2017 1195 2097 offertur,
1254 2022 1312 2092 rat,
1343 2022 1375 2076 et
1402 2016 1435 2076 in
1464 2016 1575 2078 eodem
1604 2015 1734 2078 instanti
1769 2015 1987 2099 perfectissime

449 2120 605 2202 cujusque
633 2137 809 2183 consensus
837 2124 1048 2198 exspectatur,
1078 2125 1114 2179 ut
1142 2117 1197 2179 Dei
1253 2111 1422 2193 organizat,
1439 2111 1653 2175 beatissimam
1669 2112 1774 2176 eidem
1795 2113 1931 2177 annnam
1948 2114 1987 2175 in-

447 2218 545 2280 Filius
560 2218 592 2279 in
614 2225 645 2279 te
669 2225 763 2297 atque
786 2235 825 2277 ex
844 2223 875 2277 te
894 2215 1088 2277 incarnetur.
1106 2213 1129 2277 0
1148 2214 1197 2276 ui·
1252 2208 1369 2290 tundit,
1400 2229 1437 2272 ac
1466 2210 1562 2273 simul
1595 2211 1654 2273 sub
1682 2212 1743 2275 boc
1774 2210 1843 2294 ipso
1871 2212 1986 2275 instanti

446 2316 548 2378 mium
578 2314 757 2394 benedicta,
787 2334 805 2375 a
838 2331 900 2393 qua
928 2311 1036 2394 opilea
1068 2313 1194 2389 mundi,
1251 2316 1421 2390 utrumque
1442 2309 1545 2372 Verbo
1569 2308 1684 2389 univit,
1705 2318 1738 2372 et
1757 2328 1828 2373 eam
1848 2319 1986 2391 tanquam

447 2423 549 2476 rector
565 2411 912 2493 universi,angelorum
924 2410 1076 2474 Dominus
1091 2410 1194 2474 conci·
1251 2426 1359 2487 unam,
1382 2426 1502 2487 veram,
1524 2405 1710 2490 specificam
1732 2416 1878 2472 naturam
1902 2409 1986 2472 Filius

444 2511 478 2592 pi
495 2511 593 2593 cupit,
606 2510 827 2591 incarnarique
843 2509 991 2590 dignatur
1004 2517 1011 2570 t
1025 2508 1049 2571 0
1065 2509 1192 2590 pudica,
1250 2507 1423 2586 assumpsit
1444 2528 1451 2567 :
1473 2506 1607 2587 ideoque
1631 2506 1786 2589 quidquid
1809 2508 1849 2571 ad
1875 2517 1987 2571 natura-

443 2610 558 2673 devota
581 2618 614 2672 et
642 2609 719 2672 item
744 2606 948 2670 serenissima
975 2606 1093 2685 Puella,
1122 2608 1194 2671 soli·
1249 2603 1313 2666 lem
1344 2603 1456 2667 animae
1487 2602 1717 2685 perlectionem
1744 2606 1894 2687 pertinet,
1921 2607 1985 2669 buia

442 2708 561 2770 tudinis
593 2708 738 2788 amatrix,
775 2707 908 2769 internas
941 2705 1058 2787 quietis
1094 2726 1193 2769 verae-
1249 2702 1431 2784 superielici
1452 2703 1567 2765 animae
1589 2712 1793 2767 concreatum
1807 2712 1867 2785 est,
1885 2714 1915 2769 et
1931 2725 1987 2767 arn

441 2823 504 2885 quo
528 2806 617 2887 pacis
639 2804 781 2884 zelatrix,
801 2813 834 2866 et
857 2804 1044 2866 universalis
1064 2822 1192 2886 quoque
1247 2800 1343 2881 plius,
1360 2800 1512 2882 quoniam
1527 2801 1567 2865 ab
1582 2802 1712 2865 exordio
1734 2803 1905 2867 creationis
1919 2824 1984 2882 sua,

440 2903 588 2968 bumana
603 2904 714 2967 salutis
729 2902 998 2966 affectuosissima
1017 2902 1117 2965 nibilo
1133 2903 1192 2965 mi·
1247 2898 1425 2962 Divinitotis
1439 2919 1497 2981 por
1518 2900 1658 2982 speeiem
1680 2902 1923 2983 contemplatrix
1942 2922 1985 2965 er-

441 3019 502 3062 nus
516 3002 652 3083 optatrix
666 3009 672 3065 t
686 3001 732 3064 En
749 3000 836 3063 venit
850 2999 1078 3081 descenditque
1092 3000 1131 3062 ad
1147 3009 1189 3079 te,
1206 3000 1228 3064 C
1247 2996 1336 3075 stitit,
1359 3006 1535 3080 canemque
1558 2998 1731 3079 gratiarum
1755 3018 1793 3062 ac
1819 3020 1985 3063 sacramen-

441 3099 543 3180 magis
562 3106 668 3161 autem
690 3100 724 3160 in
743 3106 786 3176 te,
807 3097 959 3161 Dominus
981 3097 1188 3178 exercituum,
1246 3103 1351 3157 torum
1379 3095 1529 3177 mysteria
1557 3096 1827 3161 excellentissime
1853 3099 1982 3181 agnovit.

290 3214 426 3267 inmun.
441 3196 494 3258 cui
523 3198 629 3261 omnis
658 3196 837 3260 coelestinm
865 3194 1096 3277 phalangamm
1121 3196 1191 3257 uni·
1285 3192 1341 3256 llic
1366 3202 1414 3256 ost
1438 3193 1534 3273 vir,o
1558 3193 1691 3257 Domina
1712 3194 1821 3275 llaria,
1838 3215 1932 3278 quern
1955 3196 2089 3269 intuma

291 3278 426 3393 ζωαὶ,
441 3295 575 3359 versitas
593 3295 727 3377 jubilat3
747 3302 780 3357 et
798 3312 895 3370 nunc,
911 3293 967 3374 qui
988 3294 1076 3357 sedet
1096 3312 1191 3374 super
1245 3299 1335 3354 utero
1350 3300 1460 3355 sancto
1476 3292 1721 3355 circumdedisti.
1738 3296 1854 3358 Annon
1869 3315 1982 3377 aequum

440 3394 621 3472 Cherubim,
644 3394 695 3457 cui
721 3392 837 3456 Throni
861 3392 953 3455 sedes
977 3401 1062 3469 sunt,
1086 3392 1189 3473 potius
1245 3398 1293 3451 est
1306 3389 1393 3452 hunc
1409 3390 1515 3452 virum
1531 3390 1697 3472 appellari,
1713 3391 1747 3453 in
1767 3412 1832 3474 quo
1853 3394 1984 3458 omnium

283 3515 425 3572 uenena
439 3510 516 3555 vero
530 3492 585 3573 qui
601 3491 778 3555 immensus
799 3497 858 3569 ost,
875 3498 907 3552 et
920 3508 1017 3570 quem
1037 3489 1112 3552 coeli
1127 3508 1190 3553 ote
1246 3487 1397 3550 virtutum
1428 3488 1606 3570 plenitudo,
1632 3488 1788 3572 sapientia
1811 3510 1936 3573 quoque
1958 3499 1984 3553 et

440 3589 543 3653 lorum
563 3609 678 3671 capere
697 3607 763 3652 non
786 3587 976 3672 possunt,in
999 3595 1030 3649 te
1052 3587 1111 3650 sibi
1136 3608 1189 3651 cu·
1245 3585 1378 3649 scientia
1401 3585 1543 3668 perlecta
1567 3587 1848 3652 consistebantlD
1868 3589 1984 3653 felicem

439 3687 538 3769 pitam
554 3688 649 3769 elegit
663 3687 865 3769 suscepitque
880 3686 1089 3749 mansionem.
1103 3686 1189 3748 Prin·
1244 3683 1447 3766 Genitricem,
1465 3704 1534 3767 quae
1548 3685 1671 3768 prolem
1685 3686 1768 3749 banc
1788 3696 1915 3768 portare
1928 3708 1986 3751 me

439 3804 515 3867 ceps
538 3786 656 3869 quippe
674 3785 764 3868 pacis
784 3793 816 3847 et
836 3783 952 3866 quietis
972 3793 1092 3862 auctor,
1115 3804 1188 3847 cum
1245 3782 1389 3845 ruistitO
1405 3783 1592 3865 praclarum
1609 3790 1747 3865 uterum,
1758 3784 1791 3847 in
1806 3805 1874 3867 quo
1888 3786 1985 3851 nobile

438 3882 576 3965 pacifica
600 3892 695 3965 atque
719 3883 826 3966 quieta
850 3901 920 3944 esse
945 3882 1138 3959 delectatum
1157 3890 1189 3945 et
1243 3879 1323 3942 illud
1338 3880 1455 3962 pignus
1469 3881 1644 3962 requievit!
1662 3881 1789 3945 Odives
1804 3885 1985 3967 illaria,qna

439 3981 577 4044 coelestis
592 3981 887 4061 sacratissimasque
902 3980 1190 4062 sponsus,pudora·
1243 3978 1493 4061 incomparabile
1522 3980 1599 4043 illud
1634 3989 1666 4043 et
1699 3981 1776 4045 item
1803 3984 1986 4064 pretiosissi-

439 4088 504 4142 tam
523 4080 760 4161 solitariamque
780 4098 931 4161 sponsam
946 4078 1059 4161 diligit.
1076 4079 1188 4160 Hujus·
1243 4098 1331 4141 mum
1360 4078 1467 4141 saeculi
1494 4078 1643 4161 pretium,
1669 4088 1701 4142 et
1724 4080 1818 4162 cujus
1848 4081 1985 4163 dignitati

439 4178 561 4241 cemodi
575 4178 722 4259 equidem
738 4196 855 4260 sponso
875 4186 907 4240 et
928 4196 1052 4258 sponsae
1067 4178 1099 4240 id
1118 4197 1188 4241 oon·
1203 4176 1229 4239 D
1244 4179 1380 4239 mundus
1406 4184 1490 4240 totus
1515 4178 1691 4260 comparari
1714 4179 1838 4261 nequit,
1855 4180 1938 4243 iutra
1959 4188 1985 4241 te

292 4299 424 4354 ωαψς,
438 4278 525 4357 gruit
538 4276 622 4358 quod
637 4294 755 4357 sponso
770 4277 840 4359 ipsa
858 4276 902 4337 ait
920 4299 927 4336 :
944 4275 1082 4339 Dilectus
1097 4296 1188 4340 meus
1244 4276 1387 4338 clausum
1408 4275 1578 4356 bajulasti;
1595 4276 1629 4337 in
1654 4276 1747 4358 cujus
1771 4280 1870 4342 castis
1894 4280 1985 4341 visce-

438 4374 529 4452 mibi,
549 4382 582 4438 et
601 4391 661 4455 ego
684 4374 742 4454 illi,
764 4373 819 4455 qui
841 4373 984 4456 pascitur
1004 4373 1089 4436 inter
1109 4374 1185 4439 lilia.
1245 4373 1331 4437 ribus
1345 4373 1484 4437 coelestis
1499 4393 1635 4456 sponsus
1650 4375 1827 4439 infantulus
1843 4378 1982 4457 ollactus,

1244 4472 1387 4535 alebatur
1400 4480 1432 4535 et
1446 4472 1654 4555 crevit,atquo
1668 4474 1707 4536 ad
1721 4476 1876 4539 nascendi
1885 4485 1982 4559 aptam

596 4582 843 4648 ARTfflULUS
866 4583 1025 4647 xxvffl,
1244 4571 1452 4652 quantitatem
1472 4570 1637 4653 pervenitt

1282 4668 1456 4748 Quomodo,
1485 4688 1505 4734 o
1533 4671 1718 4735 admiranda
1753 4680 1784 4735 et
1812 4673 1984 4737 ineffabilis

1243 4767 1346 4845 llario,
1359 4784 1476 4831 novem
1491 4767 1555 4830 illis
1570 4770 1732 4833 mensibus
1747 4780 1889 4835 mentem
1904 4782 1984 4835 tuam

1242 4868 1324 4930 Deus
1348 4865 1468 4929 fovisse
1493 4866 1716 4948 illuminando,
1743 4868 1983 4951 inflammando,

1241 4964 1274 5027 in
1291 4983 1325 5027 se
1340 4962 1608 5043 transformando,
1626 4967 1804 5030 credendus
1818 4976 1880 5049 est,
1897 4968 1984 5050 cujus

291 5088 391 5145 cmv,
401 5092 422 5137 2,
506 5064 566 5125 DX
575 5063 689 5122 dilecti
702 5063 768 5122 mei
775 5065 943 5138 pulsantis
953 5064 1078 5138 :Aperi
1090 5066 1185 5137 milri,
1242 5071 1275 5125 tu
1290 5062 1335 5125 sio
1350 5062 1383 5124 in
1397 5070 1428 5125 te
1444 5081 1572 5125 carnem
1587 5064 1715 5127 alebasl
1730 5064 1926 5147 Certissima,
1941 5067 1985 5129 ln-

518 5180 611 5221 soror
623 5180 707 5231 ntea,
721 5162 828 5221 amica
842 5180 925 5231 mea,
940 5164 1087 5221 columba
1101 5182 1184 5233 mea,
1242 5160 1538 5243 comprehensibilis
1553 5168 1629 5225 tunc
1645 5162 1678 5224 in
1693 5170 1724 5226 te
1744 5163 1986 5248 incompreheu-

436 5260 648 5321 immaculatc
672 5278 754 5328 mea,
773 5260 853 5337 qnia
876 5267 974 5338 caput
993 5279 1100 5319 etcum
1118 5264 1186 5336 ple·
1241 5259 1375 5324 sibiliter
1387 5278 1519 5342 prorsus
1540 5260 1663 5341 agebat.
1680 5260 1865 5343 Enimvero,
1880 5264 1935 5347 qui
1955 5264 2086 5327 innunt

438 4726 715 4794 Quemadmodum
735 4724 924 4800 cirpirreum
945 4742 1046 4783 sacroe
1064 4726 1187 4784 Matris

477 4822 609 4883 uterum
643 4814 793 4874 christus
825 4813 987 4874 Dominus
1022 4813 1186 4873 inhabita-

478 4902 574 4963 verit.
