4309 6259
885 854 971 951 DE

280 1165 595 1321 DONIS
658 1166 1135 1325 SPIRITUS
1209 1168 1576 1323 SANCTI

604 1886 1097 2013 TRACTATUS
1164 1888 1259 2013 IV

202 2219 501 2272 auctmentum
528 2219 712 2280 QUAEDAM
741 2220 793 2273 Ex
822 2220 1107 2275 SCHOLASTlClS
1142 2221 1393 2276 DOCTORlBUS
1426 2224 1652 2277 EXCERPTA.

328 2584 722 2650 ΡΜΕῙἯῚΠΝΩΜΙ
917 2544 941 2605 Α
957 2544 1142 2626 nequissimi
1159 2545 1251 2627 ignea
1263 2547 1617 2629 exstinguereloannes
1631 2568 1706 2631 quo

956 2659 1019 2722 que
1038 2641 1199 2724 apostulus
1217 2665 1224 2705 z
1241 2644 1312 2706 Hac
1333 2652 1381 2706 est
1395 2645 1464 2724 (ait)
1484 2646 1616 2711 victoria
1634 2665 1705 2728 quaa
1720 2670 1818 2715 laeana.
1830 2686 1852 2723 ι,

229 2740 320 2803 tut
342 2740 409 2821 iam
437 2740 513 2803 anni
542 2749 575 2803 et
597 2742 646 2820 (ut
670 2742 754 2818 reor)
777 2740 903 2803 circiter
957 2739 1056 2801 vincit
1071 2741 1237 2819 mundum,
1256 2740 1339 2803 lides
1354 2750 1472 2806 nostra.
1719 2738 1740 2777 ⁴·

244 2838 387 2901 sedecim
421 2839 615 2901 transierunt
647 2846 719 2919 post
746 2838 903 2921 praeindu-
995 2837 1055 2899 Alii
1070 2856 1146 2919 ergo
1167 2839 1312 2901 dixerunt
1333 2859 1370 2902 ea
1391 2841 1434 2902 ita
1455 2842 1615 2924 distingui,
1631 2842 1705 2924 quia

153 2946 234 2999 ctam
258 2937 301 2999 de
326 2936 419 2999 donis
443 2936 724 3018 compilationem3
746 2937 799 2999 sed
825 2955 903 3018 quo
956 2935 1089 2999 uirtutes
1119 2946 1192 2999 suut
1220 2938 1440 3020 principaliter
1469 2939 1501 3001 in
1530 2940 1702 3020 voluntate,

153 3035 238 3097 niam
253 3034 384 3098 interim
399 3034 438 3097 de
452 3034 575 3097 eisdem
591 3033 623 3095 in
640 3034 901 3098 scholasticorum
956 3035 1190 3098 etseeundario
1206 3036 1238 3098 in
1255 3037 1397 3111 ratione;
1415 3038 1497 3100 dona
1517 3056 1593 3102 vero
1612 3058 1706 3103 econ·
1778 3082 1782 3093 .

152 3134 277 3215 scriptis
308 3134 474 3197 doctorum
499 3131 635 3214 plurima
659 3132 732 3213 legi,
758 3133 902 3213 quaedam
957 3134 1052 3196 traria
1067 3142 1141 3195 sunt
1155 3134 1373 3216 principaliter
1389 3137 1422 3197 in
1444 3137 1577 3217 ratione,
1594 3157 1707 3201 secun-

152 3252 235 3295 nunc
258 3233 378 3295 addere
399 3230 529 3313 placuit.
955 3232 1043 3295 dario
1067 3241 1174 3295 autem
1199 3232 1232 3294 in
1257 3234 1428 3297 voluntate.
1451 3235 1510 3299 Sed
1535 3236 1618 3299 istud
1641 3254 1705 3299 non

956 3335 1027 3405 stat,
1051 3346 1151 3409 quum
1171 3327 1252 3391 lides
1274 3336 1306 3391 et
1329 3331 1496 3411 prudentia
1520 3330 1636 3393 sintin
1658 3352 1706 3395 ra-

347 3450 529 3515 ADDITIO
556 3449 707 3513 PRIMA·
956 3425 1066 3502 tione;
1089 3425 1193 3507 aliqua
1213 3445 1339 3507 quoque
1358 3428 1452 3506 dona,
1475 3429 1622 3493 videlicet
1641 3430 1705 3494 lor-

955 3523 1067 3604 titudo,
1084 3526 1184 3607 pietas
1198 3533 1230 3588 et
1245 3526 1348 3603 timor,
1367 3527 1485 3589 suntin
1502 3528 1532 3589 vi
1553 3527 1704 3591 allectiva

188 3624 331 3702 trouu,
361 3642 457 3705 super
492 3623 619 3686 tertium
655 3624 900 3702 Sententiarum,
957 3642 1013 3685 seu
1034 3624 1206 3687 voluntate.
1224 3624 1386 3701 Praeterea,
1407 3626 1446 3687 ad
1471 3627 1703 3708 reprobandum

202 3722 411 3785 distinctione
432 3721 593 3784 tricesima
613 3730 735 3803 quarta,
755 3722 902 3784 Albertus
917 3721 941 3782 B
957 3720 1141 3801 opinionem
1162 3722 1242 3783 hanc
1262 3722 1350 3785 addit
1364 3722 1510 3785 Albertus
1528 3747 1534 3785 :
1552 3724 1642 3787 llalsa
1657 3733 1705 3787 est

151 3822 282 3902 llagnus
308 3821 350 3883 de
378 3820 438 3881 hac
463 3820 607 3882 scribens
630 3819 774 3897 materia,
800 3819 902 3901 primo
957 3818 1016 3881 ista
1030 3818 1148 3901 opinio,
1164 3818 1313 3899 quoniam
1329 3819 1479 3883 virtutum
1494 3822 1703 3885 cardinalium

151 3920 274 3999 quaerit,
301 3938 344 3981 an
372 3918 504 3981 virtutes
532 3926 564 3979 et
586 3918 669 3980 dona
694 3917 819 3981 realiter
840 3917 903 3979 dis·
956 3917 1028 3979 duae
1053 3916 1181 3978 suntin
1207 3917 1338 3994 ratione,
1365 3918 1511 3981 videlicet
1536 3921 1703 4000 prudentia

151 4017 349 4099 tinguantur.
381 4016 674 4096 Respondendoquc
703 4016 747 4077 ait
774 4018 813 4078 de
842 4015 901 4079 hoc
956 4024 1051 4096 atque
1074 4015 1205 4096 justitia.
1232 4015 1270 4077 Et
1298 4016 1336 4079 de
1365 4017 1484 4098 justitia
1508 4020 1620 4099 probat
1643 4020 1703 4083 hoc

150 4116 294 4197 quinque
314 4114 449 4177 inveniri
463 4113 630 4196 opiniones
644 4115 903 4197 doctorum:pri-
958 4114 1003 4176 sic
1025 4137 1032 4176 ε
1052 4114 1127 4194 quia
1147 4114 1267 4195 justitia
1289 4114 1433 4177 consistit
1454 4116 1485 4177 in
1508 4117 1703 4181 ordinatione

151 4233 234 4276 mam
259 4212 451 4289 dicentium,
471 4214 554 4293 quod
580 4232 643 4276 non
665 4212 817 4275 dilleraut
842 4212 901 4275 nisi
957 4214 996 4275 ad
1016 4213 1172 4289 alterum3
1189 4221 1219 4275 et
1237 4232 1335 4294 quum
1355 4214 1457 4276 omnis
1476 4216 1553 4278 ordo
1575 4216 1704 4279 rationis

151 4314 330 4376 secundum
353 4311 519 4389 rationem,
536 4311 580 4373 ita
599 4312 686 4392 quod
708 4311 838 4374 virtutes
856 4312 904 4373 di·
958 4312 1008 4389 sit,
1025 4312 1084 4374 erit
1103 4311 1223 4391 justitia
1245 4312 1422 4374 necessarie
1442 4312 1473 4372 in
1496 4312 1628 4376 rat-ione.
1646 4315 1704 4377 Ve-

152 4421 268 4474 cuntur
293 4410 329 4472 in
353 4418 508 4490 quantum
533 4418 606 4471 sunt
626 4410 844 4491 principaliter
862 4411 902 4472 ad
958 4418 1135 4473 mmtamen
1170 4410 1252 4471 istud
1288 4416 1335 4473 est
1363 4418 1472 4472 contra
1502 4429 1703 4475 communem

152 4508 327 4590 agendum,
357 4508 440 4569 dona
468 4525 555 4583 vero,
586 4505 618 4567 in
647 4512 800 4586 quantum
830 4515 903 4567 sunt
957 4510 1135 4571 doctrinam
1157 4509 1333 4585 doctorum,
1350 4508 1404 4588 qui
1423 4508 1577 4588 justitiam
1597 4510 1629 4571 in
1650 4530 1704 4573 vo-

150 4607 190 4668 ad
218 4605 434 4668 resistendum
463 4604 687 4669 tentationibus
716 4604 813 4665 vitam
841 4606 904 4667 vir·
959 4605 1078 4669 luntate
1095 4604 1372 4668 constituunt.Nec
1383 4613 1604 4685 argumentum
1620 4607 1703 4669 istud

152 4713 255 4767 tutum
286 4704 561 4785 impugnantibus.
591 4704 652 4765 Sed
681 4702 765 4764 istud
794 4702 904 4765 incon·
959 4704 1122 4766 concludit
1149 4726 1155 4765 :
1183 4703 1331 4784 quoniam
1361 4702 1456 4763 simili
1486 4702 1606 4765 ratione
1632 4724 1703 4785 spes

153 4804 325 4866 venienter
345 4809 393 4863 est
413 4802 546 4877 dictum,
563 4820 660 4883 quum
676 4800 825 4879 [virtutis]
841 4801 904 4864 lor·
958 4812 990 4865 et
1005 4803 1118 4865 caritas
1134 4808 1239 4864 essent
1254 4801 1286 4861 in
1298 4800 1511 4881 ratione,quia
1527 4802 1704 4864 consistunt

152 4900 298 4964 titudinis
328 4900 370 4961 sit
396 4898 585 4962 dillicilibus
612 4918 650 4961 ac
680 4898 904 4963 tentationibus
924 4898 991 4963 Cin
1007 4908 1092 4963 recta
1107 4920 1143 4961 ac
1157 4898 1263 4961 debita
1284 4898 1479 4961 ordinatione
1495 4898 1649 4961 viatorum
1663 4901 1703 4962 ad

152 5018 346 5083 repugnare.
367 4997 516 5079 Princeps
536 5016 662 5080 quoque
684 4999 903 5079 Apostolorum
960 5001 1069 5075 Dauni,
1101 4998 1153 5079 qui
1183 5004 1230 5059 cst
1260 4996 1384 5059 illarum
1414 4996 1565 5058 uirtutum
1595 4997 1704 5059 imme-

37 5104 137 5155 rens.
152 5100 246 5162 docet
263 5117 325 5179 per
337 5096 437 5160 lidem
452 5116 523 5160 esse
539 5097 750 5159 resistendum
765 5098 902 5161 diabolo.
959 5098 1078 5160 dietum
1098 5095 1323 5177 pmpriumque
1342 5094 1514 5175 objectum.
1533 5094 1704 5157 Dicendum

34 5210 137 5267 upana
151 5196 189 5259 Et
209 5196 331 5259 Paulus
347 5218 355 5256 ι
369 5194 405 5257 In
425 5194 573 5261 omnibus
595 5193 724 5275 (inquit)
744 5204 906 5259 sumentes
960 5213 1048 5277 ergo,
1063 5194 1147 5277 quod
1164 5201 1384 5274 argumentum
1404 5192 1464 5255 hoc
1485 5193 1607 5255 obtinet
1621 5193 1705 5273 quod

36 5276 53 5316 ⁶⁴
153 5303 283 5358 scutum
307 5292 396 5373 lldei,
416 5292 449 5355 in
474 5312 538 5374 quc
561 5293 691 5376 possitis
714 5294 823 5357 omnia
844 5295 906 5358 tela
959 5294 1082 5376 Justitia
1109 5299 1158 5355 est
1180 5292 1212 5353 in
1236 5290 1355 5354 ratione
1379 5290 1461 5353 sicut
1484 5291 1517 5353 in
1541 5290 1706 5373 dirigente,
