4309 6259
433 472 490 536 llo
575 488 616 535 on
637 488 785 535 LAttolltus
807 486 1012 535 sancnssmn
1033 489 1070 534 m
1092 487 1258 535 ruorvmua
1278 488 1460 547 miurinus,
1483 490 1542 536 ran
1561 490 1669 537 uonm
1688 490 1837 538 nomam

725 664 888 739 Idumaeas.
1194 659 1306 740 Aquis
1334 660 1530 723 contradicet
1555 658 1608 723 eil
1633 660 1715 724 Ecce
1744 660 1827 724 inter
1855 667 1988 725 sanctos
1999 681 2086 733 roan,
2098 686 2126 726 rs

335 769 396 812 aac.
555 758 737 821 Ostcllileri
753 757 901 820 Conditor
914 757 1011 835 orbis,
1234 758 1304 839 ejus
1328 776 1422 820 nenio
1442 759 1659 839 inrrnutabilis,
1676 767 1707 821 et
1725 760 1797 822 coeli
1818 778 1884 823 nen
1908 768 1986 820 sunt

282 833 321 940 ,ἲῖ
337 832 421 946 iffi
534 857 593 932 Qui
607 865 758 939 perpetuo
774 856 867 919 nixus
882 857 972 937 solio,
1234 855 1344 917 mundi
1364 856 1398 918 iu
1417 865 1590 939 conspectu
1609 858 1690 938 ejus.
1712 857 1851 920 Potestas
1870 865 1903 918 ct
1923 864 1987 919 ter·
2000 872 2126 914 ramosa

283 963 345 1004 naar.
357 960 379 1001 ⁵·
533 956 652 1038 Rapido
668 955 783 1018 coelum
799 954 925 1016 turbine
941 973 1057 1034 versas,
1235 971 1286 1015 ror
1299 954 1384 1033 apud
1399 954 1503 1035 ipsum
1525 962 1584 1033 est,
1601 954 1655 1037 qui
1676 954 1755 1017 lacit
1776 954 1984 1018 concordiam
1999 937 2019 975 ²

532 1055 711 1135 Legemque
726 1053 789 1135 pati
807 1054 910 1116 sidera
925 1053 1011 1134 cogis
1030 1077 1036 1113 :
1234 1050 1267 1111 in
1282 1051 1472 1113 sublimibus
1487 1052 1564 1115 suis,
1581 1052 1741 1133 Numquid
1760 1061 1809 1115 est
1828 1072 1984 1114 numerus

531 1152 644 1215 Omnia
658 1160 742 1214 certo
758 1151 824 1214 line
839 1152 1009 1232 gubernas,
1233 1148 1370 1211 militum
1385 1150 1472 1230 ejusl
1483 1151 1521 1212 Et
1536 1170 1740 1232 superquam
1754 1169 1818 1214 nen
1834 1151 1984 1232 splendet

530 1250 646 1311 llorum
662 1268 799 1330 namque
814 1249 935 1311 loedera
949 1248 1060 1311 nectis.
1233 1247 1340 1307 lumen
1364 1247 1484 1329 ipsiusi
1499 1248 1660 1329 Numquid
1678 1248 1850 1329 justificari
1875 1257 1982 1330 potest

551 1347 760 1429 Osupcrlelix
776 1347 923 1426 'lrinitas
1231 1345 1326 1407 homo
1354 1354 1554 1427 comparatus
1582 1347 1667 1409 Deol
1696 1347 1778 1410 Ecce
1811 1347 1888 1409 luna
1915 1366 1981 1409 non

530 1446 564 1508 ln
580 1465 643 1527 qua
656 1446 760 1509 omnis
775 1446 934 1526 nobilitas,
1232 1441 1376 1522 splendet
1395 1452 1427 1504 et
1446 1443 1544 1506 stellae
1568 1462 1632 1507 non
1654 1453 1728 1506 sunt
1747 1463 1833 1525 purae
1853 1444 1886 1505 in
1904 1461 1983 1506 con·
2146 1527 2147 1530 Ἴ

531 1545 590 1607 Fac
605 1562 663 1609 nos
678 1562 802 1625 semper
816 1551 922 1626 petere
1231 1548 1342 1621 spectu
1355 1540 1436 1621 ejus.
1453 1541 1511 1614 Qui
1526 1541 1667 1604 extendit
1681 1542 1862 1623 aquilonem
1883 1561 1982 1623 super
2001 1561 2059 1604 ura
2073 1577 2125 1607 ms

529 1642 616 1717 Quod
632 1642 723 1705 uobis
738 1642 800 1704 scis
815 1641 984 1723 prolicere,
1230 1657 1377 1716 vacuum,
1404 1646 1436 1699 et
1459 1639 1611 1720 appendit
1635 1648 1751 1701 terram
1776 1658 1872 1721 super
1895 1640 1982 1700 nihi·
1995 1627 2018 1673 ⁷·
2030 1628 2050 1672 ⁸¹
2063 1630 2095 1667 ¹¹·
2146 1633 2147 1694 l

529 1739 664 1802 AEteruis
679 1747 714 1802 ut
729 1747 759 1801 tc
774 1739 921 1801 laudibus
1230 1734 1306 1797 lum.
1327 1734 1384 1809 Qui
1411 1736 1488 1816 ligat
1506 1756 1603 1817 aquas
1628 1738 1660 1799 in
1686 1737 1836 1817 nubibus,
1853 1746 1889 1799 ut
1912 1755 1979 1800 non

526 1838 703 1901 Laudemus
719 1838 751 1898 in
767 1838 961 1900 coelestibus.
1189 1831 1212 1892 B
1229 1842 1398 1915 erumpant
1415 1834 1533 1916 pariter
1553 1836 1711 1898 deorsum.
1728 1836 1889 1899 Columna
1903 1835 1977 1899 coeli

546 1938 600 2016 Te,
617 1955 752 2015 summa,
769 1936 861 2015 Deua,
879 1936 1025 2014 Trinitas,
1229 1932 1477 1995 contremiscunt
1499 1942 1530 1995 et
1548 1942 1666 2015 pavent
1679 1936 1719 1997 ad
1735 1942 1848 1997 nutum
1862 1933 1976 2016 ipsius,

526 2033 689 2096 Collaudat
703 2034 806 2096 omnis
822 2033 973 2114 spiritus;
1229 2030 1364 2112 Spiritus
1389 2031 1513 2094 Domini
1538 2031 1617 2094 lecit
1640 2052 1703 2114 me,
1724 2042 1756 2095 et
1781 2033 1977 2114 spiraculum
1994 2048 2116 2090 raama
2146 2075 2147 2092 .

525 2132 567 2193 'le
583 2149 687 2192 rerum
703 2130 894 2192 universitas
1228 2128 1459 2210 Omnipotentis
1484 2129 1663 2192 vivificavit
1688 2150 1750 2193 me.
1776 2131 1876 2212 lligne
1901 2113 2126 2214 61111ιῆΜἰωἳὴ

523 2229 650 2308 Aderat,
666 2229 773 2291 laudet
788 2229 926 2309 penitus,
1228 2226 1372 2289 invenire
1396 2246 1460 2290 nen
1486 2247 1666 2309 possumus,
1688 2238 1720 2291 et
1744 2228 1884 2292 enarrari
1909 2248 1975 2293 non
1992 2238 2030 2278 2³·

524 2326 606 2401 Quos
621 2325 654 2387 in
670 2325 735 2388 lide
751 2325 908 2389 catholica
1228 2332 1342 2405 potest.

524 2424 644 2503 Salvas,
662 2443 735 2505 rege
750 2444 806 2506 per
821 2424 945 2487 saecula.
963 2426 1072 2486 Amen.
1267 2433 1299 2484 v.
1316 2423 1458 2502 Domine,
1475 2425 1602 2504 exaudi,
1619 2435 1676 2486 etc.
2146 2407 2147 2466 i

698 2525 898 2599 Capitulum.
1266 2540 1299 2595 n.
1315 2520 1354 2582 Et
1368 2520 1488 2584 clamor
1503 2542 1604 2603 meus,
1621 2532 1677 2585 etc.

288 2640 408 2693 manao.
463 2619 1172 2684 DixitllomiuusDeustaciamushomiuem
1527 2620 1668 2683 Oremus.

279 2706 314 2749 ²⁷·
423 2718 462 2781 ad
487 2718 659 2799 imaginem
688 2727 720 2780 et
747 2718 990 2781 similitudinem
1016 2727 1169 2781 nostram.
1266 2716 1403 2778 Trinitas
1418 2718 1663 2799 supersimplex,
1680 2718 1925 2801 supergloriosa,
1943 2727 1975 2781 ct
2146 2717 2147 2744 ³

421 2815 460 2879 Et
479 2817 599 2879 creavit
614 2817 696 2879 lleus
711 2816 873 2879 hominem
889 2818 927 2879 ad
945 2817 1117 2899 imaginem
1140 2827 1172 2880 et
1225 2814 1282 2876 tibi
1302 2814 1361 2877 soli
1381 2815 1419 2877 ad
1441 2814 1571 2896 plenum
1596 2826 1692 2892 nota3
1709 2817 1742 2878 in
1767 2836 1829 2898 qua
1853 2825 1902 2878 est
1924 2816 1976 2877 in·

422 2914 664 2977 similitudinem
700 2934 801 2995 suam,
832 2915 870 2977 ad
907 2914 1079 2996 imaginem
1115 2915 1168 2978 Dei
1224 2912 1418 2992 egressibilis
1435 2913 1675 2996 immanensque
1690 2913 1895 2991 dillusie,ubi
1911 2914 1976 2976 sin·

421 3011 540 3074 creavit
561 3012 664 3073 illum.
950 3034 954 3044 ·
1184 3005 1306 3091 Cgulae
1325 3011 1467 3075 Personae
1487 3012 1521 3073 iu
1541 3012 1676 3094 singulis
1701 3032 1775 3075 vere
1800 3022 1832 3075 et
1855 3012 1976 3094 imper-

461 3128 493 3183 η.
509 3109 573 3171 Deo
588 3109 715 3191 gratias.
1225 3110 1437 3173 scrutabiliter
1471 3119 1556 3190 sunt,
1586 3120 1670 3175 totus
1699 3112 1732 3174 in
1761 3112 1840 3175 Filio
1867 3112 1972 3190 Pater,

282 3228 405 3283 trecass,
460 3225 493 3280 n.
510 3206 608 3268 l'ilius
633 3207 688 3269 llei
709 3226 806 3289 quum
827 3207 868 3270 sit
887 3209 1036 3289 splendor
1061 3210 1169 3291 gloriae
1223 3214 1370 3289 totusque
1386 3209 1418 3269 in
1433 3208 1522 3271 Patre
1541 3208 1650 3288 Filius,
1667 3218 1761 3291 atque
1783 3210 1817 3271 in
1838 3218 1974 3291 utroque

420 3313 453 3368 et
484 3303 588 3386 ligura
622 3304 805 3369 substantiae
837 3306 947 3387 Patris,
977 3316 1169 3389 portansque
1224 3305 1361 3388 Spiritus
1385 3306 1530 3386 Sanctus,
1553 3307 1587 3368 in
1612 3308 1732 3390 Spiritu
1757 3308 1871 3371 Sancto
1894 3327 1974 3389 quo-
2146 3357 2147 3360 ,

420 3402 529 3467 omnia
556 3403 653 3466 verbo
688 3404 813 3466 virtutis
843 3423 917 3484 suaa,
948 3406 1168 3487 purgationem
1224 3422 1285 3484 que
1311 3411 1443 3486 uterque
1465 3428 1472 3466 ι
1494 3414 1643 3468 converte
1668 3414 1808 3469 mentem
1830 3414 1973 3469 nostram

420 3510 622 3584 peccatorum
652 3501 784 3581 iaciens,
815 3503 903 3564 sedet
933 3504 972 3565 ad
1008 3504 1168 3567 dexteram
1224 3502 1258 3563 iu
1286 3510 1327 3581 te,
1353 3510 1388 3564 ut
1412 3502 1512 3564 simus
1537 3504 1594 3566 tibi
1620 3523 1746 3586 semper
1767 3504 1973 3586 uniti,atque
2146 3511 2147 3532 ²

420 3599 596 3681 maJestatis
610 3600 643 3661 in
659 3599 802 3662 excelsis.
819 3602 839 3680 †
852 3600 998 3663 Alleluia.
1224 3619 1282 3682 per
1295 3600 1447 3663 allectum
1468 3621 1567 3664 unum
1582 3610 1688 3665 tecum
1701 3626 1710 3681 3
1726 3602 1922 3666 inordinatos
1937 3603 1973 3665 in

223 3770 226 3777 ¹
283 3718 370 3775 aptes.
383 3733 405 3771 ιι,
461 3710 492 3761 v.
509 3698 638 3779 Propter
657 3698 788 3760 nimiam
814 3699 977 3761 caritatem
997 3718 1088 3761 suam
1106 3718 1169 3780 qua
1224 3699 1317 3762 nobis
1342 3708 1445 3763 motus
1461 3720 1656 3783 cornpescas,
1673 3710 1702 3764 ct
1718 3702 1833 3765 animae
1853 3701 1976 3785 passio

271 3782 407 3890 2}⁶“¹'²'·''·
420 3795 530 3858 dilexit
543 3814 601 3859 nos
621 3796 702 3859 Deus
723 3796 822 3875 Pater,
839 3796 953 3859 Filium
977 3817 1069 3859 suum
1091 3797 1169 3860 dile
1223 3817 1281 3859 nes
1299 3798 1437 3879 benigne
1452 3799 1617 3862 reformes
1634 3800 1689 3863 Cui
1709 3801 1821 3879 honor,
1838 3801 1975 3864 beatitu-

420 3902 507 3956 ctum
523 3892 610 3954 misit
624 3892 658 3954 iu
672 3893 838 3954 mnndum.
856 3894 1001 3956 Alleluia.
1223 3896 1275 3973 do,
1301 3896 1366 3957 vita
1389 3904 1421 3959 et
1444 3915 1576 3978 regnum
1607 3918 1665 3981 per
1689 3898 1804 3961 saecula
1830 3898 1972 3962 infinita.

460 4002 492 4053 v.
509 3990 615 4053 Gloria
629 3989 723 4052 Patri.
740 3990 885 4053 Alleluia.
1223 3996 1334 4056 Amen,

461 4099 493 4151 v.
506 4087 713 4169 Omnipotens
727 4088 827 4167 Pater,
840 4090 1043 4171 omnipotens
1058 4090 1167 4171 Filius,
1263 4104 1295 4155 v.
1312 4094 1456 4174 Domine,
1473 4094 1598 4173 exaudi,
1615 4105 1673 4155 etc.

420 4186 622 4267 omnipotens
644 4184 780 4266 Spiritus
802 4188 947 4251 Sanctus
1183 4186 1209 4249 Ι)
1262 4210 1295 4264 q.
1311 4191 1350 4253 Et
1364 4191 1484 4255 clamor
1499 4211 1599 4269 incus,
1615 4203 1673 4255 etc.

461 4304 493 4359 p.
509 4284 548 4345 Et
561 4292 667 4347 tamen
682 4303 745 4347 non
767 4293 830 4346 tres
845 4284 1094 4369 omnipotentes,
1112 4290 1168 4353 sed
1263 4300 1295 4351 v.
1311 4289 1540 4352 Benedicamus
1556 4289 1700 4353 Domino.

421 4401 503 4444 unus
524 4381 740 4463 Omnipotens.
1262 4408 1295 4462 n.
1312 4389 1375 4451 Deo
1389 4388 1518 4470 gratias.

706 4484 795 4542 Laris
809 4484 879 4543 Dei.
1263 4498 1296 4549 v.
1312 4486 1433 4549 Animae
1448 4485 1590 4549 omnium
1607 4486 1764 4567 lidelium,
1780 4498 1836 4548 etc.

272 4599 406 4652 antimo.
461 4579 525 4660 Ego
553 4578 747 4659 deprecabor
771 4578 980 4661 Allissimum‚
1007 4582 1060 4664 qui
1091 4582 1169 4647 iacit

421 4696 534 4757 magna
549 4685 580 4737 et
594 4675 811 4739 inscrutabilia
825 4688 856 4740 et
870 4680 1028 4742 mirabilia
1048 4680 1168 4762 absque
1465 4633 1527 4704 AD
1557 4631 1725 4706 NONAM.

275 4791 553 4845 1ara.11,r.numero
570 4797 576 4833 :
594 4774 647 4854 qui
663 4775 807 4857 praecipit
822 4777 892 4855 soli,
909 4787 941 4839 et
961 4797 1025 4841 non
1044 4778 1165 4859 oritur3
1262 4783 1351 4845 Adsit
1364 4782 1468 4864 nobis,
1485 4794 1544 4846 etc.

191 4931 195 4939 .
271 4890 331 4935 retu.
342 4905 370 4943 n,
381 4895 405 4935 a·
421 4879 452 4935 et
466 4870 584 4933 claudit
599 4872 705 4934 stellas
724 4874 813 4953 quasi
836 4874 895 4935 sub
917 4874 1092 4955 signaculo.
1109 4878 1168 4939 Ex·
1261 4893 1293 4944 v.
1310 4881 1369 4944 Cor
1384 4882 1549 4961 mundum,
1565 4893 1623 4944 etc.

272 4958 306 5000 ¹⁰·
421 4968 536 5033 celsior
560 4969 641 5033 coelo
667 4979 724 5049 est,
741 4980 773 5032 et
796 4971 871 5051 qnid
897 4972 1018 5034 faciest
1039 4975 1167 5054 prolun-
1259 4998 1292 5053 n.
1309 4979 1346 5041 Et
1361 4979 1507 5060 spiritum
1523 4988 1657 5059 rectum,
1672 4991 1731 5041 etc.

419 5068 488 5131 dior
507 5067 644 5147 inlerno,
661 5074 692 5128 et
713 5068 797 5130 uude
819 5074 1013 5149 coguoscesl
1029 5072 1166 5155 Longior
1260 5088 1292 5139 r.
1309 5077 1401 5156 Deus,
1419 5077 1452 5138 in
1467 5077 1674 5157 adjutorium,
1691 5088 1749 5139 etc.

417 5173 500 5229 terra
515 5184 665 5229 mensura
679 5164 761 5246 ejus,
778 5174 809 5228 et
824 5165 914 5230 latior
929 5169 1018 5232 mari.
1036 5170 1069 5233 Si
1091 5172 1165 5235 sule
1257 5195 1291 5250 n.
1307 5173 1450 5253 Domine,
1467 5175 1506 5238 ad
1521 5176 1750 5257 adjuvandum,
1766 5186 1823 5239 etc.

416 5264 546 5327 verterit
560 5263 678 5341 omnia,
696 5264 745 5326 vel
767 5263 800 5325 in
820 5284 918 5329 unum
941 5270 1160 5353 coarctaverit,
1259 5284 1292 5336 v.
1309 5271 1413 5336 Gloria
1427 5272 1520 5337 Patri.
1537 5273 1682 5338 Alleluia.
