4309 6259
732 795 1215 913 PROOEMIUM

331 1405 546 1467 EMORIAM
555 1405 635 1480 fecit
649 1404 855 1464 mirabilium
869 1423 1005 1465 suorum
1018 1404 1204 1464 misericors
1218 1412 1248 1463 et
1270 1404 1443 1463 miserator
1457 1402 1628 1471 Dominus,
1644 1420 1747 1461 escam

201 1401 329 1673 M
343 1512 435 1571 dedit
456 1511 647 1571 timentibus
666 1530 709 1571 se.
724 1510 774 1572 Ps.
791 1526 840 1583 cx,
856 1510 887 1588 l,
903 1508 933 1573 5.

391 1617 519 1680 Amator
545 1616 723 1695 hominum,
751 1616 878 1679 Creator
907 1624 1001 1699 atque
1028 1615 1172 1679 Salvator
1199 1624 1317 1695 noster,
1343 1616 1515 1678 humanam
1541 1623 1680 1677 mentem
1707 1614 1746 1676 ad

199 1724 382 1787 divinorum
403 1722 635 1788 heneliciorum
655 1723 850 1787 oblivionem
868 1732 901 1786 et
915 1723 1175 1807 ingratitudinem
1197 1742 1329 1805 pronam
1345 1742 1552 1805 cognoscens,
1569 1723 1632 1785 tale
1651 1722 1746 1787 nohis

200 1830 359 1913 passionis
386 1831 630 1913 dilectionisque
658 1850 723 1893 sua
750 1830 934 1894 memoriale
963 1831 1101 1913 reliquit,
1132 1839 1166 1892 ut
1193 1830 1260 1912 jam
1291 1832 1374 1893 saxis
1400 1830 1441 1893 sit
1468 1831 1576 1893 durior
1600 1838 1631 1893 et
1659 1828 1756 1921 ferro·

199 1938 332 2020 rigidior
358 1938 412 2021 qui
440 1947 534 2001 tante
562 1938 684 2001 caritati
714 1957 751 2001 ac
780 1938 961 2002 liberalitati
989 1939 1149 2020 ingratum
1178 1958 1211 2001 se
1238 1937 1374 2001 exhibet.
1405 1937 1524 2020 Nempe
1553 1945 1625 2001 aute
1660 1938 1744 2001 diem
1758 1953 1833 1997 rann
1836 1966 1892 2004 111111

199 2047 317 2109 festum
330 2046 468 2123 Paschae,
484 2066 582 2127 quum
596 2045 759 2108 dilexisset
772 2064 847 2108 suos
865 2046 919 2127 qui
941 2054 1032 2109 eraut
1050 2046 1084 2108 in
1104 2046 1234 2125 mundo,
1251 2045 1361 2108 volens
1381 2045 1505 2127 corpori
1526 2063 1583 2108 suo
1598 2045 1743 2126 mystico,
1761 2020 1781 2059 ¹¹

199 2153 233 2215 id
257 2162 306 2215 est
328 2152 479 2216 militanti
502 2153 663 2230 Ecclesiae,
684 2152 897 2215 ardentissimi
923 2152 973 2215 sui
998 2154 1116 2217 amoris
1141 2154 1267 2215 arrham
1292 2153 1484 2233 relinquere,
1504 2152 1743 2215 Sacramentum

199 2260 342 2341 corporis
366 2260 415 2321 sui
444 2279 482 2322 ac
505 2258 669 2341 sanguinis
695 2258 843 2336 instituit,
869 2259 903 2320 in
927 2278 991 2340 quo
1015 2260 1102 2322 velut
1128 2260 1159 2321 in
1186 2257 1327 2341 speculo,
1353 2259 1460 2321 omnia
1485 2259 1664 2321 relucerent
1690 2277 1747 2340 per

199 2368 299 2429 iidem
327 2385 398 2447 quaa
426 2366 495 2449 ipse
524 2385 580 2448 pro
608 2376 715 2430 nostra
742 2368 844 2430 salute
867 2368 1051 2449 assumpsit,
1078 2367 1156 2430 fecit
1180 2375 1211 2429 et
1236 2366 1375 2449 pertulit.
1402 2366 1440 2429 Et
1468 2367 1538 2431 ideo
1566 2367 1745 2450 discipulis,

196 2484 294 2555 atque
316 2473 348 2535 ia
370 2493 479 2537 eorum
504 2493 639 2556 persona
659 2474 819 2537 universis
840 2474 1068 2555 sacerdotibus,
1091 2474 1171 2536 dixit
1188 2498 1194 2537 :
1211 2475 1283 2539 Haec
1304 2475 1568 2557 quotiescumque
1590 2475 1746 2553 feceritis,
1768 2492 1822 2536 aaa.
1842 2504 1895 2543 nn,

197 2580 234 2643 in
262 2582 324 2643 mei
354 2581 539 2644 memoriam
568 2579 712 2658 iacietis;
741 2589 897 2662 quatenus
926 2582 1018 2645 toties
1047 2580 1179 2643 flamma
1206 2581 1323 2645 divinae
1351 2581 1491 2645 caritatis
1520 2600 1574 2645 cor
1602 2589 1745 2645 nostrum
1762 2554 1892 2669 2441ξῖ

195 2688 398 2768 accenderet,
418 2687 543 2769 quoties
564 2688 681 2769 pignus
703 2687 780 2750 tanti
803 2686 921 2751 amoris
942 2687 1098 2769 reciperet
1120 2688 1186 2750 sive
1209 2688 1372 2751 recoleret.

261 2796 322 2857 Sed
349 2794 499 2877 quoniam
528 2794 725 2858 consecratio
753 2794 850 2876 hujus
874 2796 1063 2857 sacramenti
1089 2794 1166 2858 solis
1190 2795 1407 2858 sacerdotibus
1432 2794 1552 2858 credita
1578 2803 1637 2873 est,
1664 2795 1748 2876 quod

195 2902 248 2967 eis
270 2922 362 2984 agere
383 2902 445 2964 nisi
467 2902 500 2963 in
520 2901 632 2965 officio
653 2902 752 2965 llissaa
771 2920 835 2965 uon
858 2901 949 2979 licet3
966 2902 1086 2965 idcirco
1100 2902 1139 2964 ad
1159 2902 1221 2965 tale
1239 2902 1387 2966 officium
1406 2902 1502 2983 digne
1522 2901 1747 2984 fructuoseque

196 3010 429 3093 peragendum,
455 3028 529 3073 cum
556 3010 643 3073 omni
671 3009 886 3073 sollicitudine
914 3017 946 3073 et
973 3008 1098 3073 fervore
1123 3030 1233 3091 parare
1259 3029 1292 3073 se
1317 3009 1445 3091 dehent,
1470 3018 1637 3092 quatenus,
1665 3011 1748 3075 sicut

195 3119 415 3181 Damascenus
428 3125 540 3197 quarto
555 3116 637 3180 libro
651 3116 805 3194 hortatur,
821 3135 894 3179 cum
910 3116 997 3180 omni
1015 3116 1128 3179 timore
1142 3124 1174 3178 et
1193 3116 1389 3180 conscientia
1405 3136 1484 3198 pura
1498 3126 1529 3181 et
1544 3117 1749 3182 iuhaesitahili

196 3225 268 3287 lide
282 3225 444 3286 accedant.
461 3223 548 3287 hlalis
562 3242 700 3305 namque
716 3224 870 3285 ministris
885 3223 933 3286 las
948 3242 1011 3287 nou
1033 3232 1082 3285 est
1097 3243 1185 3288 sacra
1200 3224 1342 3305 symbola
1358 3225 1405 3304 (id
1422 3233 1471 3287 est
1485 3224 1639 3288 exteriora
1660 3225 1751 3307 signa

194 3332 251 3394 vel
282 3333 370 3411 vasa)
393 3332 589 3413 contingere,
615 3332 881 3413 quemadmodum
910 3332 1078 3413 Dionysius
1106 3332 1159 3395 ait.
1186 3332 1284 3410 Unde,
1312 3332 1574 3413 quotiescumque
1602 3334 1750 3398 sacerdos
1774 3346 1805 3423 aa
1823 3346 1882 3391 acu.

195 3440 272 3502 sine
301 3457 376 3501 vera
401 3439 506 3502 cordis
530 3438 720 3502 contritione
744 3446 777 3501 et
801 3437 933 3501 cordiali
960 3438 1148 3519 poeaitentia
1173 3438 1322 3517 celebrat,
1344 3440 1437 3502 toties
1462 3440 1602 3520 graviter
1626 3448 1748 3523 peccat,
1764 3411 1873 3454 ΜΗ

193 3555 238 3609 ut
258 3546 394 3611 Thomas
415 3546 507 3609 tertia
528 3554 617 3628 parte
638 3546 787 3610 ostendit.
1778 3542 1888 3597 Slltlffl·

264 3654 401 3717 'leuetur
415 3672 490 3735 ergo
505 3655 651 3717 sacerdos
666 3672 738 3717 oum
755 3653 876 3735 ingenti
891 3652 1059 3716 devotione
1074 3661 1105 3715 et
1119 3652 1235 3716 actuali
1251 3652 1424 3715 attentione
1438 3652 1752 3717 celebrare.Devotio
1764 3608 1907 3662 q'¹ffl¹'⁸'⁵'

195 3770 311 3825 autem
336 3768 384 3824 est
406 3767 496 3823 actus
519 3759 692 3823 voluntatis
715 3778 753 3822 ex
781 3760 891 3822 divina
917 3757 1048 3821 carimte
1072 3758 1259 3840 procedens.
1286 3758 1437 3822 Voluntas
1463 3778 1538 3823 vero
1563 3760 1608 3822 nil
1633 3759 1750 3841 diligit,

195 3868 268 3933 nisi
293 3869 376 3950 quod
400 3867 581 3931 intellectus
604 3866 779 3949 cognoscit,
795 3874 831 3929 ut
852 3866 978 3929 decimo
1002 3867 1041 3929 de
1067 3866 1220 3929 Trinitate
1244 3866 1438 3947 Augustinus
1459 3874 1602 3930 testatur.
1618 3867 1656 3930 Ut
1677 3887 1753 3950 ergo

194 3976 353 4042 sacerdos
374 3974 589 4038 sacratissima
612 3974 709 4037 verba
729 3974 830 4037 hlissae
850 3974 964 4037 devote
985 3981 1018 4035 et
1038 3973 1225 4051 affectuose,
1249 3973 1280 4037 id
1302 3982 1351 4036 est
1372 3992 1445 4035 cum
1468 3972 1594 4039 interno
1615 3974 1753 4056 quodam

194 4083 295 4149 suavi
317 4102 440 4165 sapore,
461 4081 657 4164 pronuntiet,
677 4090 801 4163 oportet
821 4090 856 4144 ut
876 4082 1019 4164 ipsorum
1041 4082 1211 4145 verborum
1234 4100 1362 4144 sensum
1385 4082 1563 4146 luculenter
1585 4082 1751 4164 intelligat.

193 4192 429 4255 Verumtamen
458 4209 571 4253 sensus
598 4189 652 4252 hic
680 4189 796 4271 saepius
824 4190 899 4251 satis
927 4187 1075 4252 difficilis
1104 4198 1162 4270 est,
1190 4189 1365 4272 prasertim
1390 4189 1417 4252 si
1446 4190 1517 4271 quis
1542 4189 1635 4271 pleno
1661 4198 1754 4271 atque

193 4296 363 4383 profunde
391 4296 488 4359 verba
516 4298 586 4379 ipsa
614 4296 799 4379 perpendat.
831 4295 964 4377 Expedit
992 4296 1090 4378 igitur
1118 4317 1154 4360 ea
1191 4316 1361 4379 exponere,
1392 4305 1423 4360 ot
1451 4296 1588 4377 qualiter
1617 4296 1753 4360 allectus

192 4403 397 4471 celebrantis
431 4403 617 4467 formandus
653 4403 705 4482 sit,
733 4402 914 4483 explanare.
944 4402 1031 4477 Quod
1059 4404 1115 4484 qui
1150 4404 1216 4466 suis
1250 4404 1372 4466 viribus
1408 4403 1541 4485 implero
1578 4404 1751 4483 praesumit,

193 4511 399 4575 vanissimus
420 4519 478 4573 est.
501 4509 578 4591 Ejus
599 4528 675 4592 ergo
695 4510 994 4573 misericordissima
1014 4510 1115 4591 pietas
1139 4510 1338 4591 imploranda
1359 4518 1407 4571 ost
1427 4510 1466 4572 de
1489 4528 1551 4591 quo
1574 4510 1607 4571 in
1628 4510 1753 4573 Psalmo

192 4628 372 4685 cantamus
398 4642 405 4679 ε
430 4618 579 4681 accedite
603 4618 642 4680 ad
670 4637 756 4697 eum,
781 4626 812 4680 et
835 4616 1075 4694 illuminamini,
1102 4626 1132 4680 et
1157 4617 1255 4680 lacios
1279 4625 1391 4679 vestra
1414 4635 1478 4680 non
1504 4616 1750 4680 confundentur.
1766 4638 1902 4689 remota.

192 4732 244 4793 De
260 4727 359 4808 cujus
372 4744 433 4810 ope
453 4732 487 4789 et
507 4724 599 4789 solita
620 4725 736 4806 pietate
758 4724 937 4802 conlidens,
953 4724 1015 4788 hoc
1031 4724 1136 4806 ipsum
1158 4724 1333 4806 aggrediar,
1351 4743 1414 4787 nou
1430 4724 1593 4806 proprium
1610 4744 1750 4804 sensum,

193 4836 256 4901 sed
272 4833 403 4897 Petrum
417 4831 504 4896 dicta
518 4831 679 4911 sectando,
696 4831 735 4893 ad
750 4830 877 4893 laudem
892 4829 962 4911 ejus
983 4829 1037 4911 qui
1053 4838 1101 4891 est
1116 4830 1332 4911 superomnia
1347 4829 1493 4893 sublimis
1508 4838 1539 4893 et
1553 4830 1750 4895 benedictus.
