4309 6259
727 508 819 556 noua
839 508 879 555 nn
899 507 1048 556 rsssross
1068 507 1176 555 nostru
1668 484 1725 548 321

178 685 309 759 prestes
330 696 394 759 quo
415 679 585 742 metuendo
607 686 661 741 tuo
680 678 829 742 tribunali
850 678 968 762 pred
1022 677 1088 759 Ego
1102 694 1178 741 vero
1200 694 1319 759 egenus
1340 681 1372 738 et
1390 693 1512 757 pauper
1526 691 1617 750 sum;
1633 672 1726 751 Deus,

177 783 342 839 sentemur
356 775 472 839 secum
488 776 546 851 Qui
567 776 661 839 vivis.
981 775 1099 856 adjuva
1114 794 1176 837 me.

219 885 252 937 r.
268 874 415 953 Domine,
430 874 556 950 exaudi,
572 884 630 936 etc.
1020 872 1155 953 Adjuter
1178 890 1267 934 meus
1292 879 1324 933 et
1341 869 1491 933 liberator
1510 887 1599 931 meus
1618 888 1654 931 es
1673 876 1725 945 tu,

217 990 252 1045 ss.
268 970 307 1033 llt
320 971 442 1034 clamor
454 990 556 1049 meus,
571 982 630 1033 etc.
980 969 1126 1047 Domine,
1143 988 1183 1031 ne
1198 968 1343 1031 moreris.

218 1079 252 1131 r.
268 1068 499 1134 benedicamus
513 1068 657 1132 Domino.
1021 1066 1127 1130 Gloria
1141 1066 1234 1129 Patri.

216 1186 251 1242 n.
268 1167 334 1231 Deo
347 1168 476 1249 gratias.
1019 1168 1100 1227 Ant.
1128 1163 1196 1227 Non
1221 1161 1481 1245 corruptibilibus
1506 1180 1583 1225 auro
1608 1160 1657 1224 vel
1682 1180 1730 1223 ar·
1745 1180 1875 1235 ιιιιιιιιι,

215 1277 250 1329 r.
266 1265 390 1329 Anime
403 1264 546 1330 omnium
561 1264 719 1343 fidelium,
735 1274 793 1329 etc.
980 1270 1077 1344 gente
1098 1262 1252 1344 redempti
1275 1280 1396 1341 sumus,
1421 1259 1476 1323 sed
1497 1260 1635 1341 pretioso
1659 1276 1730 1320 san·
1745 1248 1777 1289 ¹⁹·

980 1359 1077 1441 guine
1093 1360 1167 1441 agni
1183 1357 1379 1423 immaculati
1395 1356 1523 1421 Christi.

1256 1460 1457 1535 Capitulum

215 1562 296 1641 Ave,
313 1559 556 1642 benignissime,
573 1570 630 1623 etc.
1019 1555 1162 1618 Christus
1191 1574 1302 1637 passus
1329 1563 1379 1617 est
1412 1572 1470 1636 pro
1503 1553 1607 1631 nobie,
1637 1552 1730 1617 nobis
1747 1568 1826 1613 ιιιιιιι
1821 1572 1877 1621 ιιι,

217 1669 252 1721 r.
269 1658 392 1739 Adjuva
405 1676 468 1735 me,
484 1668 541 1719 etc.
981 1654 1165 1765 relinquens
1185 1654 1366 1735 exemplum
1388 1661 1423 1715 ut
1444 1672 1616 1735 sequamur
1637 1654 1732 1715 vesti-
1744 1634 1778 1682 ²³
1789 1634 1823 1675 ²⁶

215 1776 252 1829 ιῑι.
269 1756 398 1819 Salvum
412 1755 541 1833 mefac,
557 1766 616 1817 etc.
981 1753 1034 1835 gia
1062 1755 1143 1835 ejus.
1171 1754 1228 1830 Qui
1257 1772 1355 1834 quum
1385 1751 1639 1829 malediceretur,
1666 1770 1730 1815 non

214 1866 252 1917 r.
269 1854 362 1932 Deus,
379 1853 412 1915 iu
427 1852 631 1933 adjutorium,
647 1864 705 1916 ete.
939 1848 963 1910 B
982 1851 1213 1929 maledicebat;
1238 1870 1337 1932 quum
1362 1858 1533 1932 pateretur,
1556 1867 1620 1912 non
1646 1866 1731 1912 corn-

213 1972 251 2027 n.
269 1952 411 2029 Domine,
428 1951 467 2014 ad
482 1952 709 2033 adjuvandum,
726 1963 784 2016 etc.
982 1949 1184 2027 minabatur,
1212 1950 1354 2012 tradebat
1378 1956 1484 2011 autem
1510 1947 1666 2029 judicanti
1697 1966 1731 2009 se

214 2062 253 2113 r.
268 2049 374 2114 Gloria
387 2049 482 2113 Patri.
982 2048 1111 2129 injuste.
1129 2047 1186 2122 Qui
1202 2054 1333 2129 peccata
1348 2054 1455 2109 nostra
1470 2045 1599 2127 pertulit
1615 2044 1647 2106 in
1662 2062 1732 2107 cor-

471 2151 634 2225 Hymmcs.
983 2164 1060 2229 perc
1075 2164 1133 2209 suo
1148 2164 1244 2227 super
1259 2144 1395 2227 lignum.

282 2246 358 2325 Ave,
375 2254 470 2328 eaput
485 2244 686 2325 inclinatum,
1023 2264 1056 2317 a.
1073 2244 1136 2309 Deo
1151 2242 1279 2326 gratias.

262 2344 449 2427 Despective
463 2351 649 2408 coronatum
1024 2362 1057 2415 s.
1087 2342 1161 2405 llibi
1192 2348 1296 2403 autem
1326 2340 1408 2403 absit
1435 2338 1576 2421 gloriari,
1606 2338 1669 2400 nisi
1698 2337 1732 2399 in
1759 2353 1836 2398 cans.
1850 2367 1879 2405 ιι,

262 2440 370 2523 Spinis
384 2440 579 2520 infidelium,
985 2459 1080 2503 cruce
1095 2440 1222 2503 Domini
1236 2440 1299 2501 mei
1314 2440 1387 2502 lesu
1402 2438 1556 2517 Christi,†
1566 2438 1624 2499 Per
1637 2455 1732 2517 quem
1748 2422 1780 2462 ¹⁴·

261 2540 366 2602 ldultis
379 2539 460 2603 loeis
473 2539 679 2621 perforatum,
984 2537 1063 2601 mibi
1078 2538 1216 2600 mundus
1232 2535 1404 2600 crucifixus
1416 2544 1475 2616 est,
1482 2544 1514 2598 et
1527 2553 1587 2617 ego
1601 2535 1730 2597 mundo.

260 2638 513 2719 Circumquaque
527 2645 738 2716 cruentatum,
1024 2646 1057 2698 r.
1074 2634 1139 2717 Ego
1154 2635 1239 2698 enim
1255 2635 1402 2717 stigmata
1417 2633 1542 2697 Domini
1557 2634 1630 2695 lesu
1644 2632 1731 2695 Chri·
1748 2650 1808 2693 rasa.
1823 2652 1856 2694 ιι.

262 2735 431 2818 Exemplar
443 2733 627 2797 humilium.
985 2734 1025 2795 sti
1040 2741 1144 2815 porto.
1161 2733 1218 2795 Per
1231 2752 1337 2815 quem.

282 2833 443 2898 Passionis
456 2840 518 2896 ture
532 2832 667 2910 fructus,
1025 2843 1057 2895 r.
1081 2831 1295 2895 GloriaPatri.
1312 2832 1438 2894 blundo.

262 2932 301 2995 Et
315 2931 436 2997 cruoris
451 2931 498 2994 tui
512 2930 631 2993 fluctus
1025 2941 1058 2993 r.
1074 2930 1156 2993 Erue
1171 2949 1189 2992 a
1204 2928 1335 3007 tramea,
1353 2930 1445 3007 Deus,
1463 2927 1600 2989 animam
1616 2946 1730 2990 meam.
1748 2944 1881 2996 Ρι.ιιι,ιι.

264 3027 618 3110 Delluenslargissime,
945 3031 967 3096 C
1024 3048 1058 3102 ιι.
1074 3028 1113 3091 Et
1126 3028 1165 3091 de
1181 3046 1277 3090 manu
1292 3028 1381 3090 canis
1396 3026 1523 3089 unicam
1539 3044 1653 3089 meam.

404 1410 468 1483 An
494 1409 700 1483 Taarrasr.

262 3128 374 3191 Finem
388 3125 575 3208 agatnostri
591 3126 716 3205 luctus,
1025 3137 1057 3189 r.
1075 3126 1219 3205 Domine,
1235 3124 1360 3205 exaudi,
1377 3134 1435 3185 etc.

261 3225 386 3289 cbristo
399 3224 441 3289 ob
455 3242 514 3287 nos
529 3224 562 3286 in
577 3224 644 3287 bec
659 3226 787 3303 duatus,
1025 3244 1057 3300 rs.
1073 3225 1113 3288 Et
1126 3224 1246 3289 clarnor
1260 3242 1361 3305 meus,
1378 3233 1436 3284 etc.

259 3324 403 3388 Subveni
418 3323 677 3387 clementissime.
1285 3321 1425 3385 Oramus.

283 3422 365 3501 Tibi,
381 3422 455 3484 lesu
468 3440 524 3484 rex
538 3421 737 3501 Sanctemm,
1024 3420 1147 3484 Christe
1176 3419 1341 3498 altissime,
1368 3438 1424 3501 per
1452 3418 1498 3481 tui
1523 3425 1554 3481 te
1579 3418 1733 3499 deprecor

258 3520 342 3603 Spes
356 3520 464 3583 votiva
477 3528 693 3601 peccatorum,
985 3518 1221 3581 accusationem
1244 3516 1460 3596 salsissimam,
1483 3515 1734 3597 flagellationem

256 3618 346 3681 Patri
361 3617 508 3699 almoque
522 3616 670 3696 Flamini,
985 3617 1252 3700 poenosissimam,
1270 3614 1414 3697 spineam
1430 3612 1679 3692 coronationem,
1696 3614 1733 3675 il-

255 3716 463 3798 Principatus
477 3714 688 3790 seculorum
985 3714 1142 3777 lusionem
1157 3712 1378 3794 multiplicem,
1395 3710 1600 3774 nudationem
1623 3710 1734 3773 erube-

257 3816 381 3892 llonor,
397 3812 510 3892 virtus,
525 3812 606 3893 laus,
622 3821 809 3876 cunctorum
986 3812 1142 3891 scibilem,
1159 3819 1191 3873 et
1211 3809 1346 3892 proprie
1367 3807 1472 3872 crucis
1492 3808 1731 3889 bajulationem,

257 3912 412 3976 Veritatis
425 3910 575 3973 examini.
591 3911 702 3974 Amen.
986 3910 1027 3972 da
1040 3908 1120 3972 mibi
1135 3914 1335 3989 contemptus
1354 3916 1447 3988 atque
1467 3907 1599 3970 adversa
1613 3906 1734 3987 patien-

209 4018 301 4079 Ant.
319 4009 389 4075 Non
403 4008 673 4091 eormptibilibus.
986 4017 1034 4070 ter
1057 4027 1094 4071 ac
1119 4008 1262 4070 letanter
1286 4005 1437 4088 perterre,
1460 4023 1576 4087 corpus
1599 4004 1734 4067 discrete

447 4111 601 4171 Psatmua
615 4110 675 4169 69.
986 4107 1153 4189 castigare,
1169 4122 1297 4169 omnem
1318 4104 1477 4166 carnalem
1492 4102 1735 4165 delectationem

30 4242 58 4285 ι.
65 4256 119 4294 ,m
127 4246 151 4287 ι,
210 4208 341 4286 Deus,
334 4226 368 4270 ιιι
381 4204 575 4288 adjutorium
590 4224 697 4268 meum
712 4204 861 4287 intende,
872 4204 933 4270 Do-
946 4202 972 4265 D
987 4213 1019 4269 et
1033 4205 1195 4285 indignam
1206 4202 1346 4285 quietem
1362 4200 1544 4267 cordialiter
1558 4200 1733 4311 aspernari,

164 4310 280 4389 mine,
297 4306 338 4369 ad
353 4304 570 4386 adjuvandum
583 4322 636 4367 me
650 4300 778 4368 festina.
988 4310 1082 4384 mque
1106 4299 1341 4365 emeilormiter
1365 4299 1495 4363 imitari.
1519 4296 1577 4371 Qui
1598 4297 1691 4361 vivis.

209 4404 466 4474 Conluudantur
485 4411 518 4465 et
537 4411 752 4484 revereantur,
773 4402 828 4485 qni
849 4422 933 4486 que-
1027 4412 1059 4464 r
1077 4400 1221 4478 Domine,
1238 4398 1361 4477 exaudi,
1379 4408 1437 4459 etc.

162 4518 249 4573 runt
265 4504 414 4569 animam
428 4520 544 4565 meam.
1027 4520 1060 4576 rr.
1076 4500 1115 4562 Et
1129 4500 1249 4562 clamor
1263 4516 1365 4575 meus,
1381 4506 1438 4557 etc.

206 4608 414 4670 Avertantur
428 4608 601 4665 retrorsum
615 4607 647 4663 et
660 4598 861 4678 erubescant,
877 4598 931 4681 qui
1027 4609 1060 4661 r.
1075 4596 1305 4661 benedicamus
1319 4592 1464 4658 Domino.

162 4707 295 4771 volunt
310 4698 391 4763 mibi
407 4700 502 4762 mala.
574 4707 581 4721 ·
1026 4717 1060 4772 ιι.
1077 4697 1140 4760 Deo
1154 4694 1282 4777 gratias.

207 4808 416 4867 Avertantur
429 4797 537 4860 statim
557 4796 793 4877 erubescentes,
809 4794 865 4878 qui
885 4795 933 4858 di·
1026 4806 1059 4859 r.
1075 4794 1198 4857 Anime
1211 4792 1355 4857 omnium
1371 4786 1528 4868 fidelium,
1544 4800 1603 4853 etc.

162 4910 254 4970 cunt
269 4897 357 4962 mihi
374 4920 382 4959 ι
398 4896 496 4978 Euge,
511 4914 604 4977 euge.

206 4997 390 5065 Exsultent
412 5002 445 5057 et
467 4994 612 5057 letentur
635 4992 668 5055 iu
692 5001 724 5057 te
744 5010 856 5057 omnes
877 4993 932 5075 qui

161 5102 334 5185 quaerunt
361 5101 412 5172 te;
441 5100 473 5155 et
501 5092 621 5172 dicant,
652 5092 783 5173 Semper
813 5091 934 5173 magni·
1027 5091 1106 5168 Ave,
1121 5084 1361 5168 benignissime,
1378 5093 1435 5145 etc.

161 5200 301 5264 licetur
336 5191 502 5269 Dominus,
535 5189 591 5272 qui
625 5188 764 5272 diligunt
796 5190 933 5253 salutare
1028 5200 1061 5252 r.
1077 5186 1204 5268 ddjuva
1217 5202 1280 5261 me,
1296 5193 1353 5244 ete.

161 5308 282 5364 tuum.
1030 5306 1062 5361 rs.
1079 5284 1208 5347 Salvum
1223 5300 1275 5343 me
1289 5279 1352 5360 lac,
1367 5288 1426 5342 etc.

308 5424 344 5477 Τ.
362 5424 402 5475 35.

1164 4978 1166 4983 -
1222 4936 1286 5009 An
1314 4935 1498 5008 Saxrau.
