4309 6259
874 468 1033 515 nxrostrlo
1054 467 1155 514 illuni
1177 468 1186 514 t
1207 466 1343 514 ortatus
1363 466 1450 520 ῚΜΙΒ
1470 467 1590 515 oudin!

722 892 812 1017 IN
870 891 1393 1019 ASCENSIONE
1449 894 1757 1019 DOMINI

1097 1217 1380 1315 HYMNUS

571 1559 602 1621 l.
620 1557 761 1639 Optatus
776 1556 863 1620 votis
882 1556 1033 1620 omniurn
1352 1555 1434 1619 Post
1451 1557 1560 1637 sputa,
1580 1555 1693 1639 flagra,
1714 1558 1790 1638 post
1808 1574 1950 1639 crucem,

549 1655 702 1719 Sacratus
720 1655 833 1719 illuxit
851 1656 934 1733 dies,
1352 1653 1502 1718 Paternae
1521 1654 1592 1718 sedi
1607 1654 1780 1736 Juugitur!

548 1754 621 1827 Quo
636 1753 799 1834 Christus,
816 1753 933 1817 mundi
948 1770 1034 1835 spes
1052 1753 1155 1831 DcuS,

547 1850 746 1915 Conscendit
764 1852 865 1915 coelos
884 1850 1016 1914 arduos
1376 1824 1407 1887 6·
1424 1824 1572 1905 Agamus
1590 1841 1668 1935 ergo
1687 1826 1810 1906 gratias

1352 1922 1482 1986 Nostrae
1500 1922 1619 1985 salutis
1635 1922 1758 2003 ludici,

569 2020 601 2084 2.
618 2019 809 2084 Ascendens
823 2020 858 2083 in
872 2019 977 2082 altum
991 2019 1167 2097 Dominus,
1352 2020 1512 2084 Nostrum
1531 2022 1621 2101 quod
1640 2038 1760 2103 eorpus
1780 2023 1907 2087 vexerit

549 2117 722 2199 Propriam
741 2117 854 2182 sedem
874 2134 1036 2197 remeans,
1353 2117 1537 2183 Sublimem
1555 2117 1597 2182 ad
1614 2119 1689 2183 coeli
1708 2120 1844 2202 regiam.

548 2216 671 2281 Gavisa
689 2216 768 2279 sunt
786 2215 860 2280 coeli
879 2231 980 2297 regna
1451 2286 1457 2299 ι

547 2313 671 2379 Reditu
690 2312 871 2395 Unigenjfi,
1375 2286 1407 2349 7.
1424 2285 1474 2350 sit
1493 2286 1590 2350 nobis
1608 2303 1685 2351 cum
1704 2287 1894 2351 coelestibus

1352 2384 1536 2449 Commune
1555 2402 1692 2450 manens
1710 2385 1882 2467 gaudium,

569 2483 601 2547 3.
622 2482 734 2565 Magni
751 2483 960 2565 triumphum
978 2482 1098 2565 praelii,
1352 2482 1425 2545 nlis
1439 2482 1528 2563 quod
1542 2500 1579 2547 se
1592 2484 1816 2565 praesentavit,

548 2581 663 2647 Mundi
682 2582 855 2663 perempto
875 2582 1035 2663 principe,
1353 2579 1458 2645 Nobis
1473 2579 1563 2661 quod
1580 2599 1616 2645 se
1635 2599 1701 2645 non
1719 2582 1867 2646 abstulit

549 2680 657 2744 Patris
674 2681 879 2762 praesentans
898 2678 1046 2743 vultibus

548 2777 703 2842 Victriois
722 2777 831 2841 carnis
848 2775 1001 2859 gloriam.
1373 2752 1404 2813 8·
1424 2751 1520 2815 N¹ffl⁰
1538 2753 1726 2833 Pf⁰V⁰0³tiS
1744 2753 1872 2818 actibus

1352 2848 1522 2913 Christum
1541 2851 1731 2931 exspectare
1748 2867 1811 2915 nos
1825 2851 1931 2931 decet,

567 2948 599 3011 4.
619 2948 679 3011 list
697 2947 845 3012 elevatus
864 2946 1009 3011 nubibus
1350 2946 1493 3029 vitaque
1511 2948 1571 3011 tali
1588 2948 1700 3013 vivere

545 3048 588 3110 Et
606 3063 700 3128 spem
720 3044 799 3111 iecit
817 3044 1037 3125 credentibus,
1352 3045 1433 3119 Quae
1452 3046 1559 3127 possit
1577 3046 1679 3111 coelos
1697 3046 1865 3113 scandere.

546 3144 708 3226 Aperiens
725 3142 928 3227 paradisum,

549 3242 656 3315 Quem
674 3241 906 3324 Protoplastus
925 3241 1099 3306 clauserat.
1372 3213 1626 3327 92G¹⁰Fi³¹fibh
1646 3214 1801 3327 ὓθῐῐξῑῦθ,

1350 3312 1415 3387 Qui
1435 3312 1567 3375 scandis
1584 3330 1684 3394 supra
1702 3312 1823 3394 sidera,

565 3412 596 3475 5.
613 3410 779 3493 Ogrande
793 3410 920 3475 eunctis
934 3410 1106 3493 gaudium,
1348 3410 1434 3474 Cum
1452 3410 1550 3474 Patre
1569 3412 1601 3474 et
1619 3410 1739 3474 Sancto
1758 3410 1898 3493 Spiritu,

546 3507 644 3583 Quod
661 3510 777 3591 partus
794 3508 916 3572 nostrae
935 3507 1096 3589 Virginis,
1349 3508 1388 3571 In
1406 3508 1608 3596 sempiterna
1626 3509 1759 3573 saecula.
1779 3509 1899 3575 Amen.

965 3852 1277 3940 EXPOSITIO
1309 3853 1503 3940 fllnnl

498 4164 699 4230 &inauruli
713 4164 747 4229 in
763 4183 800 4230 eo
815 4164 952 4248 gloriosa
966 4161 1082 4227 Christi
1097 4163 1246 4227 ascen-A
1301 4168 1438 4240 optatos
1458 4166 1540 4226 votis
1559 4168 1705 4228 omnium
1727 4178 1876 4230 corrotus
1893 4172 2012 4235 illuxit
2079 4180 2091 4236 i

459 4266 519 4345 sio,
550 4283 613 4347 qua
642 4282 738 4346 super
765 4281 875 4327 omues
908 4262 1006 4325 ooelos
1039 4261 1204 4339 exaltatus,
1260 4262 1342 4331 dies,
1357 4260 1389 4323 id
1405 4269 1463 4339 est,
1481 4284 1499 4321 u
1515 4261 1583 4324 dies
1599 4284 1617 4322 r
1633 4262 1693 4326 iste
1708 4265 1907 4330 ascensionis
1921 4268 2011 4331 Chri-

458 4363 549 4427 sedot
580 4362 619 4424 ed
652 4361 812 4423 dexteram
846 4358 958 4437 Patris,
987 4358 1205 4440 angelicorum
1260 4357 1313 4436 sti,
1336 4360 1597 4423 rememorativae
1619 4369 1651 4423 et
1675 4362 1887 4428 celebrativus
1907 4365 2007 4446 illius,

456 4478 584 4545 quoque
600 4458 769 4542 spirituum
789 4458 971 4521 veneranda
989 4456 1155 4520 exsultatio
1174 4464 1206 4520 et
1261 4478 1277 4515 u
1301 4464 1441 4520 sacratus
1466 4480 1495 4536 n,
1520 4457 1552 4520 id
1576 4466 1624 4521 est
1648 4479 1736 4523 sacra
1760 4461 1874 4525 Christi
1900 4482 2012 4529 asceu-

456 4558 589 4623 humilis
617 4557 656 4620 ad
685 4556 844 4621 Christum
874 4555 942 4619 laus
971 4550 1204 4637 {regratiarum
1260 4554 1349 4619 sione
1372 4555 1556 4634 honoratus,
1573 4565 1605 4620 et
1627 4558 1795 4639 deputatus
1817 4578 2011 4627 commemo·

456 4658 550 4724 actio.
1260 4652 1373 4716 rationi
1402 4672 1440 4717 ac
1469 4655 1666 4718 venerationi
1696 4656 1809 4738 ipsius,
1835 4681 1853 4719 a
1883 4669 2009 4745 optatus

495 4751 1112 4821 nuewremditurnmbrosiusuarmen
1126 4752 1206 4815 iam·
1259 4751 1342 4815 votis
1368 4752 1512 4815 omnium
1534 4774 1564 4832 n,
1589 4752 1620 4816 id
1646 4761 1694 4816 est
1719 4755 1919 4822 desideratus
1944 4760 2009 4842 piis

456 4854 563 4919 hicum
579 4853 761 4917 dimetrum.
1259 4849 1429 4913 aflectibus
1458 4859 1644 4914 cunctorum
1672 4852 1832 4935 fidolium,
1863 4857 1919 4939 qui
1947 4857 2008 4922 hoc

1259 4949 1310 5011 die
1335 4949 1514 5013 eminenter
1536 4950 1675 5031 gaudent
1702 4952 1736 5013 in
1760 4952 1907 5034 Domino,
1933 4975 2009 5020 eou-

495 5048 521 5114 N
540 5050 601 5115 hoe
619 5046 855 5131 jucundissimo
875 5044 967 5126 testo,
984 5047 1121 5129 hymnus
1144 5045 1204 5108 iste
1258 5048 1452 5129 templautur
1473 5067 1622 5131 supema‚
1638 5058 1733 5130 atque
1754 5052 1794 5115 ad
1815 5052 1931 5117 Christi
1953 5054 2009 5118 ad-

510 5148 668 5231 spirituali
692 5145 890 5228 jucunditate
917 5146 1105 5223 exuberans,
1132 5164 1205 5209 oum
1260 5146 1382 5226 spirant
1409 5147 1622 5228 praeentiam,
1647 5148 1703 5230 qui
1727 5148 1788 5213 hoc
1816 5150 1869 5215 die
1897 5172 2008 5217 esecu-

456 5248 582 5317 intema
597 5244 707 5310 laetitia
720 5252 769 5308 est
783 5244 969 5308 cantandus.
1259 5243 1365 5307 dendo
1388 5263 1424 5307 ae
1440 5245 1603 5309 redeundo
1622 5246 1662 5309 ad
1681 5245 1815 5328 Patrem,
1833 5250 2008 5334 complevit
