4309 6259
417 516 634 565 enarmonio
655 518 692 564 ar
713 516 876 564 nromrara
896 518 1012 576 namn,
1035 519 1123 566 arnan
1144 518 1183 565 vv.
1207 537 1246 549 -
1266 518 1336 565 ιιι.
1360 518 1393 576 ιι,
1416 516 1450 564 ιιι
1645 490 1704 558 ὕ67

197 684 414 767 Enimvero,si
429 685 571 750 Christus
585 687 701 750 ceteris
714 686 946 768 quibusdamh
999 687 1107 768 ltaque
1135 688 1168 750 in
1197 688 1279 753 lihro
1306 690 1345 752 dc
1373 687 1495 751 Divinis
1522 682 1706 748 nominihus
1720 709 1810 753 aare.

158 783 347 847 Sanctorum
381 786 491 848 mortis
524 786 636 849 horam
663 786 905 868 prenuntiasse,
960 784 1160 848 Timotheum
1184 804 1274 849 orsus
1295 786 1388 850 affari
1411 811 1418 849 ε
1439 784 1513 863 Nos,
1536 780 1651 863 inquit,
1671 787 1706 841 ut
1732 794 1845 838 nnuma

158 882 210 943 vel
226 882 402 965 inproprie
423 901 560 964 persona
581 884 614 945 in
636 884 723 946 exitu
744 882 908 967 apparuis-
961 883 1055 960 nosti,
1073 885 1199 966 etipse,
1216 894 1247 947 et
1267 885 1357 947 multi
1381 892 1562 947 sanctornm
1584 887 1706 943 nostro-
1718 856 1854 964 ffiffi*

159 998 205 1057 se,
222 980 273 1042 vel
294 988 379 1044 certe
392 1001 412 1044 a
425 982 609 1045 coefestihns
623 982 777 1063 quosdam
799 981 832 1043 in
854 1000 908 1043 an·
961 1000 1032 1044 rum
1048 982 1192 1061 fratrum,
1209 982 1417 1046 convenimus
1436 983 1474 1044 ad
1494 980 1706 1043 visitationem

158 1077 275 1139 xilium
300 1078 613 1161 consolationemque
633 1079 820 1158 destinasse,
842 1098 909 1141 cer·
962 1080 1105 1162 corporis
1120 1080 1191 1143 vitae
1204 1080 1358 1162 principis
1373 1088 1405 1143 et
1422 1080 1505 1160 qnod
1520 1079 1619 1141 Deum
1641 1094 1709 1137 sus·

160 1176 284 1238 tissime
306 1177 455 1257 creditur,
471 1186 504 1241 et
521 1178 650 1241 eosdem
669 1197 742 1241 cum
766 1177 908 1259 jucundo
963 1179 1069 1261 cepit,
1090 1180 1199 1243 aderat
1219 1188 1324 1242 autem
1346 1186 1378 1241 et
1397 1177 1495 1241 frater
1515 1174 1639 1241 Domini
1661 1173 1710 1236 Ja-

160 1292 315 1353 processu
349 1276 388 1337 ad
424 1275 567 1339 coelestia
600 1295 698 1357 regna
732 1275 909 1339 traduxisse
964 1278 1073 1357 cobus,
1090 1284 1122 1341 et
1139 1277 1248 1339 Petrus
1273 1295 1397 1339 summa
1419 1283 1450 1339 et
1471 1271 1711 1359 provectissima

158 1372 368 1453 agnoscitur:
384 1380 504 1455 quanto
529 1374 631 1456 magis
649 1392 723 1436 cum
748 1373 911 1454 incompa-
963 1374 1183 1457 theologorum
1209 1375 1385 1439 summitas.
1402 1375 1512 1438 Postea
1536 1372 1639 1436 visum
1664 1377 1712 1433 est

159 1468 254 1532 rabili
267 1470 440 1533 eminentia
450 1470 538 1533 lintri
553 1489 618 1533 suas
632 1470 805 1533 carissime
816 1477 910 1550 atque
964 1482 1037 1556 post
1049 1473 1219 1553 visionem,
1238 1480 1272 1535 ut
1287 1472 1429 1537 universi
1451 1472 1625 1535 hierarcha
1647 1468 1714 1531 lau·

158 1566 358 1649 dignissimae
386 1588 424 1631 ea
446 1587 517 1649 quae
544 1588 631 1631 nunc
658 1576 741 1630 tacta
769 1575 855 1645 sunt,
879 1573 912 1629 et
964 1573 1087 1651 darent,
1104 1572 1187 1634 sicut
1201 1570 1421 1653 unusquisque
1442 1579 1511 1633 erat
1531 1567 1711 1645 sufficiens,

159 1665 255 1747 plura
275 1684 402 1747 quoqne
423 1666 555 1747 majora,
571 1666 764 1748 impendisse
779 1684 912 1727 censen·
966 1668 1102 1731 infinite
1117 1668 1244 1731 virtutis
1260 1669 1433 1731 honitatem
1452 1666 1643 1730 thearchicae
1664 1664 1713 1725 in-

158 1764 220 1825 dus
234 1766 304 1826 estl
315 1762 454 1825 Plurima
467 1782 583 1845 nempe
597 1765 637 1826 de
652 1764 800 1846 praesenti
814 1771 911 1825 mate
965 1766 1138 1829 firmitatis.
1155 1766 1249 1831 Porro
1268 1766 1328 1829 alia
1347 1766 1510 1829 translatio
1530 1765 1616 1827 hunc
1641 1781 1713 1825 sen-

159 1862 207 1925 ria
227 1862 311 1925 mira
330 1870 361 1924 et
378 1862 513 1943 pulchra
537 1862 716 1943 conscripta
740 1870 825 1938 sunt,
841 1868 949 1943 quaeB
966 1882 1035 1926 snm
1064 1864 1110 1927 sic
1138 1864 1371 1946 complectitur.
1398 1862 1517 1944 Nempe
1545 1859 1711 1924 Timotheo

159 1960 236 2042 quia
251 1959 329 2024 alihi
345 1959 450 2023 lucide
465 1961 540 2023 satis
559 1961 725 2040 hahentur,
742 1960 836 2023 modo
857 1961 911 2023 dc·
965 1961 1098 2041 loquens
1116 1984 1122 2022 :
1139 1961 1213 2042 Nos,
1235 1961 1290 2040 ait,
1306 1968 1340 2022 ut
1363 1960 1547 2037 aestimatur,
1563 1966 1595 2021 et
1617 1966 1663 2035 tu,
1680 1964 1712 2019 et
1739 1977 1853 2023 emmae

161 2059 373 2139 relinquenda
387 2058 739 2142 putavi.Verumtamen
751 2059 812 2123 hoe
826 2077 911 2141 pror·
965 2058 1057 2120 multi
1074 2066 1255 2121 sanctorum
1270 2066 1450 2120 nostrorum
1465 2054 1610 2133 fratrum,
1618 2054 1650 2116 in
1666 2054 1713 2115 vi·
1725 2040 1868 2085 ΝΜ

160 2176 215 2219 sus
231 2165 356 2219 certum
370 2157 496 2239 opinor,
511 2157 662 2239 quoniam
676 2157 805 2219 unicam
820 2176 910 2219 suam
966 2158 1090 2219 sionem
1120 2156 1217 2218 vitam
1245 2155 1425 2219 inchoantis
1449 2161 1482 2217 et
1506 2154 1604 2216 Deum
1633 2152 1714 2216 reci-

160 2256 423 2336 singularemque
443 2273 592 2338 sponsam
608 2274 645 2318 ac
660 2254 910 2317 amantissimam
967 2254 1084 2338 pientis
1100 2254 1241 2337 corporis
1256 2252 1597 2327 convenimus3aderat
1607 2259 1712 2314 autem

159 2354 305 2431 Matrem,
332 2354 472 2417 coelestis
496 2371 632 2435 sponsus
656 2353 844 2416 dulcissimo
872 2353 911 2415 ad
966 2361 998 2416 et
1016 2352 1070 2415 Dei
1091 2351 1189 2414 frater
1209 2352 1356 2430 Jacohus,
1372 2359 1403 2413 et
1426 2350 1535 2414 Petrus
1556 2357 1662 2412 vertex
1683 2357 1715 2411 et

51 2473 99 2515 τι..
125 2488 146 2524 ι,
160 2471 194 2514 se
209 2452 359 2515 evocavit
372 2460 405 2515 et
418 2453 493 2514 itam
509 2451 656 2515 invitavit
669 2451 910 2532 elogio:Snrge,
966 2449 1244 2516 honorabilissima
1279 2448 1497 2530 theologorum
1536 2446 1712 2508 summitas.

50 2549 61 2572 “·
87 2569 93 2579 ·
160 2548 325 2630 inquiens,
353 2568 499 2631 propera,
524 2548 628 2611 amica
654 2568 736 2626 mea,
764 2549 913 2612 columha
967 2549 1087 2611 Deinde
1100 2547 1220 2629 placuit
1233 2555 1304 2629 post
1319 2546 1475 2609 visionem
1492 2546 1619 2607 laudare
1634 2563 1714 2606 sum·

160 2666 244 2725 mea,
273 2647 413 2710 formosa
436 2666 519 2726 mea,
544 2646 746 2709 immaculata
773 2666 856 2725 mea,
881 2656 913 2709 et
967 2665 1036 2711 mos
1069 2646 1249 2709 sacerdotes
1282 2644 1375 2707 simul
1404 2662 1526 2723 omnes,
1554 2642 1714 2723 quomodo

160 2745 248 2823 veni,
270 2753 395 2807 aeternae
417 2744 624 2807 beatitudinis
647 2744 787 2827 palmam
811 2753 845 2807 ct
866 2746 914 2807 in·
967 2745 1187 2825 unnsquisque
1201 2751 1268 2806 erat
1287 2743 1431 2819 idoneus,
1448 2740 1583 2803 multum
1605 2747 1715 2821 poten·

160 2843 328 2907 ccssahilis
361 2842 472 2925 gloriae
504 2843 656 2924 adeptura
689 2843 911 2923 triumphum;
967 2842 1219 2905 temhonitatem
1235 2840 1352 2903 divine
1368 2838 1565 2901 infirmitatis
1583 2862 1589 2900 :
1607 2837 1712 2917 idest,

159 2944 226 3025 jam
242 2942 332 3005 enim
347 2941 450 3005 hiems
471 2940 684 3005 tribulationis
703 2942 838 3021 transiit,
855 2942 913 3004 im·
967 2940 1089 3022 placuit
1102 2948 1138 3002 ut
1152 2938 1289 3017 Mariam,
1297 2957 1336 3000 ex
1350 2956 1384 3001 se
1398 2936 1525 3018 qmdem
1540 2934 1712 3013 infirmam,

161 3041 218 3103 her
241 3039 306 3121 piae
329 3038 560 3120 compassionis
589 3037 791 3100 lacrimarum
820 3038 910 3117 abiit,
932 3038 1005 3102 Ger
1023 3038 1087 3101 Deo
1107 3046 1212 3100 autem
1238 3036 1373 3098 multum
1395 3042 1567 3117 potentem,
1584 3034 1716 3113 Aposto-

159 3138 262 3201 flores
277 3144 492 3220 apparuerunt
506 3137 538 3198 in
553 3145 639 3199 terra
653 3144 770 3216 nostra,
787 3145 912 3219 tempus
968 3137 1071 3198 lorum
1088 3135 1217 3218 singuli,
1235 3142 1329 3217 prout
1342 3134 1478 3215 quisque
1493 3130 1633 3209 suffecit,
1650 3130 1715 3191 iau-

160 3236 337 3318 putationis
355 3235 495 3299 advenit.
510 3235 576 3299 Pras
594 3253 777 3297 sermonum
797 3235 911 3298 horum
968 3235 1082 3297 darent
1099 3258 1105 3295 :
1123 3234 1207 3315 quod
1230 3243 1261 3296 et
1283 3232 1392 3297 fiebat.

158 3334 345 3410 dulcedine,
371 3342 404 3395 et
431 3352 495 3415 prat
522 3332 789 3395 excellentissima
817 3332 913 3395 coele-

160 3433 261 3495 stium
282 3430 562 3512 contemplatione,
578 3430 768 3493 suavissima
786 3448 912 3512 separa·

159 3531 248 3593 tione
278 3528 386 3591 anima
414 3528 469 3590 illa
499 3527 700 3591 sanctissima
730 3546 749 3590 a
778 3546 911 3609 corpore
1175 3503 1419 3569 ARTICULUS
1441 3502 1502 3565 ΠῙ·

161 3628 311 3710 sejuncta
331 3634 389 3689 θεῖ·
965 3658 1013 3717 De
1037 3655 1222 3714 rationibus
1245 3652 1354 3729 fidelis
1376 3651 1569 3725 Augustini,
1596 3649 1714 3727 quibus

1005 3743 1150 3805 Mariam
1170 3762 1244 3801 cum
1265 3758 1398 3815 corpore
1413 3740 1488 3815 jam
1512 3745 1712 3813 assumptam

1005 3836 1189 3909 confirmat.

377 3897 622 3963 ARTIGULUS
645 3898 690 3961 ΙΙ.

160 4052 208 4109 De
223 4047 410 4107 testimonio
423 4048 537 4122 magni
555 4055 653 4124 atque
666 4046 777 4105 divini
791 4046 912 4122 Diony·
968 4013 1188 4213 OUATUOR
1204 4023 1309 4079 antem
1330 4013 1503 4077 lfllffidfflil
1516 4013 1711 4095 Augustinus

200 4139 258 4207 aa,
283 4138 372 4214 quoe
393 4137 462 4210 ipse
484 4138 524 4194 ae
549 4136 747 4195 comatam
774 4136 912 4194 arctoam
1052 4112 1338 4194 rationes‚quibus
1361 4110 1586 4174 christorum
1611 4110 1713 4191 virgi-

210 4225 358 4301 Virpinis
378 4232 513 4283 testatus
532 4232 588 4283 est.
927 4212 1040 4276 Dnem
1055 4213 1184 4275 hfatrem
1205 4218 1312 4273 mente
1334 4217 1366 4271 et
1386 4228 1482 4271 carne
1496 4208 1618 4271 unitam
1638 4227 1713 4272 con-

966 4310 1243 4394 glorificatamque
1258 4308 1402 4371 asseruit.
1416 4307 1453 4370 Et
1467 4307 1594 4389 quidem
1611 4306 1714 4389 prima

233 4406 484 4471 hiAh'TlSSIthS
498 4415 531 4469 et
544 4407 812 4490 profundissimus
825 4407 912 4470 Pauli
966 4430 1005 4473 er
1033 4407 1175 4490 perfecta
1200 4407 1270 4487 ejus
1294 4406 1475 4486 integritate
1500 4406 1637 4467 elicitur.
1662 4406 1714 4468 Ait

248 4506 438 4588 discipulus,
468 4524 558 4568 sacer
585 4505 765 4587 Dionysius,
795 4514 914 4587 martyr
966 4507 1115 4587 equidem
1146 4528 1152 4565 :
1183 4504 1215 4565 Si
1244 4503 1345 4566 voluit
1372 4503 1523 4565 Dominus
1557 4503 1713 4582 integram

162 4602 442 4668 victoriosissimus
452 4610 485 4665 et
495 4602 713 4683 theologorum
725 4603 911 4683 altissimus,
967 4604 1094 4666 llatrem
1123 4600 1316 4682 virginitatis
1344 4618 1471 4662 servare
1500 4599 1632 4681 pudore,
1657 4618 1715 4661 cur

163 4702 377 4765 immaculatae
404 4709 499 4781 atque
528 4700 736 4763 sanctissimas
759 4701 911 4782 Virginis,
967 4721 1031 4764 non
1061 4700 1139 4763 velit
1163 4700 1380 4780 incorruptam
1404 4718 1422 4759 a
1451 4695 1629 4778 putredinis
1654 4715 1715 4757 ser·

163 4800 315 4884 perfectae
337 4799 439 4861 hlariae
463 4818 497 4860 se
521 4799 706 4861 interfuisse
729 4799 913 4863 dormitioni
968 4819 1043 4863 vare
1068 4799 1202 4862 foetoref
1218 4797 1255 4859 Et
1279 4816 1388 4859 revere
1410 4815 1483 4858 caro
1505 4795 1559 4857 illa
1581 4795 1716 4857 serenis-

164 4906 361 4975 eontestans‚
391 4897 558 4978 Apostolos
585 4906 617 4959 et
645 4897 762 4961 multos
788 4916 914 4978 qnoque
969 4898 1061 4978 sima,
1077 4916 1147 4978 quae
1166 4915 1225 4959 nec
1247 4903 1320 4957 ante
1343 4902 1467 4976 partum
1488 4900 1537 4955 cst
1557 4900 1714 4970 contacta,

163 4997 395 5079 discipulomm
410 4995 514 5058 eidem
529 4995 669 5058 adfuisse
684 4996 914 5059 edocuitUnde
968 5016 1029 5059 nec
1059 4995 1091 5057 in
1120 5002 1213 5077 partu
1242 4994 1326 5072 lesa,
1356 5010 1459 5073 neque
1487 4990 1616 5053 demum
1645 4997 1717 5073 post

165 5102 298 5178 propter
311 5092 485 5155 testimonii
500 5092 570 5172 ejus
583 5092 802 5155 excellentiam
819 5093 915 5155 verha
969 5102 1094 5175 partum
1110 5092 1227 5155 violata
1241 5114 1249 5169 ;
1265 5108 1322 5173 per
1336 5108 1430 5170 quam
1445 5090 1577 5171 insuper
1590 5087 1717 5149 univer·

167 5192 273 5275 ipsius
294 5190 469 5253 secundum
490 5190 652 5270 duplicem
675 5191 914 5255 translationem
970 5209 1005 5252 sa
1028 5197 1093 5251 tam
1119 5189 1261 5251 coelestia
1285 5205 1380 5269 quam
1402 5195 1524 5249 terrena
1544 5186 1621 5249 oiim
1642 5202 1717 5247 con-

168 5290 323 5353 indueere
344 5286 473 5368 placuit.
969 5288 1081 5365 fracta,
1099 5286 1309 5367 redintegrata
1323 5284 1389 5366 jam
1405 5293 1478 5347 sunt
1490 5308 1497 5347 :
1510 5302 1585 5366 quo,
1597 5300 1715 5365 queso,
