4309 6259
310 1167 344 1209 20.

456 482 517 548 532
710 500 750 547 on
771 499 928 548 rneoomo
949 499 987 545 rr
1006 498 1171 546 nrcnrmrr.
1191 499 1307 557 ulain,
1330 498 1418 546 niano
1438 500 1470 545 n.
1493 518 1534 538 -«
1554 498 1625 545 aar.
1647 498 1744 547 xxvm

457 682 615 751 tanquam
628 690 649 731 a
662 672 799 732 fflmini
815 672 960 748 Spiritu.
976 668 1010 733 ld
1032 668 1136 747 tibi‚o
1157 669 1205 733 di·
1218 668 1244 732 Α
1259 670 1317 732 bus
1342 668 1474 733 affecitl
1490 670 1598 746 Tanta,
1620 686 1639 731 ο
1660 667 1756 751 Virgo
1779 668 1907 750 optima,
1925 689 1980 732 sne

457 769 531 832 vine
546 768 695 850 Apostole
709 788 826 850 vasque
846 768 1024 848 electionis,
1040 768 1204 850 aptissime
1257 766 1389 829 vissime
1402 768 1507 847 Maris,
1520 768 1652 830 interne
1666 768 1774 849 gretie
1788 775 1850 829 tue
1863 768 1895 829 in
1908 768 1981 831 voltu

458 864 577 949 profari
592 866 807 944 incumbebat,
820 865 875 947 qui
891 866 970 927 alias
985 883 1111 947 quoque
1129 882 1203 927 vere
1258 872 1289 928 et
1311 873 1401 947 gestu
1425 865 1611 948 splendebat
1634 865 1822 943 remeantia,
1839 874 1935 927 tentus
1955 866 1980 927 in

328 972 429 1029 Philipp.
457 962 561 1026 fessus
585 982 620 1025 es
641 962 781 1027 :Nostra
805 964 981 1045 (inquiens)
1005 963 1204 1027 conversatio
1257 965 1355 1027 verbo
1370 964 1521 1045 omnique
1534 972 1608 1026 actu
1622 962 1786 1046 sapientie
1806 972 1866 1027 tue
1883 964 1981 1027 candor

310 1038 402 1144 Ἐξ),
420 1110 444 1148 „
458 1060 493 1123 in
507 1061 597 1124 coelis
616 1069 685 1138 est;
702 1069 734 1124 ct
755 1081 885 1124 rursus:
901 1061 983 1125 Vivo
1003 1070 1122 1140 autem,
1137 1060 1203 1143 jam
1257 1060 1400 1140 emicuit,
1408 1060 1453 1123 sic
1464 1061 1594 1123 demum
1608 1059 1745 1123 exterius
1759 1060 1889 1123 interior
1901 1061 1982 1122 virtus

457 1178 522 1222 non
537 1178 607 1241 ego,
623 1159 704 1221 vivit
722 1178 797 1223 vero
817 1160 850 1221 in
871 1178 923 1221 me
941 1158 1094 1222 Christus.
1111 1158 1205 1221 Deni-
1257 1166 1310 1221 tua
1326 1157 1481 1241 processit
1494 1167 1588 1239 atque
1604 1158 1812 1239 resplenduit,
1827 1166 1861 1220 ut
1874 1179 1909 1221 ex
1927 1158 1981 1240 ipso

456 1275 599 1339 que‚quo
613 1275 669 1320 cor
682 1264 808 1334 tumn,o
823 1257 1056 1338 supercoelestis
1070 1256 1201 1338 Regina,
1257 1263 1311 1320 tuo
1326 1256 1527 1335 contuitu‚ex
1541 1274 1723 1319 sermonum
1738 1264 1864 1319 tuorum
1878 1257 1980 1331 auditu,

456 1356 559 1418 dulcis
573 1354 722 1436 mitisque
736 1355 842 1436 llaria,
857 1355 923 1436 jam
939 1374 1012 1417 cum
1031 1355 1204 1418 aseenden—
1257 1374 1295 1417 ex
1320 1354 1416 1417 totius
1439 1372 1565 1436 quoque
1589 1354 1662 1417 vite
1688 1360 1750 1417 tue
1774 1354 1981 1436 contemplato,

455 1462 487 1516 te
511 1454 591 1517 titio
618 1453 839 1516 vehementius
863 1453 1057 1534 conscendit,
1082 1454 1203 1535 quoin
1257 1452 1437 1515 christiane
1455 1451 1533 1514 fidei
1557 1452 1721 1515 evidenter
1738 1452 1856 1515 veritas
1881 1460 1909 1515 te
1929 1472 1984 1515 cer·

454 1549 512 1613 illo
533 1549 730 1613 immobilius
749 1550 850 1612 fixum
875 1549 979 1613 fuerat
1002 1550 1201 1631 ampliusque
1257 1549 1406 1613 uentibus
1428 1558 1559 1632 pataret.

454 1647 596 1726 ardebat,
608 1666 646 1711 ao
661 1647 860 1711 conversatio
875 1655 929 1710 tue
942 1647 1047 1729 potius
1062 1647 1096 1708 in
1112 1647 1202 1710 coelis
1295 1647 1451 1730 Amplius,
1467 1666 1566 1728 quum
1581 1647 1721 1730 patiente
1735 1647 1815 1711 Filio
1829 1648 1896 1731 ipsa
1909 1648 1985 1711 vehe

454 1745 584 1809 exstitit.
610 1744 697 1821 Quod
722 1746 748 1809 si
778 1745 1014 1828 benignissime
1038 1744 1202 1808 Diviniteti
1255 1746 1453 1809 mentissime
1467 1764 1634 1827 compassa
1646 1744 1932 1829 fuerit,glorificato
1941 1766 1983 1827 eo,

454 1843 486 1906 id
508 1843 595 1905 velut
618 1843 934 1907 consuetudinarium
958 1844 1018 1906 rite
1041 1852 1199 1921 censetur,
1217 1846 1240 1909 B
1256 1844 1358 1926 ipsius
1385 1862 1510 1926 quoque
1534 1843 1669 1926 gloriam
1693 1844 1922 1925 quodammodo
1944 1844 1987 1905 in-

452 1949 488 2003 nt
501 1939 615 2005 fideles
629 1941 833 2023 fervidosque
847 1941 896 2004 sui
915 1942 1053 2019 cultores
1072 1942 1202 2024 spiritu·
1255 1942 1363 2005 choari
1381 1961 1440 2025 par
1458 1950 1546 2019 erat,
1561 1941 1690 2025 jamque
1717 1942 1865 2005 universa
1889 1942 1985 2005 mundi

452 2039 556 2101 alibus
572 2039 701 2102 interim
716 2039 987 2103 consolationibus
1007 2047 1139 2117 recreet,
1155 2049 1201 2103 at=
1255 2040 1352 2121 hujus
1387 2039 1457 2121 ipsa
1490 2059 1705 2123 supergressa,
1735 2049 1823 2103 extra
1849 2040 1986 2103 dilectiun

452 2155 514 2218 qne
537 2136 717 2200 futurorum
742 2146 774 2201 et
797 2138 874 2201 item
900 2137 1082 2202 divinorum
1108 2138 1200 2201 vicis-
1255 2138 1449 2220 unicumque
1464 2139 1579 2201 Filium
1595 2139 1640 2201 nil
1655 2138 1839 2217 amavit,nil
1853 2138 1986 2217 intendit,

452 2235 512 2297 sim
546 2236 815 2317 contemplatione
850 2244 1005 2300 sustentet
1040 2258 1048 2297 :
1082 2245 1201 2318 quanto
1256 2235 1302 2298 nil
1327 2236 1466 2299 admisit.
1483 2236 1551 2299 Non
1576 2236 1678 2300 defuit
1700 2237 1789 2301 histri
1813 2237 1868 2301 Dei
1888 2237 1988 2319 Unige

452 2332 566 2414 magis,
582 2332 862 2413 affectuosissima,
879 2342 965 2397 tuem
980 2334 1131 2412 animam,
1148 2334 1200 2397 cui
1255 2335 1363 2413 nitus3
1385 2334 1554 2416 ipsumque
1580 2354 1673 2397 suum
1693 2334 1988 2399 venerandissimum

451 2438 537 2493 totns
556 2430 622 2511 jem
649 2432 787 2494 mundus
807 2432 909 2510 viluit,
927 2432 978 2494 cui
997 2440 1084 2494 extra
1102 2432 1201 2495 Deum
1255 2431 1422 2514 templum,
1452 2433 1706 2496 amentissimum
1734 2453 1772 2497 ac
1799 2434 1989 2516 preelectum

453 2528 499 2591 nil
514 2530 669 2611 sapiebat,
682 2529 861 2593 delectabat
874 2530 967 2610 nihil,
980 2550 1049 2612 qne
1065 2531 1203 2594 incessa—
1256 2531 1441 2611 sacrarium,
1457 2539 1489 2594 et
1502 2539 1627 2595 eterne
1646 2532 1809 2595 Trinitatis
1829 2534 1991 2615 preclarie

455 2628 562 2691 biliter
576 2629 759 2691 coelestibus
774 2629 928 2707 inhiabat,
944 2628 984 2692 ad
998 2628 1113 2692 Filium
1135 2650 1204 2693 sus·
1256 2630 1372 2692 simum
1387 2629 1574 2710 triclinium,
1587 2629 1723 2712 Spiritus
1737 2630 1870 2693 Sanctus
1884 2632 1991 2693 indesi-

452 2725 588 2808 pirabat,
610 2726 807 2789 suavissimis
831 2727 959 2789 interim
984 2727 1205 2810 contemplati·
1256 2734 1369 2791 nenter
1387 2727 1575 2790 inhabitavit
1593 2737 1686 2810 atque
1705 2729 1857 2810 possedit,
1873 2729 1993 2792 irradia·
2112 2750 2113 2767 ¹

452 2822 569 2886 onibus
592 2823 685 2904 fovit,
711 2824 974 2888 illustrationibus
999 2825 1201 2905 confortavit,
1256 2826 1314 2905 vit,
1331 2825 1471 2907 itemque
1487 2825 1643 2907 implevit,
1660 2825 1849 2907 letificavit,
1864 2828 1993 2891 custodi·

455 2929 549 3003 atque
575 2922 779 3004 preambulis
806 2922 997 3004 quibusdam
1025 2924 1203 2987 dulcedini·
1257 2923 1314 3002 vit,
1330 2923 1440 2987 erexit.
