4309 6259
441 489 480 555 36
845 501 1002 550 axsosmo
1022 499 1121 548 nrum
1144 499 1152 545 ε
1174 499 1260 558 anni,
1281 498 1413 546 amisus
1433 498 1582 547 common

306 691 424 741 raanan.
439 691 505 738 non
528 670 724 735 abstinentes
747 693 755 734 ι
777 670 859 735 Εθθθ
881 669 1055 753 (inquiens)
1077 668 1112 731 in
1133 667 1185 731 die
1198 670 1224 731 A
1237 667 1364 732 aeternis
1384 668 1553 749 Personis),
1577 678 1615 731 ut
1636 672 1809 747 fructuosa
1829 670 1897 732 sint
1918 672 1986 731 tais

439 769 556 853 jejunii
581 768 679 833 vestri
708 768 871 833 invenitur
897 770 1043 833 voluntas
1067 776 1182 831 vestra.
1230 767 1443 845 jejuniorum
1456 788 1608 838 munera,
1623 766 1684 831 boe
1699 776 1758 846 est,
1773 785 1870 850 opera
1884 774 1916 830 et
1930 768 1985 830 ob

439 869 601 950 Jejunium
618 869 733 933 multos
754 870 905 932 salutares
925 867 1020 930 babet
1034 865 1183 943 effeetus,
1239 864 1433 929 servationes
1449 887 1465 925 u
1479 865 1675 948 jejuniorum
1692 888 1721 944 a,
1737 884 1807 948 qnae
1821 865 1915 929 nobis
1930 866 1983 948 pie

440 968 479 1031 de
504 968 619 1049 quibus
643 966 755 1031 asserit
777 966 971 1049 Augustinus
994 990 1001 1027 :
1022 963 1184 1046 Jejunium
1238 962 1424 1027 concessisti
1446 983 1483 1027 ae
1505 962 1685 1046 providisti,
1700 963 1852 1045 quoniam
1873 964 1981 1027 omnia

440 1074 554 1149 purgat
567 1075 717 1146 mentem,
734 1066 879 1129 sublevat
898 1084 1038 1141 sensum,
1055 1080 1183 1125 earnem
1238 1060 1351 1124 merita
1374 1069 1482 1125 nostra
1504 1069 1579 1123 sunt
1601 1061 1685 1125 dona
1712 1069 1767 1123 tna
1791 1069 1823 1124 et
1846 1060 1982 1125 effeetus

440 1163 547 1227 subdit
579 1165 717 1247 spiritui,
748 1162 1015 1247 concupiscentiae
1051 1159 1184 1223 nebulas
1238 1159 1347 1242 gratiae
1361 1167 1433 1238 tuae,
1449 1179 1486 1222 ao
1508 1159 1729 1242 principaliter
1742 1158 1827 1222 liunt
1841 1159 1874 1222 in
1890 1159 1983 1223 nobis
2122 1229 2123 1252 ,

439 1263 583 1346 dissipat,
600 1263 770 1326 libidinum
786 1262 914 1326 ardores
933 1258 1116 1341 exstinguit,
1133 1276 1185 1320 ca·
1238 1278 1257 1320 a
1280 1266 1322 1336 te,
1349 1257 1401 1320 eui
1425 1266 1552 1321 sanetus
1576 1257 1716 1339 loquitur
1737 1258 1844 1335 lsaias,
1870 1258 2108 1334 Omnie1„1m,12

439 1362 554 1425 stitatis
569 1362 677 1423 lumen
692 1361 857 1439 accendit3
873 1360 933 1423 hoe
949 1366 1007 1437 est,
1023 1356 1183 1440 jejunium
1238 1374 1335 1438 opera
1358 1365 1466 1419 nostra
1488 1364 1635 1438 operatus
1659 1375 1693 1418 es
1717 1355 1750 1417 in
1772 1356 1865 1420 nobis
1884 1357 1982 1437 (unde

292 1482 424 1533 amma.
440 1479 512 1523 cum
535 1458 727 1523 discretione
750 1458 939 1536 exhibitum,
961 1455 1111 1539 qnoniam
1137 1473 1184 1515 ra·
1238 1455 1318 1517 dixit
1330 1455 1499 1538 Apostolus
1517 1478 1524 1516 :
1540 1456 1622 1517 Deus
1637 1462 1685 1517 est
1705 1454 1760 1536 qui
1780 1463 1930 1538 operatur
1948 1456 1982 1517 in
1996 1480 2109 1535 earum

439 1556 590 1620 tionabile
603 1556 698 1619 debet
712 1574 781 1619 esse
796 1554 983 1637 obsequium
999 1558 1154 1615 nostrum.
1238 1552 1331 1616 nobis
1345 1554 1428 1616 velle
1442 1561 1474 1616 et
1487 1552 1669 1635 perlicere),
1678 1575 1695 1613 u
1704 1553 1769 1615 sint
1779 1553 1979 1631 inactuosa»,
1997 1547 2032 1586 ¹³·

353 1661 371 1715 5
477 1659 618 1726 Praesta,
640 1658 732 1715 beata
754 1657 915 1723 Trinitas
940 1668 1009 1733 quet
1032 1648 1184 1713 essentia·
1238 1651 1270 1713 id
1299 1660 1347 1713 est
1375 1651 1538 1715 meritoria
1566 1652 1638 1713 vitae
1666 1659 1842 1730 aeterne«
1870 1652 1935 1714 tuis
1964 1674 1981 1712 a

437 1752 511 1815 liter
537 1760 568 1815 et
591 1752 870 1815 interminabiliter
893 1749 970 1813 lellx
993 1768 1039 1827 es,
1064 1755 1096 1810 et
1120 1766 1183 1808 nna
1237 1748 1388 1812 fidelibus
1402 1758 1434 1812 θῖ
1447 1749 1613 1812 ministris.
1631 1750 1719 1812 'lune
1739 1757 1843 1813 autem
1858 1750 1982 1832 jejunia

436 1851 598 1914 beatitudo
613 1850 780 1927 immense,
798 1858 891 1932 atque
906 1850 1068 1931 objectum
1084 1845 1220 1912 beati-B
1238 1856 1345 1911 nostra
1372 1848 1465 1911 nobis
1494 1857 1567 1910 sunt
1594 1847 1767 1926 fructuosa,
1793 1850 1920 1930 quando
1944 1868 1983 1911 ex

436 1948 507 2013 fiere
529 1968 566 2013 ae
590 1948 729 2011 lmitivae
752 1948 886 2012 visionis
909 1948 1053 2012 omnium
1074 1945 1184 2009 Beato·
1238 1945 1368 2008 caritate
1384 1947 1570 2027 procedunt,
1593 1965 1653 2009 neo
1677 1966 1735 2028 per
1758 1965 1894 2027 sequens
1909 1966 1982 2029 pee-

436 2066 519 2127 rum,
547 2050 693 2117 concede,
723 2050 862 2123 simplem
894 2048 1021 2117 Ura-itas,
1050 2063 1120 2127 qun
1148 2062 1183 2105 es
1238 2052 1343 2107 catum
1372 2045 1504 2108 mortale
1532 2046 1645 2109 merito
1673 2064 1730 2109 suo
1758 2045 1924 2127 privantur
1950 2054 1983 2109 et

436 2145 506 2227 ipsa
529 2144 668 2208 Trinitas
692 2144 859 2226 (quidquid
884 2144 970 2207 enim
1001 2144 1034 2205 in
1061 2143 1182 2206 divinis
1237 2142 1379 2226 praemio.

435 2242 555 2306 dieitur
578 2241 733 2322 absolute,
759 2243 910 2306 convenit
939 2241 1111 2323 unicuique
1135 2240 1183 2302 di-

437 2340 519 2403 vinae
542 2340 685 2403 Personae
710 2339 830 2422 totique
854 2340 999 2403 Trinitati
1024 2364 1031 2403 ι
1054 2346 1184 2422 proptor
1276 2343 1366 2404 llune
1382 2340 1479 2423 igitur
1497 2341 1650 2423 hymnum
1670 2343 1893 2424 depromamus
1913 2360 1983 2406 eor-

436 2440 521 2519 quod
554 2438 664 2501 dieunt
696 2438 848 2521 theologi,
878 2440 961 2521 quod
997 2440 1030 2501 in
1063 2437 1182 2502 divinis
1237 2442 1277 2504 de
1299 2440 1435 2504 contrito
1459 2459 1496 2501 ae
1515 2448 1622 2503 mente
1647 2440 1816 2504 salubriter
1840 2440 1979 2523 lugubri,

437 2538 549 2603 relatio
564 2536 756 2619 multiplicat
771 2536 955 2617 trinitatem,
973 2538 1048 2621 quia
1073 2549 1122 2603 est
1135 2563 1184 2605 ra-
1238 2539 1385 2617 orationi,
1415 2537 1589 2617 devotioni,
1620 2538 1859 2622 compunctioni
1889 2538 1982 2602 lueri-

436 2637 481 2701 tio
511 2635 726 2700 distinotionis
754 2636 930 2718 personalis
959 2638 1077 2703 ibidem
1098 2664 1106 2720 ;
1134 2662 1184 2705 es
1238 2637 1362 2720 misqne
1383 2644 1543 2715 vacantes,
1564 2645 1596 2699 et
1618 2637 1772 2703 exteriora
1793 2638 1831 2700 ad
1854 2638 1983 2702 interio-

437 2734 539 2799 sentia
553 2754 628 2799 vero
648 2742 752 2797 servat
770 2735 936 2814 unitatem,
952 2736 1027 2818 quia
1045 2740 1184 2804 essentia
1239 2756 1305 2799 rem
1326 2734 1516 2817 proiectum,
1537 2737 1576 2799 ad
1598 2736 1702 2799 cordis
1723 2736 1926 2814 munditiam,
1942 2737 1982 2798 ad

436 2842 484 2897 est
511 2853 575 2897 una
609 2853 741 2897 numero
776 2834 809 2896 in
841 2835 1085 2917 supergloriosis
1118 2838 1183 2902 illis
1238 2833 1379 2900 caritatis
1393 2842 1597 2914 augmentum
1613 2834 1773 2916 sapienter
1787 2834 1980 2899 ordinantes.
