4309 6259
467 452 527 517 202
769 472 809 518 b!
829 472 919 519 notus
940 472 1074 519 saturnus
1096 470 1214 545 satiust,
1236 468 1409 517 TRAGTATUS
1431 471 1463 516 11.
1484 489 1526 500 ·-
1545 471 1616 517 ART·
1638 470 1726 517 xxxu

468 641 529 704 lini
545 661 601 704 seu
615 641 679 706 Deo
697 641 835 723 glorioso
849 652 881 705 et
895 651 1004 705 sancto
1025 661 1091 705 non
1112 640 1215 703 adbae-
1229 639 1255 701 Α
1271 639 1368 719 cium,
1386 648 1418 703 et
1438 639 1612 723 speculatio
1631 659 1776 723 saporem
1801 639 1848 703 vel
1869 648 1990 723 gustum.

469 747 517 804 ret
532 749 682 822 tanquam
696 760 820 805 summo
835 761 872 803 ac
887 740 1008 822 optimo
1022 740 1117 820 bono,
1131 740 1215 803 circa
1270 740 1335 802 Hoc
1354 748 1402 802 est
1421 740 1503 821 quod
1524 740 1637 803 Doctor
1660 739 1789 802 divinus
1814 740 1846 801 iu
1867 739 1941 801 libro
1961 739 1993 799 de

470 839 577 922 ipsum
604 847 688 901 errat
714 863 720 901 :
748 840 833 902 unde
857 859 917 902 nec
941 859 1048 901 veram
1077 840 1117 901 de
1146 839 1216 920 ipso
1271 838 1486 901 Tabernaculo
1511 838 1623 920 Moysis
1647 838 1691 899 ait
1716 862 1723 899 :
1750 838 1859 918 llagna
1879 844 1924 899 est
1944 836 1994 915 (iu-

469 938 711 1001 astimationem
733 938 866 1020 accepit.
882 938 962 1001 Hinc
983 956 1120 1019 namque
1136 938 1216 1019 Apo
1272 937 1397 1016 quiens)
1417 936 1579 999 distinctio
1604 936 1687 998 inter
1712 935 1894 1017 sapientiam
1912 943 1940 997 et
1955 934 1994 995 iu-

337 1051 409 1101 rua,
423 1052 456 1094 rs.
472 1037 570 1099 stolus
591 1037 825 1100 dicitzllicunt
838 1057 873 1099 se
887 1056 981 1100 nosse
995 1036 1106 1114 Deum,
1123 1036 1216 1099 lactis
1271 1035 1444 1115 tellectum,
1474 1035 1624 1116 quoniam
1659 1034 1815 1116 sapientia
1846 1032 1994 1097 introducit

471 1143 576 1199 autem
592 1144 718 1216 negant.
736 1135 820 1198 Talis
836 1136 933 1216 igitur
945 1136 1111 1199 aestimatio
1131 1144 1215 1197 recta
1271 1153 1329 1196 nos
1344 1133 1477 1215 unitque
1492 1133 1753 1213 Deo,intellectus
1769 1141 1871 1194 autem
1884 1131 1994 1195 adducit

471 1243 502 1296 et
522 1253 584 1296 non
607 1251 740 1296 erronea
760 1234 799 1296 de
824 1234 936 1296 ultimo
960 1232 1039 1311 line,
1056 1241 1104 1296 est
1127 1241 1216 1295 actus
1271 1250 1340 1311 uos,
1367 1240 1461 1313 atque
1485 1251 1648 1296 accessum
1678 1239 1822 1294 nostrum
1849 1231 1883 1293 ad
1912 1230 1994 1291 ileum

471 1331 546 1394 doni
561 1330 859 1406 intellectus.0uum
873 1350 949 1413 ergo
962 1331 1129 1394 aestimatio
1143 1330 1216 1394 talis
1271 1329 1438 1393 clarificat.

471 1430 540 1492 sine
555 1429 684 1493 caritate
699 1438 730 1492 et
743 1430 844 1511 gratia
858 1449 928 1493 esse
947 1449 1011 1493 nou
1026 1430 1140 1508 valeat,
1156 1450 1215 1491 neo
1312 1428 1415 1491 Tertio
1436 1428 1601 1509 differunt,
1618 1429 1767 1510 quoniam
1793 1424 1939 1509 sapientia
1957 1432 1995 1486 est

470 1536 565 1609 queat
578 1528 648 1590 sine
662 1528 797 1610 Spiritus
818 1528 924 1591 Sancti
948 1528 1100 1591 instinctu
1121 1528 1217 1591 babe—
1272 1526 1356 1588 circa
1377 1526 1486 1589 divina
1511 1534 1604 1607 atque
1628 1536 1746 1590 aeterna
1769 1524 1935 1589 secundnm
1958 1542 1994 1599 se,

472 1625 509 1704 ri,
526 1625 630 1707 palam
655 1627 740 1707 quod
764 1645 858 1689 nemo
882 1626 998 1689 babeat
1021 1627 1091 1688 sine
1116 1626 1217 1707 gratia
1271 1625 1515 1705 contemplando
1539 1624 1688 1687 videlicet
1707 1644 1743 1686 ea
1763 1623 1833 1687 sine
1855 1638 1997 1702 compara-

470 1723 589 1785 donum
613 1722 804 1786 intellectus.
825 1724 957 1786 -Haec
978 1731 1026 1786 est
1051 1723 1216 1805 responsio
1272 1722 1357 1785 tione
1386 1742 1442 1785 seu
1470 1722 1580 1785 ordine
1610 1723 1648 1785 ad
1679 1730 1803 1799 creata3
1837 1720 1996 1782 intellectus

470 1820 596 1884 'lbomae
624 1821 658 1883 in
687 1822 827 1884 secunda
854 1822 1012 1899 secundae,
1041 1821 1215 1902 quaestione
1234 1821 1347 1883 Bvero
1367 1827 1415 1883 est
1435 1820 1521 1883 circa
1541 1820 1650 1882 diviua
1670 1828 1702 1882 et
1720 1828 1840 1883 aeterna
1857 1838 1909 1899 per
1926 1834 1998 1879 com·

418 1953 455 1984 ,ι
470 1926 592 1981 octava.
615 1918 670 1981 Cui
696 1919 810 1983 Doctor
833 1920 962 1981 divinus
986 1919 1117 1982 omniuo
1142 1937 1216 1982 con·
1271 1918 1466 1999 parationem
1487 1938 1543 1980 seu
1565 1917 1749 1981 relationem
1765 1918 1804 1980 ad
1819 1928 1868 1979 'res
1881 1922 1995 1978 creatas.

392 2052 456 2082 au.
471 2017 590 2080 cordat.
607 2016 726 2100 Nempe
751 2020 800 2097 (ut
824 2018 937 2099 patuit)
963 2017 1031 2099 ipse
1056 2017 1111 2098 ait,
1132 2018 1215 2100 quod
1270 2016 1322 2078 Ait
1345 2035 1460 2097 nempe
1485 2015 1599 2079 Doctor
1622 2016 1761 2093 divinus,
1786 2014 1870 2096 quod
1895 2015 1997 2076 donum

471 2114 547 2177 licet
561 2115 697 2197 quilibet
710 2115 810 2198 possit
824 2116 923 2178 Deum
938 2134 975 2177 ac
990 2115 1116 2180 divinos
1138 2115 1217 2178 elle·
1271 2114 1451 2176 intellectus
1466 2116 1558 2177 docet
1572 2132 1629 2177 nos
1645 2114 1729 2176 clare
1748 2120 1781 2176 et
1798 2113 1914 2193 absque
1927 2110 1998 2172 labe

470 2220 539 2275 ctus
564 2223 596 2275 et
619 2213 718 2275 Deum
742 2232 799 2296 per
823 2231 877 2276 eos
902 2232 1105 2294 cognoscere,
1122 2232 1216 2277 nemo
1272 2232 1305 2275 re
1320 2212 1528 2295 contemplari
1549 2211 1679 2275 divitias
1698 2212 1752 2275 Dei
1775 2230 1833 2273 seu
1853 2208 1999 2293 perfectio

471 2318 576 2372 tamen
591 2311 676 2373 valet
688 2312 755 2374 baec
771 2312 840 2393 ipsa
859 2312 1010 2374 sensitiva
1032 2312 1083 2374 vel
1105 2331 1217 2374 secun·
1271 2330 1328 2373 nes
1342 2310 1479 2389 divinas,
1495 2319 1528 2373 et
1540 2310 1699 2391 quomodo
1713 2309 1794 2372 Deus
1814 2316 1862 2371 est
1878 2306 1999 2370 elilnens

469 2408 546 2469 dnm
580 2427 708 2471 sensum
741 2409 914 2489 internum,
949 2429 1005 2472 seu
1040 2409 1215 2471 secuudum
1272 2406 1497 2489 perseipsum
1514 2416 1694 2489 atquecum
1713 2407 1805 2470 donis
1826 2402 2001 2486 suis,quali·

471 2506 600 2568 modum
622 2505 713 2568 fundi
733 2526 854 2587 eorum,
871 2507 1059 2589 intelligere,
1076 2507 1138 2568 nisi
1161 2526 1218 2589 per
1272 2513 1319 2567 ter
1341 2506 1436 2568 etiam
1455 2524 1513 2568 nos
1538 2506 1567 2567 ei
1593 2503 1723 2586 adjungi
1748 2504 1900 2567 debemus
1922 2502 2000 2564 uobis

471 2604 590 2666 donum
609 2604 745 2686 Spiritus
764 2605 882 2667 Sancti.
898 2605 937 2667 Et
960 2606 1027 2667 haec
1051 2605 1216 2686 responsio
1272 2602 1350 2685 ipsis
1375 2622 1411 2666 ac
1436 2604 1558 2666 cunctis
1583 2602 1753 2665 virtutibus
1777 2621 1857 2683 quas
1883 2599 1999 2683 adipisci

470 2702 629 2766 stabilitur
652 2703 749 2768 verbo
772 2703 921 2787 discipuli
945 2724 1041 2786 quem
1064 2704 1217 2785 diligebat
1272 2703 1425 2765 valemus.
1456 2704 1578 2765 Donum
1613 2710 1718 2765 autem
1747 2700 1909 2783 sapientiae
1934 2700 2002 2780 rapit

470 2800 570 2880 lesus,
595 2801 732 2864 dicentis
759 2826 766 2864 :
791 2804 850 2877 Qui
875 2822 908 2865 se
933 2802 1011 2865 dicit
1035 2802 1067 2865 in
1093 2802 1216 2866 Christo
1271 2821 1308 2863 ao
1324 2801 1418 2883 erigit
1432 2800 1595 2863 homiuem
1611 2820 1707 2881 supra
1721 2819 1754 2863 se
1770 2800 1886 2881 ipsum,
1896 2798 2000 2861 iaciens

470 2918 609 2979 manere,
626 2899 721 2963 debet
734 2900 818 2964 sicut
831 2901 885 2964 ille
899 2900 1074 2963 ambulavit
1095 2909 1127 2963 et
1148 2900 1216 2982 ipse
1272 2918 1344 2961 eum
1370 2898 1489 2961 divinis
1515 2897 1702 2981 simpliciter
1726 2897 1901 2976 intendere,
1916 2894 2001 2976 lique
2100 2962 2101 2967 η

470 2996 642 3058 ambulare.
1236 2996 1355 3078 Clieri,
1371 2996 1555 3075 annihilari,
1578 2996 1638 3059 sibi
1663 2996 1724 3077 ipsi
1749 2995 1831 3057 mori
1857 2995 1890 3057 in
1910 3012 2000 3057 amore
2100 2976 2101 3027 ἶ

1272 3103 1366 3176 atque
1380 3095 1499 3158 unione
1518 3114 1591 3157 cum
1613 3095 1686 3157 [leo.
1703 3093 1810 3175 ltaque
1832 3094 1945 3157 donum
1963 3091 2002 3153 iu·

1272 3194 1418 3255 tellectus
1437 3200 1485 3255 est
1504 3213 1541 3255 su
1565 3192 1742 3255 ernaturalo
1763 3192 1872 3255 lumen
1901 3192 2001 3253 docens

631 3249 877 3314 ARTICULUS
909 3251 1050 3314 XXXII·
1272 3310 1330 3355 nos
1355 3291 1454 3353 ileum
1475 3212 1640 3372 adspiicere
1659 3308 1796 3371 eumque
1818 3240 2001 3352 corisiderare

470 3400 519 3458 De
532 3398 781 3457 distinctionem
792 3399 1017 3457 convenientia
1031 3399 1120 3457 inter
1130 3400 1216 3457 dona
1274 3390 1447 3452 secundum
1463 3388 1658 3471 multiplices
1673 3407 1745 3451 suas
1764 3387 1895 3450 divitias
1914 3396 1943 3449 et
1958 3386 2003 3448 bo

617 3488 787 3563 sapientior
815 3494 845 3545 et
874 3488 1067 3547 intellectus.
1273 3488 1398 3567 uitateS,
1428 3495 1522 3569 prout
1554 3505 1612 3568 per
1645 3506 1698 3549 eas
1726 3486 1834 3566 aliquo
1862 3486 1951 3549 modo
1975 3502 2001 3544 so

1273 3585 1367 3648 habet
1382 3587 1420 3648 ad
1437 3593 1606 3648 creaturas.
1624 3584 1701 3648 Nam
1717 3584 1908 3665 pardonum
1927 3582 2002 3645 intel-

531 3682 678 3745 ONSTAT
703 3683 809 3763 itaque
833 3702 871 3747 ex
895 3682 1111 3764 praeinductis,
1132 3684 1215 3763 quod
1273 3686 1373 3746 lectus
1388 3683 1624 3747 consideramus
1643 3682 1831 3764 sapientiam
1852 3682 2000 3751 crealoris,

546 3780 701 3863 sapientia
715 3789 746 3843 et
761 3780 941 3842 intellectus
956 3788 1050 3861 prout
1067 3780 1151 3843 dona
1170 3782 1217 3843 di·
1273 3783 1306 3844 in
1328 3789 1481 3864 quantum
1497 3781 1566 3862 ipsa
1580 3788 1628 3843 est
1646 3780 1791 3843 omniurn
1811 3780 2003 3861 gubematira

471 3888 597 3959 cuntur,
623 3880 655 3940 in
679 3878 789 3940 multis
814 3878 1020 3941 conveniunt.
1044 3879 1216 3959 Utrumque
1273 3900 1309 3943 ac
1339 3878 1520 3962 provisiva3
1546 3878 1715 3959 justitiam,
1737 3878 1770 3939 in
1794 3886 1945 3959 quantum
1966 3884 2004 3939 est
2098 3922 2099 3943 t

471 3976 556 4038 enim
582 3976 800 4058 principaliter
824 3976 909 4038 circa
932 3976 1041 4038 divina
1060 3985 1214 4056 versatur,
1273 3979 1417 4042 omnium
1438 3976 1613 4059 judicativa
1637 3996 1675 4039 ao
1700 3976 1910 4054 retributiva3
1931 3975 2004 4039 boni·

472 4076 504 4137 id
519 4082 567 4137 est
581 4074 666 4136 circa
686 4074 835 4136 veritates
855 4094 934 4155 quas
956 4073 1038 4136 fides
1060 4075 1216 4138 catholica
1274 4086 1380 4153 tatem,
1398 4076 1429 4137 in
1453 4083 1605 4156 quantum
1620 4083 1669 4139 est
1683 4074 1827 4137 omnium
1848 4074 2005 4137 liberaliter

472 4173 620 4255 proponit
633 4173 672 4234 de
687 4172 771 4249 Deo;
787 4180 957 4252 utrumque
972 4190 1098 4253 quoque
1120 4173 1435 4241 dono-Dcausativa
1470 4181 1501 4235 et
1532 4173 1735 4249 contentiva3
1768 4172 1951 4254 potentiam,
1979 4172 2004 4233 iu

471 4291 543 4334 rum
564 4269 695 4333 istorum
714 4278 762 4331 est
781 4269 1024 4351 speculativum,
1040 4290 1077 4333 ao
1103 4272 1216 4333 ceteris
1273 4281 1426 4354 quantum
1448 4280 1496 4334 est
1515 4272 1658 4334 omnium
1684 4270 1833 4334 oreativa.
1851 4271 1944 4333 Porro
1961 4289 2005 4351 per

470 4368 564 4433 donis
578 4368 790 4449 praestantius.
808 4367 1031 4429 Verumtamen
1054 4368 1087 4429 in
1110 4370 1217 4432 multis
1274 4370 1436 4452 sapientie
1450 4372 1569 4432 donum
1585 4369 1841 4451 contemplamur
1860 4369 1928 4432 baec
1950 4370 2004 4449 ipsa
2097 4360 2098 4407 t

471 4466 677 4529 inveniuntur
690 4463 955 4543 differrePrimo,
965 4464 1039 4544 quia
1055 4466 1217 4547 sapientiae
1273 4489 1309 4532 ac
1324 4468 1402 4531 alias
1422 4467 1630 4550 proprietates
1644 4468 1770 4530 divinas
1790 4468 1962 4530 secuudum
1977 4485 2003 4527 se

470 4573 519 4626 est
532 4583 589 4646 per
603 4581 747 4645 saporem
762 4581 817 4625 sen
836 4569 964 4643 gustum
986 4564 1025 4624 de
1046 4563 1116 4645 ipsa
1137 4564 1217 4626 diri-
1272 4574 1304 4628 ct
1323 4566 1392 4629 sine
1411 4566 1596 4628 habitudine
1618 4566 1657 4628 ad
1679 4574 1795 4628 creata.

470 4681 584 4725 uorum
600 4661 732 4724 veritate
747 4660 923 4723 certissime
943 4659 1109 4740 judieare;
1126 4660 1217 4725 iutel—
1312 4663 1459 4736 Quartam
1488 4672 1639 4745 preterea
1665 4663 1907 4728 distinctionem
1937 4665 2004 4727 inter

470 4760 572 4823 lectus
607 4778 682 4822 vero
717 4767 765 4821 est
798 4758 900 4838 ipsam
933 4756 1099 4820 veritatem
1133 4760 1216 4823 clare
1272 4762 1339 4823 baec
1367 4762 1451 4824 dona
1484 4761 1572 4843 ponit
1596 4762 1743 4843 Magister
1769 4762 2002 4839 Sententiarum,
2096 4760 2097 4777 *

470 4874 674 4939 cognoscere.
1273 4859 1354 4923 libro
1370 4859 1462 4922 tertio
1479 4882 1486 4920 ι
1504 4858 1676 4942 Sapientia,
1693 4859 1748 4936 ait,
1766 4860 1894 4942 proprie
1917 4870 1957 4925 est
1974 4862 2092 4926 terrine

510 4955 667 5033 Secunde,
683 4953 834 5034 quoniam
849 4952 1004 5035 sapientia
1019 4962 1067 5016 est
1081 4955 1157 5017 linis
1180 4977 1216 5019 ac
1273 4958 1410 5035 aeternis,
1427 4958 1577 5039 quoniam
1593 4958 1724 5020 Veritati
1739 4966 1864 5022 eternae
1879 4970 2005 5023 contem-

470 5054 593 5117 lruotns
614 5050 690 5114 doni
712 5050 902 5113 intellectus
923 5051 1106 5115 intellectus
1130 5054 1216 5116 enim
1273 5056 1395 5137 plaude
1417 5056 1573 5135 intendit3
1590 5056 1771 5119 intellectus
1790 5075 1866 5120 vero
1888 5066 2003 5120 estnon

471 5151 621 5233 praeeedit
635 5148 822 5232 sapientiam
837 5156 869 5210 et
883 5148 1055 5213 introducit
1073 5152 1113 5213 ad
1134 5172 1215 5231 eam,
1273 5153 1375 5215 solum
1397 5153 1436 5215 de
1457 5154 1594 5233 aeternis,
1612 5154 1667 5217 sed
1691 5154 1788 5217 etiam
1811 5154 1850 5217 de
1877 5155 2006 5218 invisibi·
2095 5154 2096 5167 ¹

471 5248 740 5333 quemadmodum
774 5246 914 5328 cognitio
949 5249 1101 5329 precedit
1133 5249 1219 5332 judi·
1274 5250 1357 5314 libus
1378 5259 1409 5314 et
1428 5251 1647 5335 spiritualibus
1672 5251 1892 5335 temporaliter
1918 5252 2004 5333 lactis,
