4309 6259
441 510 482 556 ns
502 509 707 557 saemnsvro
726 509 937 557 seminaria
957 508 1118 557 mucuns
1138 511 1216 555 sax..
1228 526 1270 551 -η
1289 509 1399 557 sunno:
1410 512 1441 555 lv
1649 490 1714 557 ddi

160 677 242 743 tatis
268 686 300 741 et
326 677 482 741 efficaciae
509 696 617 744 coram
646 696 696 741 eo.
723 676 805 741 ilinc
832 675 1097 757 bausit-Christi,
1113 678 1178 743 imo
1201 686 1233 741 et
1253 679 1353 743 totius
1373 680 1625 744 conversationis
1645 682 1716 764 ejus

162 777 285 860 ,glorie
299 775 488 839 naturaliter
510 774 595 857 pius,
615 776 710 857 cujus
733 783 847 839 natura
866 782 916 840 est
969 776 1179 839 sanctissimae
1201 776 1235 839 in
1254 777 1314 841 hoc
1329 777 1459 855 mundo,
1476 798 1604 842 omnem
1626 795 1716 842 suam

53 873 294 958 rooutbonitas
308 893 388 956 pura
401 893 438 936 ac
453 874 580 955 penitus
594 872 734 952 infinita,
746 874 802 955 qui
816 892 916 956 quum
964 874 1121 945 :virtutem
1136 894 1172 937 ac
1187 875 1320 957 gratiam
1339 877 1526 955 sortiuntur,
1542 878 1718 959 prasertim

44 958 61 999 ²
159 974 267 1036 iratus
280 972 389 1049 fuerit,
405 971 632 1035 misericordie
646 971 840 1051 recordatur,
855 990 916 1035 nec
962 992 989 1036 ‚a
1016 973 1176 1055 passione,
1201 982 1314 1055 utputa
1342 976 1604 1039 consummative.
1631 976 1717 1039 Unde

54 1071 205 1138 remmia
232 1070 278 1132 ira
306 1089 364 1133 sua
391 1070 535 1133 continet
562 1070 797 1133 misericordias
830 1090 915 1152 suas,
965 1071 1011 1134 de
1035 1072 1133 1134 latere
1158 1070 1273 1135 Christi
1302 1072 1532 1135 obdormientis
1560 1074 1594 1137 iu
1614 1078 1717 1139 eruce

47 1154 73 1193 ¹⁰·
161 1168 225 1231 ubi
242 1175 387 1231 creatura
404 1168 537 1232 omuino
554 1167 673 1233 defecit
691 1175 723 1231 ot
741 1168 917 1233 humanum
970 1168 1103 1232 fluxisse
1124 1168 1285 1233 dicuntur.
1301 1169 1410 1250 Itaque
1430 1171 1580 1234 meritum
1601 1172 1717 1235 Christi

171 1265 322 1329 auxilium
346 1266 459 1345 defuit,
477 1266 632 1350 impendit
654 1267 811 1348 divinum,
826 1287 918 1332 exco-
971 1284 1029 1347 per
1049 1266 1267 1331 ecclesiastica
1285 1276 1483 1330 sacramenta
1505 1268 1718 1335 diversimode

172 1364 274 1446 giam
294 1362 530 1445 providensque
551 1364 591 1426 de
612 1366 752 1429 remedio
775 1365 916 1446 efficaci,
963 1364 1065 1427 -nobis
1080 1365 1345 1446 communicetur,
1361 1373 1393 1428 ct
1406 1384 1464 1447 per
1484 1372 1719 1431 sacramentum

171 1461 235 1525 imo
249 1460 490 1539 efficacissimo,
505 1462 697 1543 concedens,
714 1463 859 1544 prebens
880 1482 917 1525 ac
971 1462 1178 1526 Eucharistiae
1196 1470 1347 1544 tauquam
1362 1482 1420 1545 per
1434 1465 1564 1528 modurn
1585 1465 1649 1528 cibi
1671 1485 1720 1529 re·

163 1558 299 1623 ¹mittens
326 1559 513 1622 hominibus
546 1560 753 1623 mediatorem
786 1579 918 1642 prorsus
970 1559 1113 1623 ficientis
1137 1580 1175 1625 ac
1199 1561 1307 1643 poculi
1335 1562 1508 1625 recreantis
1535 1582 1572 1627 ac
1600 1570 1720 1647 tempe·

161 1658 332 1736 .idoneum,
359 1664 391 1719 et
414 1666 501 1720 certe
525 1658 654 1721 infinite
681 1657 784 1740 magis
807 1666 919 1740 poten·
972 1658 1085 1721 rantis.
1677 1710 1683 1718 .

171 1764 233 1818 tem
264 1774 303 1818 ac
331 1754 465 1836 dignum
493 1756 534 1818 ad
561 1756 847 1836 reconciliandum,
876 1758 917 1819 ad
961 1800 968 1809 -
1011 1757 1166 1838 lienique,
1183 1756 1265 1819 sicut
1279 1758 1319 1819 de
1334 1758 1428 1821 modo
1443 1758 1636 1822 exsistentiae
1649 1778 1719 1841 gra-

171 1852 445 1935 complacendum,
461 1854 501 1916 ad
517 1854 736 1917 redimendum
750 1862 845 1935 atque
860 1855 918 1917 sal·
933 1857 957 1919 Β
972 1854 1025 1917 tie
1052 1854 1086 1915 in
1116 1854 1323 1927 sacramentis
1351 1862 1426 1917 sunt
1452 1854 1523 1919 due
1550 1857 1719 1938 opiniones

171 1952 322 2029 vandum,
347 1970 443 2032 quam
467 1951 547 2014 alter
569 1952 763 2034 quicumque
786 1952 849 2015 fuit
876 1954 916 2016 ad
972 1953 1132 2031 solennes,
1149 1960 1184 2014 ut
1198 1960 1317 2015 tactum
1336 1960 1395 2035 est,
1411 1952 1455 2015 ita
1475 1954 1514 2016 de
1536 1954 1666 2019 entitate
1685 1963 1720 2018 et
1733 1980 1827 2035 picra.

160 2048 400 2112 offendendum
421 2057 453 2111 et
474 2050 682 2131 perdendum.
971 2050 1178 2113 distinctione
1192 2050 1301 2131 gratiae
1312 2052 1551 2114 sacramentalis
1563 2061 1638 2115 sunt
1649 2054 1719 2116 due
1733 2041 1865 2161 ffs‘jfffl·

161 2200 167 2209 .
208 2146 375 2228 Quumque
390 2146 461 2209 talis
476 2148 632 2210 mediator
646 2166 716 2211 esse
738 2148 919 2229 nequiverit
972 2150 1120 2212 solennes
1141 2148 1334 2230 opiniones:
1352 2168 1426 2227 una,
1444 2150 1527 2230 quod
1546 2151 1648 2232 gratia
1664 2170 1720 2213 sa·

169 2264 247 2327 pura
275 2254 432 2324 creatura,
459 2247 570 2309 statuit
597 2247 735 2309 Trinitas
757 2248 918 2311 adoranda
971 2246 1176 2309 oramentalis
1191 2266 1209 2309 a
1223 2247 1324 2328 gratia
1338 2253 1463 2329 gratum
1478 2248 1616 2311 faciente
1631 2250 1721 2312 reali·

170 2362 264 2405 unam
277 2343 454 2406 increatam
468 2344 637 2407 Personam
651 2364 813 2409 assumere
827 2356 919 2409 natu·
963 2352 1021 2406 ter
1035 2343 1260 2426 distinguatur,
1271 2344 1372 2426 gratia
1387 2363 1514 2426 quoquc
1529 2347 1718 2410 sacramenti

170 2460 235 2503 ram
256 2443 432 2504 humanam
451 2443 490 2504 ad
512 2462 605 2505 suum
619 2441 852 2525 hypostaticam
870 2444 917 2524 (ld
972 2441 1068 2502 nnius
1089 2460 1108 2501 a
1129 2440 1229 2522 gratia
1250 2442 1440 2509 sacramenti
1462 2443 1591 2507 alterius
1609 2447 1718 2525 (quam

164 2548 216 2601 ,est
229 2539 413 2620 personale)
426 2539 666 2621 increatumque
687 2560 769 2621 esse,
784 2542 918 2605 atillam
972 2538 1156 2620 opinionem
1182 2540 1331 2619 Thomas,
1353 2540 1502 2605 hibertus
1526 2562 1563 2605 ac
1588 2543 1642 2605 alii
1671 2562 1720 2607 se-

170 2638 369 2719 suppositare
383 2656 440 2700 seu
462 2637 716 2702 substantificam
730 2640 763 2701 in
785 2640 867 2721 ipso,
884 2648 919 2703 ut
972 2639 1148 2718 qunntur);
1169 2638 1242 2718 alia,
1261 2639 1346 2720 quod
1371 2639 1438 2702 sola
1456 2639 1609 2703 differant
1626 2642 1720 2707 ratio-

171 2735 216 2797 sic
233 2744 342 2799 essent
361 2736 394 2797 in
414 2754 478 2797 una
497 2735 552 2799 illa
570 2736 707 2800 Persona
725 2738 867 2801 increata
887 2747 920 2801 et
973 2754 1026 2814 ne,
1042 2743 1075 2799 et
1095 2744 1249 2817 quantum
1271 2737 1310 2799 ad
1332 2756 1406 2800 suos
1427 2736 1575 2801 effectus.

161 2833 335 2897 .incamata
362 2834 434 2896 due
461 2842 582 2897 naturae
611 2834 769 2917 perfectae,
796 2844 828 2898 et
853 2855 919 2901 una
1012 2834 1177 2912 Praeterea,
1206 2835 1357 2916 quoniam
1377 2842 1625 2899 'sacramentum
1660 2840 1721 2903 hoc

161 2930 350 3013 hypostasis
378 2950 436 2994 seu
467 2952 567 2994 unum
596 2933 796 3015 suppositum
827 2958 834 2995 ε
866 2936 918 2998 cui
973 2932 1173 3012 permodum
1188 2931 1253 2994 cibi
1268 2950 1305 2993 ac
1320 2940 1412 3013 potus
1427 2933 1520 2996 nobis
1533 2934 1723 3015 proponitur

162 3031 289 3094 ‚ratione
309 3030 518 3093 humanitatis
543 3040 713 3113 assumpte
734 3034 919 3097 conveniret
936 3028 959 3091 C
974 3049 1011 3092 ac
1026 3027 1201 3107 confertur,
1217 3029 1294 3092 hinc
1309 3047 1346 3092 ea
1360 3048 1430 3111 quaa
1445 3050 1616 3112 corporeus
1631 3033 1722 3095 cibus

170 3128 354 3210 promereri,
370 3136 464 3209 atque
478 3149 517 3191 ex
538 3138 626 3210 parte
641 3129 736 3193 Verbi
755 3150 919 3194 assumen-
964 3134 1005 3189 et
1025 3136 1119 3208 potus
1139 3126 1292 3189 naturalis
1311 3146 1349 3190 ac
1368 3128 1480 3191 solitus
1497 3138 1670 3211 operantur
1688 3130 1722 3194 in
1807 3184 1809 3189 .

171 3226 210 3288 tis
234 3245 291 3289 scu
314 3226 442 3288 deitatis
465 3226 573 3304 unitae,
598 3226 726 3290 infinita
751 3227 916 3308 idoneitas,
964 3243 1118 3307 corpore,
1134 3225 1202 3287 haec
1218 3234 1452 3288 sacramentum
1465 3226 1526 3291 hoc
1546 3228 1723 3310 proportio·
1838 3238 1853 3248 ”

167 3324 307 3405 ¹dignitas
333 3344 390 3387 seu
414 3323 562 3387 efficacia
584 3325 624 3388 ad
648 3326 848 3391 merendum.
872 3328 919 3392 Si·
972 3325 1088 3387 naliter
1102 3324 1168 3406 agit
1183 3324 1215 3387 in
1230 3325 1348 3388 anima.
1361 3326 1631 3399 Quemadmodum
1646 3348 1722 3410 ergo

168 3422 296 3503 quidem
319 3422 455 3485 Persona
476 3422 532 3485 illa
552 3422 725 3503 incarnata,
741 3427 918 3489 secundnm
972 3423 1037 3485 cibi
1056 3441 1093 3485 ac
1113 3430 1206 3504 potus
1228 3430 1356 3503 gustum
1378 3424 1520 3505 corporis
1539 3426 1720 3505 delectant;

166 3528 312 3583 naturam
328 3539 418 3582 suam
433 3519 576 3583 divinam
591 3520 653 3583 luit
670 3522 734 3585 Deo
747 3523 829 3586 Patri
845 3525 919 3587 sim-
972 3520 1059 3584 vires
1087 3519 1268 3600 corporales
1292 3528 1440 3601 reparant
1467 3530 1500 3584 et
1527 3523 1719 3604 confortant,

171 3617 297 3699 pliciter
310 3618 438 3681 infinite
458 3618 575 3682 dilecta
596 3627 628 3681 et
647 3629 789 3702 accepta,
807 3641 919 3684 secun·
973 3616 1239 3699 deperditumque
1264 3616 1452 3698 instaurant,
1473 3619 1571 3682 vitam
1596 3640 1724 3687 conser-

165 3717 244 3779 ,dum
271 3724 419 3779 naturam
446 3736 573 3799 quoque
599 3718 772 3781 humanam
798 3739 919 3783 assum-
974 3723 1051 3777 vant
1070 3722 1164 3795 atque
1184 3714 1387 3793 continuant3
1404 3716 1570 3779 humidum
1585 3719 1723 3783 radicale

170 3824 266 3895 pmm,
292 3823 328 3878 nt
351 3815 455 3879 Verbo
477 3824 596 3878 aeterno
623 3815 819 3898 hypostatice
845 3818 919 3899 jun·
974 3832 994 3876 a
1017 3812 1221 3893 corruptione
1244 3820 1440 3895 praescrvant
1463 3815 1615 3879 naturalis
1640 3818 1724 3882 calo-

171 3920 265 3994 ctam,
284 3913 348 3975 fuit
365 3921 398 3975 et
420 3919 469 3975 est
491 3913 594 3977 carior
617 3922 649 3975 et
671 3914 831 3995 acceptior
854 3915 919 3979 ileo
974 3910 1040 3988 ris3
1056 3908 1220 3972 materiam
1240 3909 1382 3990 praebent
1400 3910 1500 3973 debiti
1518 3912 1722 3991 incrementi,

172 4010 250 4073 Patri
263 4030 361 4093 quam
377 4018 477 4073 totum
492 4010 687 4074 universum.
696 4011 775 4073 Nam
791 4020 823 4074 et
836 4013 920 4076 sicut
975 4008 1113 4073 calorem
1128 4014 1245 4089 augent
1259 4007 1444 4087 interius,et
1457 4010 1577 4073 bonum
1591 4021 1725 4075 causant

55 4122 124 4169 rm.
139 4141 160 4179 ι,
173 4108 274 4189 majus
288 4109 408 4172 bonum
430 4108 702 4171 communicatum
715 4118 765 4172 est
777 4110 808 4172 ei
822 4128 918 4191 quam
973 4106 1112 4169 colorem
1132 4106 1271 4169 exterius
1287 4129 1294 4169 ε
1311 4106 1359 4169 sic
1380 4107 1523 4187 corporis
1543 4115 1575 4171 et
1596 4110 1724 4190 sangui

49 4187 77 4228 ²²
173 4208 229 4271 toti
244 4207 380 4271 residue
394 4215 558 4285 creature,
573 4206 722 4269 videlicet
741 4208 919 4271 increatum
934 4206 959 4267 D
973 4204 1024 4266 nis
1039 4204 1154 4266 Christi
1170 4204 1409 4267 Sacramentum
1429 4205 1571 4287 palatum
1584 4207 1723 4271 oblectat

165 4305 402 4387 hypostaticam
438 4324 508 4367 esse
536 4304 643 4384 Verbi,
672 4312 760 4367 muta
793 4324 919 4387 quoqne
973 4302 1097 4381 eordis3
1113 4302 1198 4365 vires
1212 4301 1327 4367 animas
1341 4310 1447 4384 auget,
1463 4313 1589 4385 reparat
1602 4313 1634 4368 et
1647 4324 1723 4387 con-

171 4403 334 4483 pleuitudo
357 4403 466 4485 gratiae
489 4422 527 4465 ac
551 4402 660 4484 gloriae
683 4411 715 4465 et
736 4403 918 4467 divinorum
973 4408 1090 4479 servat,
1120 4399 1270 4461 amissam
1306 4399 1509 4463 devotionem
1542 4411 1720 4484 recuperat,

164 4501 397 4564 charismatum
415 4509 565 4582 quantam
587 4508 711 4581 poterat
731 4520 845 4583 capere
863 4521 920 4564 na·
972 4499 1072 4563 vitam
1086 4496 1194 4578 gratiae
1209 4503 1377 4563 conservat
1392 4496 1424 4557 in
1440 4516 1498 4560 suo
1512 4498 1637 4580 vigore;
1651 4518 1723 4581 pro

172 4606 240 4661 tura
254 4606 382 4678 oreata3
397 4599 472 4661 hinc
494 4599 643 4661 meritum
664 4597 779 4660 Christi
800 4607 849 4661 est
871 4600 919 4662 in·
972 4596 1111 4659 fluvium
1127 4594 1342 4673 lacrimarum,
1360 4612 1464 4657 rorem
1480 4594 1592 4658 imbris
1612 4616 1721 4679 super-

164 4696 394 4761 defectibiliter
414 4716 577 4778 magnum,
598 4696 662 4759 imo
684 4696 918 4777 quodammodo
972 4694 1018 4772 ni,
1044 4712 1157 4775 aquam
1182 4692 1344 4774 sapientiae
1369 4692 1515 4755 salutaris
1541 4702 1656 4774 tuctur,
1680 4715 1720 4759 ne

172 4793 344 4858 infinitum.
361 4795 449 4870 Quod
464 4794 614 4857 meritum
630 4794 723 4875 plene
742 4814 779 4856 ac
795 4794 917 4876 integre
972 4791 1047 4873 igne
1071 4788 1341 4872 concupiscentie
1364 4797 1419 4851 aut
1441 4789 1573 4853 flamma
1597 4793 1721 4874 cupidi-

173 4893 351 4956 continctur
384 4892 418 4954 ln
446 4892 650 4955 Sacra‘mento
680 4891 800 4970 altaris,
829 4892 920 4973 juxta
972 4890 1046 4951 tatis
1067 4888 1117 4950 vel
1137 4887 1262 4952 fervore
1282 4888 1397 4970 privati
1417 4889 1534 4952 umoris
1553 4889 1718 4971 fedantur,

65 5012 82 5050 v·
96 5003 161 5046 aen·
173 4992 301 5053 modum
327 4991 360 5052 in
385 5008 532 5053 sermone
556 4988 696 5052 secundo
717 4989 916 5070 expositum3
973 4988 1134 5052 siccentur
1149 4994 1203 5049 eut
1216 4986 1472 5067 exstinguantur3
1486 4987 1720 5052 incrementum

49 5064 91 5104 Μ
173 5086 206 5149 in
234 5088 305 5151 aliis
331 5106 407 5150 vero
442 5086 649 5149 sacramentis
676 5086 855 5169 partialiter
880 5106 918 5149 ac
973 5086 1056 5167 parit
1083 5085 1248 5162 virtutum,
1275 5084 1438 5147 caritatem
1464 5083 1654 5163 inflammat,
1681 5106 1719 5153 ao

167 5185 403 5268 participative.
419 5184 531 5247 Omnia
545 5202 682 5265 namque
701 5183 852 5247 Ecclesia
870 5204 920 5249 sa·
973 5192 1093 5247 unum
1112 5181 1237 5249 confert
1257 5182 1530 5263 tranquillitatem,
1546 5184 1721 5247 exuberan-

165 5291 334 5345 ‚aramenta
360 5303 380 5345 a
407 5281 522 5344 virtute
543 5300 588 5358 'ae
616 5282 729 5345 merito
760 5281 918 5364 passionis
972 5281 1050 5345 tiam
1064 5290 1096 5343 et
1110 5278 1302 5342 hilaritatem
1316 5278 1351 5345 in
1366 5279 1472 5359 corde,
1484 5288 1520 5345 ut
1533 5299 1591 5362 per
1605 5282 1720 5367 reduli-

296 5417 329 5467 T.
346 5418 386 5468 35.
1306 5416 1308 5419 ’
1542 5416 1592 5466 30·
