4309 6259
803 523 898 569 raons
918 522 1108 573 anscausus
1667 508 1728 575 020

215 690 245 747 10
268 691 382 748 ratione
399 691 588 765 subjectetur,
603 693 704 758 2030,
722 697 751 751 01
769 697 927 767 utrumque

213 782 426 855 speculativum
445 785 497 849 est,
512 786 542 840 et
562 786 696 841 versatur
718 784 796 841 circa
818 785 926 850 divina,

212 872 309 937 2020;
324 873 376 929 sed
398 888 417 928 a
441 872 582 945 sapientia
607 872 638 929 in
660 872 707 929 his
729 872 927 947 0100010000

213 962 354 1033 praecedit
371 961 545 1034 sapientiam
565 966 594 1018 et
611 961 771 1019 introducit
789 965 827 1019 00
850 980 926 1028 eam,

212 1051 306 1116 2020,
318 1053 396 1123 0000
410 1050 511 1107 divina
524 1052 738 1123 contemplatur
752 1069 810 1109 nou
824 1070 928 1109 secun·

212 1140 284 1195 dam
299 1156 340 1204 se,
356 1143 388 1197 ut
401 1140 553 1212 sapientia,
569 1142 619 1198 sed
635 1141 663 1196 in
679 1142 782 1198 ordine
797 1143 834 1198 sd
849 1157 928 1198 crea-

212 1232 251 1294 ta,
267 1230 368 1294 2020,
383 1232 413 1286 01
431 1246 489 1285 000
506 1233 551 1287 001
568 1232 605 1287 00
624 1231 740 1287 aeternis
763 1233 927 1297 dumtaxat,

212 1320 264 1375 sed
278 1321 355 1376 0100
368 1319 569 1391 spiritualibus
584 1320 764 1387 substantiis,
779 1321 833 1377 202
839 1321 880 1387 0,
896 1321 927 1377 10

213 1425 272 1481 0οο
288 1408 383 1481 magis
397 1412 476 1481 patet
487 1426 575 1481 quam
587 1409 740 1482 sapientia,
748 1411 839 1475 2031,
849 1411 927 1483 quod

212 1498 302 1554 etiam
319 1497 418 1554 minus
432 1499 578 1555 subtiliter
590 1500 620 1555 et
631 1498 805 1572 simpliciter
818 1498 928 1572 perspi-

212 1587 253 1643 cit
276 1587 375 1644 divina
398 1606 488 1662 quam
512 1588 771 1660 0001001102000,
794 1590 850 1646 000
874 1606 927 1646 000

212 1676 313 1733 minus
337 1676 440 1734 intime
464 1677 695 1749 00111001,2000,
711 1682 740 1735 01
762 1679 927 1736 delectatio-

212 1782 281 1822 nem
297 1764 397 1823 minus
411 1783 516 1839 puram
533 1767 628 1830 habet,
644 1767 734 1832 2030,
745 1766 815 1840 0010
828 1767 927 1840 cogni·

211 1853 316 1911 110001
335 1872 386 1927 per
404 1854 509 1917 visum,
525 1872 584 1911 non
609 1873 661 1927 per
683 1858 812 1928 gustum,
828 1859 860 1913 ut
882 1872 928 1911 sa·

213 1945 333 2016 pientia,
347 1945 448 2000 2510.
465 1976 497 1987 -
514 1946 586 2001 item
609 1962 677 2002 eum
702 1947 780 2001 douo
798 1944 928 2002 scientis

213 2035 358 2099 convenit,
373 2036 444 2108 0010
468 2040 626 2108 utrumque
649 2036 738 2092 vitam
764 2038 927 2093 humanam

212 2128 308 2190 ornat,
323 2125 426 2190 2250,
437 2128 489 2183 sed
502 2126 625 2183 scientia
639 2126 728 2183 vitam
742 2126 927 2192 exteriorem,

210 2217 307 2281 2201,
327 2215 491 2273 101011001υο
514 2216 603 2273 vitam
628 2216 806 2281 interiorem,
826 2217 926 2281 2250,

211 2305 242 2361 10
259 2322 318 2378 000
332 2306 517 2378 prestantior
530 2310 573 2362 est
586 2307 663 2363 dono
682 2305 820 2371 scientias,
836 2308 925 2363 2200.

213 2428 248 2438 -
267 2396 409 2453 Similiter
426 2412 494 2453 cum
516 2396 571 2452 000
589 2395 736 2460 001001011,
753 2396 822 2467 0010
840 2398 927 2453 ambo

212 2488 361 2542 mundant
374 2488 471 2551 eorda,
486 2486 576 2551 2510,
591 2488 621 2542 01
638 2486 769 2558 dirigunt
783 2486 812 2541 in
827 2486 925 2550 tinem,

211 2576 313 2641 251ος
328 2577 379 2631 sed
394 2575 558 2632 intellectus
577 2576 702 2631 mundat
715 2576 752 2631 ad
765 2575 926 2631 videndum

212 2664 692 2738 001000001001101010,2510,01
711 2666 748 2721 00
768 2665 855 2721 linem
875 2666 928 2720 da·

211 2754 261 2819 cit,
277 2771 336 2811 non
352 2756 517 2811 mercedem
532 2756 711 2811 ostendendo
729 2757 855 2817 tantum,
875 2756 926 2811 sed

211 2844 301 2901 linem
315 2844 451 2908 videndo,
467 2844 551 2899 2le
566 2861 573 2899 ε
589 2844 654 2900 1000
669 2843 799 2899 daturin
815 2844 928 2916 adjuto-

212 2934 291 2992 rium
316 2932 393 2998 0001,
408 2934 499 2998 2581,
516 2935 544 2989 01
566 2933 604 2989 00
628 2931 694 2989 0001
719 2931 924 2989 certitudinem

212 3022 329 3097 proprie
352 3020 486 3094 pertinet,
507 3024 598 3084 2291,
625 3025 658 3079 01
685 3022 830 3079 credenda
856 3038 926 3078 0000

211 3112 346 3184 accipiat.
361 3111 443 3175 550,
458 3113 551 3175 2251,
572 3114 601 3167 01
619 3109 741 3182 limpide
761 3113 925 3183 cognoseat,

214 3199 507 3272 1080221511,ουἰο
530 3200 622 3271 ipsius
644 3202 687 3256 est
709 3199 776 3257 0001
799 3199 926 3255 rationes

210 3291 358 3349 subtiliter
383 3289 537 3362 speculari,
561 3291 653 3352 2151,
676 3292 706 3346 01
733 3290 866 3361 quamvis
894 3290 924 3346 in

211 3382 369 3455 enigmate
397 3382 562 3452 cognoscat,
586 3383 719 3453 respectu
747 3379 813 3436 0001
842 3379 925 3452 00001

210 3471 275 3527 0100
289 3469 445 3542 aenigmate
460 3467 599 3533 intuetur,
613 3470 706 3524 2550.

247 3560 413 3617 intellectus
435 3559 598 3615 01000001
618 3557 714 3630 primo
732 3562 760 3615 et
779 3557 926 3630 principa·

210 3650 278 3707 liter
294 3653 337 3705 est
355 3647 559 3720 speculativas,
576 3646 645 3718 quia
664 3646 759 3719 primo
782 3648 860 3704 circa
882 3647 925 3703 di·

207 3741 277 3796 vina
301 3741 441 3801 versatur,
463 3737 552 3799 2000,
572 3736 747 3793 0000000010
770 3737 924 3809 practicus,

209 3831 240 3887 10
257 3829 552 3903 00001000000100
570 3826 716 3882 humanos
734 3844 765 3883 se
783 3827 923 3892 extendit,

207 3920 311 3985 2000;
326 3920 377 3974 000
392 3917 449 3973 0101
469 3918 563 3988 potest
580 3914 754 3986 simpliciter
771 3916 926 3988 speculati·

207 4028 272 4076 vus,
287 4009 374 4074 2000,
395 4008 465 4081 0010
478 4005 680 4080 principaliter
692 4006 729 4063 ad
744 4006 926 4062 011100000-

208 4099 360 4172 spicieada
382 4098 755 4163 000100100,1000,2010,
772 4113 826 4153 000
844 4100 926 4153 00100

211 4192 358 4246 humanos
385 4188 559 4252 considerat,
583 4187 640 4243 nisi
664 4191 755 4259 prout
781 4188 819 4242 ad
847 4187 925 4243 hunc

211 4280 301 4336 finem
316 4277 492 4341 referuntur,
502 4278 557 4333 200
565 4278 595 4341 0,
605 4277 656 4332 201
664 4278 696 4332 n.
707 4278 773 4332 ldeo
787 4278 825 4332 ad
834 4276 925 4333 vitam

209 4368 468 4441 contemplativam
489 4370 607 4439 spectat,
623 4367 715 4429 2000,
732 4368 771 4427 Β’,
788 4367 858 4439 0010
876 4367 926 4423 bo-

210 4460 289 4516 nitas
308 4459 471 4515 intellectus
495 4474 553 4514 non
576 4457 709 4514 consistit
727 4456 871 4529 precipue
895 4458 924 4514 in

211 4552 370 4623 operando,
385 4551 436 4606 sed
452 4549 482 4605 in
497 4548 732 4620 contemplando,
747 4549 859 4613 2001’;
876 4566 927 4621 per

212 4643 290 4696 bona
317 4644 416 4696 101000
445 4656 533 4710 opera
560 4642 685 4709 augetur
711 4641 739 4694 01
766 4638 924 4710 perficitur,

211 4730 318 4794 2001’;
330 4728 390 4786 imo
405 4729 570 4785 intellectus
585 4727 715 4784 fidelium
730 4728 760 4782 in
776 4728 927 4800 preceptis

212 4819 321 4875 divinas
338 4820 411 4891 legis
430 4817 571 4881 consistit,
586 4818 674 4882 2010,
690 4821 723 4875 01
741 4834 840 4873 coram
865 4835 928 4889 per·

210 4909 303 4965 versis
322 4911 351 4965 01
369 4907 495 4964 ethnicis
521 4908 596 4963 bona
619 4906 837 4963 conversatione
861 4908 926 4963 reli·

212 4998 329 5071 gionem
345 4998 560 5054 commendent.
576 4996 931 5069 2010,-0010010001οι·

212 5090 258 5143 est
285 5089 321 5143 00
351 5088 407 5143 000
435 5087 490 5142 sub
518 5085 630 5142 ratione
657 5086 795 5149 veritatis,
824 5089 875 5141 251
887 5088 928 5151 Α’,

214 5177 318 5240 1510,
333 5175 486 5232 sedetiam
502 5175 580 5231 circa
598 5174 764 5247 spirituales
782 5180 930 5233 creaturas

217 5268 386 5338 occupatur,
400 5264 501 5327 2510,
517 5265 609 5325 2551,
626 5267 712 5335 prout
731 5281 766 5320 ex
790 5264 832 5321 eis
856 5266 930 5322 0000

219 5354 414 5430 cognoscitur,
437 5354 528 5419 2050,
556 5354 662 5422 2590’;
691 5353 761 5411 item
788 5354 930 5429 primario

1014 699 1149 756 veritates
1165 699 1230 757 0001
1246 699 1419 764 considerat,
1434 701 1608 759 secundario
1627 702 1730 760 verita·

1015 790 1059 844 tes
1072 792 1192 853 creatas,
1205 789 1303 846 1910.
1315 790 1370 846 Sed
1381 791 1514 862 quamvis
1526 791 1604 847 circa
1618 791 1732 849 diversa

1015 881 1155 942 versetur,
1180 895 1255 935 unus
1274 882 1364 937 estet
1382 879 1516 952 simplex,
1541 882 1638 946 1910,
1662 882 1731 954 quis

1018 966 1202 1041 participatio
1221 972 1264 1024 est
1283 970 1418 1042 quaedam
1442 969 1607 1027 intellectus
1629 970 1730 1036 divini,

1017 1057 1067 1129 001
1082 1056 1207 1129 simplex
1222 1062 1273 1121 est,
1291 1059 1379 1125 1981,
1395 1062 1423 1115 01
1438 1059 1530 1132 00110
1545 1059 1732 1133 simplicitate

1016 1164 1070 1204 sua
1097 1148 1198 1205 omnia
1226 1132 1361 1221 intelligit
1389 1151 1417 1205 01
1444 1149 1587 1221 plurimos
1614 1150 1731 1207 0000100

1017 1237 1161 1309 producit,
1191 1238 1280 1295 1981.
1311 1270 1342 1279 -
1372 1239 1456 1295 Recte
1483 1239 1584 1297 lumen
1612 1240 1729 1305 dicitur,

1015 1328 1113 1392 2020,
1127 1328 1227 1393 2010,
1244 1327 1312 1401 0010
1327 1327 1469 1384 rationem
1486 1332 1580 1393 ornat,
1595 1330 1686 1394 2251,
1702 1333 1731 1386 01

1016 1417 1071 1473 soli
1096 1420 1291 1490 comparetur,
1311 1416 1370 1474 sive
1391 1417 1503 1474 ratione
1526 1417 1608 1482 lucis,
1635 1418 1686 1474 190
1695 1419 1727 1483 0,

1016 1507 1086 1581 0010
1114 1524 1165 1580 per
1192 1506 1289 1580 ipsum
1318 1506 1455 1579 perspicit
1482 1524 1567 1565 mens
1593 1507 1728 1566 veritates

1016 1614 1089 1670 0000
1109 1614 1160 1669 per
1178 1595 1266 1652 fldem
1286 1596 1386 1661 eredit,
1404 1596 1455 1653 190
1463 1596 1504 1662 1’,
1519 1598 1610 1665 2031,
1626 1600 1659 1654 01
1677 1595 1727 1654 001

1016 1686 1206 1760 proprietates
1221 1689 1249 1742 et
1258 1684 1457 1757 perfectiones,
1471 1686 1568 1751 1900,
1579 1688 1632 1743 202
1639 1687 1679 1753 0,
1689 1686 1727 1751 0,

1016 1779 1216 1833 creaturarum
1242 1774 1449 1840 conditionem,
1471 1776 1566 1841 1900,
1585 1776 1727 1834 virtutum

1016 1862 1219 1920 distinctiones
1233 1865 1261 1919 01
1275 1862 1461 1928 differentias,
1479 1863 1578 1926 1900,
1589 1880 1619 1919 00
1634 1863 1728 1935 ipsam

1016 1958 1120 2012 01000
1146 1953 1260 2015 intima,
1286 1952 1376 2017 1980,
1402 1956 1430 2009 01
1458 1954 1579 2009 modum
1609 1970 1666 2026 0οο
1692 1954 1730 2009 00

1017 2046 1108 2100 Deam
1133 2041 1261 2098 converti
1284 2042 1396 2106 debeat,
1419 2042 1515 2105 1900,
1536 2042 1595 2099 sive
1618 2042 1731 2099 ratione

1016 2132 1131 2193 caloris,
1158 2133 1246 2193 1971,
1271 2130 1410 2204 quonism
1438 2129 1605 2188 illuminata
1634 2136 1731 2189 mente

1017 2240 1069 2295 per
1092 2224 1203 2280 donum
1227 2221 1401 2287 intellectus,
1425 2221 1520 2278 001001
1544 2223 1680 2279 voluntas
1703 2226 1732 2279 et

1017 2314 1047 2369 10
1071 2312 1156 2369 00010
1174 2311 1345 2368 accenditur
1363 2310 1506 2383 generalis
1525 2328 1618 2377 amor,
1640 2313 1728 2369 1010.

1015 2436 1052 2446 -
1067 2405 1109 2458 10
1125 2402 1248 2458 salutem
1264 2399 1461 2459 necessarium
1472 2404 1523 2461 est.
1539 2403 1626 2466 1980,
1637 2402 1729 2467 2010,

1016 2491 1085 2565 0010
1105 2506 1156 2562 per
1183 2488 1279 2561 ipsum
1309 2491 1396 2546 datur
1422 2490 1549 2563 cognitio
1572 2490 1728 2547 veritatum

1016 2581 1240 2643 credendarum,
1266 2579 1353 2644 1980,
1382 2578 1530 2637 conlertur
1556 2582 1729 2652 supemstu·

1015 2672 1075 2727 rale
1100 2670 1199 2726 lumen
1220 2670 1256 2725 ad
1275 2685 1325 2725 eas
1352 2668 1565 2741 intelligendas,
1590 2669 1677 2733 1980,
1701 2672 1731 2725 01

1016 2776 1101 2816 mens
1122 2761 1157 2815 00
1180 2758 1298 2814 veritate
1317 2757 1383 2813 0001
1404 2774 1522 2830 prorsus
1542 2757 1728 2822 certificatur,

1017 2851 1069 2905 198
1077 2850 1126 2914 0;
1143 2846 1277 2921 quamvis
1295 2846 1374 2903 enim
1395 2864 1446 2919 per
1463 2846 1606 2903 rationem
1627 2862 1730 2903 omnes

1015 2956 1103 3011 opera
1131 2937 1180 2994 001
1209 2935 1369 3008 intelligere
1392 2936 1515 3001 valeant,
1543 2937 1641 2998 ltl'lll’,
1666 2936 1730 2993 0100

1015 3025 1229 3100 supernaturali
1252 3027 1329 3082 dono
1348 3042 1401 3082 nes
1420 3025 1503 3097 plene
1522 3024 1645 3097 intelligi
1665 3041 1730 3097 pos-

1015 3121 1093 3181 sunt,
1125 3116 1224 3179 1970,
1251 3115 1340 3180 2010,
1370 3132 1424 3172 000
1451 3114 1549 3170 omnia
1583 3113 1728 3187 cognosci,

1017 3208 1113 3265 1980.
1130 3236 1165 3247 -
1180 3206 1313 3261 Humana
1328 3204 1472 3261 industria
1487 3204 1598 3277 acquiri
1618 3204 1727 3276 000011,

1014 3297 1113 3361 2280,
1137 3298 1165 3353 01
1187 3294 1250 3351 0100
1273 3294 1392 3351 caritate
1417 3294 1518 3351 haberi
1542 3310 1600 3349 non
1625 3296 1727 3366 potest,

1014 3387 1116 3449 2010,
1144 3385 1228 3440 2011
1254 3401 1260 3439 :
1285 3384 1446 3440 humanam
1475 3384 1554 3441 enim
1583 3384 1727 3441 rationem

1014 3475 1127 3550 pertlcit
1147 3490 1205 3530 noa
1225 3473 1486 3546 qualitercumque,
1502 3474 1552 3530 sed
1571 3473 1601 3528 in
1625 3472 1728 3530 ordine

1015 3568 1053 3622 ad
1075 3565 1214 3621 ultimum
1241 3563 1340 3628 finem,
1360 3562 1463 3626 2010,
1484 3566 1512 3619 01
1540 3562 1570 3617 10
1596 3579 1664 3619 vera
1692 3564 1728 3619 de

1016 3656 1121 3711 ultimo
1149 3652 1206 3709 000
1235 3651 1426 3708 estimatione
1455 3652 1595 3716 consistit,
1624 3652 1726 3716 2010,

1016 3746 1094 3817 0000
1118 3744 1180 3799 0100
1209 3740 1302 3814 gratia
1328 3740 1389 3797 lieri
1419 3740 1527 3813 000011,
1552 3742 1646 3797 2021.
1672 3743 1727 3799 Sed

1015 3834 1153 3891 omnibus
1168 3831 1306 3903 10001001
1323 3830 1432 3887 habent
1451 3830 1612 3895 caritatem,
1629 3831 1727 3895 2000,

1015 3924 1105 3988 2010,
1133 3924 1277 3994 0000100
1306 3920 1409 3977 saltem
1438 3921 1475 3976 00
1499 3936 1533 3976 00
1556 3936 1622 3992 quas
1650 3920 1728 3993 quis-

1016 4029 1072 4085 que
1096 4012 1213 4067 credere
1233 4009 1473 4077 tenetur,2001)’,
1493 4010 1573 4066 utin
1595 4010 1651 4067 000
1670 4014 1727 4067 010-

1016 4101 1144 4166 biliatur,
1161 4100 1214 4156 200
1222 4099 1264 4163 0,
1280 4104 1308 4158 01
1322 4099 1387 4157 aliis
1408 4100 1526 4174 quidem
1544 4099 1646 4173 magis,
1663 4100 1729 4157 aliis

1016 4189 1393 4262 101000,2010’,00001οῐ0
1418 4189 1523 4263 triplex
1547 4194 1590 4246 est
1612 4190 1637 4247 ei
1663 4208 1727 4263 gra·

1015 4282 1079 4344 dus,
1109 4281 1208 4343 2010,
1234 4280 1357 4352 primus,
1382 4297 1439 4353 000
1466 4280 1614 4353 cognoscit
1640 4281 1728 4337 homo

1015 4373 1151 4429 veritates
1165 4370 1231 4429 0001
1247 4375 1390 4444 quantum
1407 4372 1581 4429 adsalutem
1598 4388 1730 4430 necessa·

1016 4464 1094 4520 rium
1123 4466 1175 4525 est,
1200 4462 1302 4526 0010,
1327 4463 1481 4519 00000000,
1511 4479 1569 4533 000
1593 4462 1673 4519 clarc
1701 4467 1730 4521 01

1017 4555 1150 4625 prompte
1168 4551 1292 4607 advertit
1311 4550 1454 4623 originem
1474 4551 1551 4615 fidei,
1567 4553 1658 4615 2050,
1674 4556 1730 4610 ter·

1016 4643 1159 4713 11000οο
1183 4640 1366 4713 singulorum
1391 4640 1582 4697 articulorum
1604 4643 1731 4700 rationes

1017 4731 1164 4788 subtiliter
1186 4730 1409 4801 contemplatur,
1430 4730 1484 4785 205
1493 4730 1530 4785 0.
1551 4732 1587 4787 Ut
1610 4726 1675 4803 quis
1699 4732 1728 4788 in

1017 4839 1051 4879 eo
1074 4820 1212 4893 proficiat,
1238 4822 1350 4892 oportet
1373 4820 1470 4875 omnia
1495 4823 1610 4877 terrena
1638 4821 1732 4894 despi-

1019 4928 1093 4975 cere,
1109 4910 1198 4971 2010,
1220 4909 1260 4970 0,
1282 4908 1424 4966 rationem
1446 4908 1570 4980 perlecta
1588 4910 1731 4983 subjicere

1021 5001 1098 5061 0001,
1125 5000 1211 5063 2010,
1238 5015 1326 5070 supra
1349 5014 1379 5053 se
1402 5014 1432 5053 se
1459 4997 1554 5069 ipsum
1584 5000 1730 5063 extollere.

1019 5090 1118 5151 2010,
1134 5092 1163 5144 01
1177 5104 1280 5143 omnes
1292 5086 1388 5142 cordis
1403 5086 1598 5157 dispersiones
1616 5089 1733 5162 collige·

1020 5194 1060 5240 re,
1085 5175 1185 5231 2010.
1211 5176 1379 5230 -Donum
1406 5173 1570 5232 intellectus
1593 5178 1630 5233 ad
1654 5177 1731 5233 viam

1019 5264 1245 5321 illuminativam
1257 5262 1390 5335 pertinet,
1402 5264 1489 5327 1081,
1500 5264 1632 5321 animum
1644 5266 1731 5332 00011,

1021 5354 1122 5422 1000,
1137 5354 1281 5411 rationem
1296 5353 1503 5427 speculativam
1523 5372 1612 5428 supra
1629 5374 1659 5414 00
1678 5356 1735 5416 010·
