4309 6259
405 525 445 572 nx
465 526 555 573 noms
574 526 710 573 scurrus
730 525 849 583 smera,
870 524 1044 573 raimerus
1066 525 1110 572 ιιι.
1133 544 1174 557 -
1194 524 1264 574 aar.
1287 525 1361 581 xxx,
1384 524 1458 573 xxm
1643 503 1701 571 231

166 694 390 774 diversificari3
401 696 503 759 nihilo
517 698 624 759 minus
638 716 728 760 sacra
741 696 905 779 Scriptura
919 698 945 758 Α
958 696 1075 777 quibus
1100 697 1329 761 consummatio
1354 696 1549 760 servabatur.
1574 695 1706 757 Invene-

165 793 303 855 vicissim
319 794 461 857 scientie
476 795 595 857 donum
610 794 822 877 appellatione
835 813 906 875 pru·
960 801 1034 855 mnt
1047 795 1167 877 quippe
1182 794 1346 858 veritatem
1363 794 1450 857 illam
1465 813 1559 875 quam
1581 800 1707 875 oporte-

165 891 275 954 dcntiae
289 892 502 955 communiter
515 901 649 974 sumptas
663 893 820 975 designat,
835 893 906 973 jux·
960 892 1013 954 bat
1028 892 1189 973 suscipere
1209 892 1295 955 lilios
1318 892 1389 955 vitae
1411 892 1449 955 ad
1471 908 1603 953 summas
1618 888 1707 951 Veri·

58 1006 110 1049 rra.
129 1018 154 1053 ιιι,
166 998 195 1051 ta
216 988 295 1051 illud
316 988 555 1052 Proverbiomm
576 990 713 1053 :Beatus
733 990 830 1053 homo
849 990 905 1070 qui
961 991 1033 1052 tatis
1047 991 1235 1071 obsequium
1254 1016 1260 1053 :
1278 990 1324 1053 eis
1338 990 1424 1053 enim
1440 989 1529 1053 labor
1542 988 1706 1070 appositus

49 1072 73 1111 η
165 1086 284 1148 invenit
297 1086 499 1169 sapientiam,
514 1096 547 1150 et
564 1089 620 1169 qui
642 1087 749 1150 aliluit
770 1090 906 1171 pmden-
960 1096 1019 1165 est,
1049 1088 1141 1152 nobis
1174 1106 1250 1153 vero
1284 1096 1462 1151 reservatus
1494 1096 1543 1149 est
1571 1086 1704 1149 fructus,

48 1209 153 1259 imant.
166 1184 215 1245 tia.
235 1184 320 1247 Alibi
344 1203 471 1267 quoque
497 1210 505 1249 z
532 1186 587 1249 llic
611 1186 786 1269 sapientie,
812 1187 907 1249 Soror
960 1186 1092 1269 lnsupor
1115 1188 1233 1249 donum
1258 1187 1399 1250 scientie
1423 1172 1589 1249 meridiem
1614 1184 1707 1265 spiri-

166 1302 232 1345 mea
245 1292 338 1361 es;et
351 1286 552 1366 prudentiam
566 1304 645 1349 voca
658 1286 793 1349 amicam
806 1296 903 1348 tuam.
961 1285 1055 1347 tualis
1078 1284 1142 1347 diei
1169 1285 1201 1347 in
1226 1284 1334 1347 anima
1358 1284 1473 1363 allicit,
1493 1284 1569 1346 dum
1598 1280 1706 1344 lumen

166 1381 321 1444 interdum
351 1402 427 1447 vero
451 1384 618 1465 pmdentia
641 1404 660 1447 a
685 1384 819 1447 scientia
847 1383 907 1445 ista
961 1402 1053 1445 suum
1068 1382 1110 1445 ad
1128 1402 1225 1445 sacras
1245 1382 1413 1464 Scriptura
1432 1381 1610 1445 doctrinam
1631 1398 1707 1441 sane

47 1504 152 1553 runa.
165 1480 378 1561 distinguitur,
395 1480 563 1543 Salomone
583 1482 709 1544 dicente
730 1505 738 1545 ι
760 1480 805 1544 Ne
824 1481 907 1543 inni·
961 1478 1202 1560 intelligendam
1223 1498 1260 1541 ac
1282 1498 1357 1542 vere
1376 1478 1416 1541 ab
1435 1478 1506 1541 aliis
1525 1477 1709 1542 discernen-

165 1578 238 1640 taris
260 1580 436 1661 pmdentite
457 1588 529 1641 tuas.
961 1577 1033 1639 dam
1048 1578 1209 1659 expandit.
1226 1578 1320 1640 Sacra
1336 1577 1422 1639 enim
1437 1577 1554 1639 divinae
1568 1576 1708 1656 Scriptu-

962 1694 1004 1737 ras
1027 1675 1172 1738 doctrina
1197 1675 1304 1738 lumen
1324 1684 1371 1737 est
1390 1674 1567 1738 coelilorrne
1591 1692 1628 1736 aa
1651 1692 1709 1755 pu-

962 1792 1032 1835 mm
1064 1774 1103 1835 ad
1125 1773 1224 1836 instar
1244 1772 1426 1836 meridiane
1450 1774 1535 1836 horte
1558 1772 1622 1835 diei
1641 1771 1709 1834 ani·

342 1832 587 1897 ARTICULUS
610 1833 720 1897 XXX·
921 1820 1048 1933 Bmanl
1077 1872 1275 1953 splendidius
1298 1871 1485 1935 illuminans
1508 1870 1708 1950 validiusque

177 1983 338 2048 Qatomodo
365 1982 488 2041 donum
516 1983 661 2041 scientiar
685 1982 893 2057 spirituatem
963 1970 1179 2033 inllammans.
1210 1970 1295 2032 Facit
1328 1987 1454 2051 quoque
1488 1969 1619 2031 scicntia
1648 1968 1709 2031 ista

334 2072 423 2129 diem
442 2071 525 2145 facit
548 2072 584 2129 io
609 2073 732 2129 animo.
962 2085 1032 2147 quae
1046 2067 1165 2135 donum
1180 2074 1228 2128 est
1243 2067 1502 2147 vesperam,dum
1519 2066 1558 2128 ad
1574 2064 1709 2127 morales

963 2163 1112 2225 scientias
1132 2172 1163 2226 et
1181 2164 1220 2225 ad
1240 2162 1414 2244 operabilia
1433 2182 1466 2225 se
1486 2182 1544 2225 sua
1562 2161 1710 2225 directio·

218 2264 333 2339 lotJET
347 2265 488 2347 (opinor)
502 2284 541 2328 ex
560 2265 666 2345 dictis,
682 2266 767 2345 quod
788 2267 907 2329 donum
964 2282 1004 2324 ne
1020 2262 1189 2344 protendit.
1207 2262 1258 2323 Sic
1274 2261 1358 2323 enim
1374 2262 1512 2323 virtuose
1528 2258 1709 2323 conversari

233 2363 377 2426 scientias
401 2370 449 2425 ost
477 2362 715 2445 supernaturale
738 2364 910 2427 deilorme-
964 2359 1115 2423 informat
1133 2384 1139 2421 :
1158 2359 1358 2423 conversatio
1373 2368 1477 2422 autem
1500 2357 1636 2421 exterior
1657 2376 1710 2419 ve

160 2460 345 2542 quelumen
362 2462 477 2523 mentis
492 2469 624 2524 creatas:
641 2468 673 2523 et
687 2461 770 2523 siout
783 2470 909 2525 eternas
964 2459 1112 2541 spertinae
1145 2458 1317 2521 assimilata
1352 2466 1400 2520 est
1433 2457 1530 2535 bora,
1560 2456 1710 2537 quoniam

160 2559 339 2640 divinaeque
354 2558 470 2621 mentis
485 2559 620 2621 scientia
634 2578 697 2621 una
717 2578 754 2621 ac
773 2560 909 2641 simplex
964 2558 1070 2619 minor
1084 2564 1132 2619 est
1148 2556 1273 2619 claritas
1288 2556 1358 2636 ejus
1372 2573 1467 2636 quam
1483 2553 1644 2617 interioris
1660 2572 1712 2615 cx-

160 2665 216 2735 est,
245 2675 313 2719 non
342 2656 531 2735 discursiva‚
561 2674 626 2719 non
655 2657 822 2737 acquisita,
852 2658 908 2719 sed
964 2655 1172 2732 oscitationis,
1198 2662 1230 2717 et
1257 2654 1407 2736 quoniam
1433 2653 1549 2716 mentis
1571 2660 1713 2715 contem-

161 2754 326 2832 absoluta3
343 2755 390 2817 sic
411 2754 471 2817 ista
490 2754 624 2817 scicntia
643 2754 820 2817 discursiva
844 2773 908 2817 non
964 2754 1139 2838 plationem
1162 2752 1352 2833 assequitur,
1374 2752 1457 2813 sicut
1475 2749 1639 2813 meridiem
1658 2767 1712 2811 ve-

160 2860 269 2915 exstat.
287 2851 358 2915 Non
372 2852 459 2914 enim
480 2871 518 2914 cx
540 2852 720 2915 intellectus
742 2853 910 2916 ratiocina·
965 2870 1059 2933 spera
1079 2850 1321 2914 concomitatur.

161 2949 245 3012 tione
269 2950 443 3032 dependet,
459 2967 518 3012 nec
545 2951 720 3013 secundum
744 2950 910 3013 diversita-

163 3054 223 3109 tem
256 3066 366 3110 rernm
399 3046 550 3110 scitamm
585 3048 730 3129 partitur,
760 3050 817 3111 sed
851 3048 946 3111 suoC

161 3145 332 3225 splendore
356 3144 511 3207 rationem
531 3146 570 3207 ad
590 3146 698 3207 omnia
717 3155 822 3208 creata
846 3146 910 3209 dis-
1143 3102 1387 3167 ARTICULUS
1411 3101 1537 3165 XXXI'

159 3244 320 3305 cernenda
334 3242 473 3305 irradiat.
490 3243 598 3325 ltaque
615 3243 735 3307 donum
755 3243 907 3323 scientie,
1011 3257 1059 3315 De
1085 3255 1216 3313 interno
1239 3250 1387 3310 concivio
1409 3250 1490 3309 doni
1512 3250 1664 3308 scientie.

159 3340 280 3403 ratione
301 3340 534 3421 limpidissimas
555 3360 620 3403 suat
638 3341 802 3423 claritatis,
822 3343 908 3405 diem

159 3439 361 3518 spiritualem
382 3439 415 3500 in
437 3440 545 3502 anima
567 3447 666 3521 parat.
1028 3440 1128 3503 ORRO
1142 3441 1260 3503 donum
1276 3438 1416 3501 scientia
1431 3444 1570 3499 mentem
1586 3436 1713 3517 spiritu-

197 3537 257 3599 Sed
274 3544 307 3599 et
323 3538 497 3599 secundum
513 3538 667 3619 maiorem
688 3539 908 3621 minoremque
1042 3538 1146 3602 alibus
1176 3536 1306 3599 ferculis
1338 3534 1582 3598 deliciosissime
1617 3541 1711 3615 atque

158 3634 428 3698 illuminationem
443 3654 539 3715 quam
555 3644 673 3712 causat,
691 3656 783 3699 mane
797 3646 829 3699 ct
843 3657 909 3699 me-
965 3636 1203 3699 multilormiter
1217 3634 1431 3697 relicit.Teste
1446 3633 1531 3695 enim
1546 3630 1708 3712 Gregorio,

160 3732 274 3795 ridiem
301 3752 531 3814 vesperamque
549 3733 584 3795 in
603 3742 708 3796 mente
727 3734 905 3816 distinguit.
964 3737 1025 3801 boc
1039 3744 1087 3799 est
1102 3754 1197 3816 super
1210 3732 1464 3814 Omnipotentem
1479 3729 1600 3793 deliciis
1615 3730 1710 3792 aliiu—
1735 3756 1777 3800 roa
1799 3768 1850 3807 xxti,

159 3830 237 3892 llum
252 3830 344 3893 enim
358 3832 397 3892 ad
413 3831 562 3894 scientias
583 3832 742 3895 naturales
756 3841 786 3894 et
800 3834 909 3915 acqui·
964 3853 1028 3911 ere,
1058 3852 1097 3896 ex
1128 3832 1237 3895 divino
1270 3849 1377 3894 amore
1410 3848 1506 3892 sacrae
1539 3821 1756 3909 seriptura²⁶·

160 3928 234 3990 sitas
259 3948 319 3991 seu
344 3928 581 4012 philosophicas
606 3950 640 3992 se
664 3932 815 4011 extendit,
836 3932 907 3994 illas
963 3933 1067 4013 epulis
1082 3930 1200 4007 satiari,
1216 3930 1247 3991 in
1263 3930 1355 4009 cujus
1371 3928 1522 3990 nimirum
1538 3926 1645 3989 verbis
1663 3934 1710 3989 tot

159 4028 361 4108 perficiendo
375 4046 412 4089 ac
426 4028 604 4110 dirigendo,
622 4049 713 4092 mane
733 4030 907 4113 spiritualis
963 4030 1093 4093 delicias
1114 4027 1304 4102 invenimus,
1321 4034 1398 4107 quot
1416 4027 1455 4088 ad
1475 4034 1618 4089 nostrum
1637 4044 1709 4106 pro-

158 4124 235 4188 laeit
270 4126 350 4189 diei.
385 4124 548 4189 Naturales
582 4147 719 4209 namque
753 4130 904 4207 scientiae,
963 4130 1083 4192 lectum
1116 4126 1334 4207 intelligentias
1361 4124 1559 4187 diversitates
1592 4124 1709 4205 accipi·

158 4242 256 4303 quum
280 4224 348 4286 siut
369 4224 456 4286 velut
475 4225 597 4287 lumina
615 4226 802 4290 obumbrata
822 4237 908 4291 tene·
923 4225 948 4287 D
963 4246 1034 4289 mus
1052 4249 1059 4287 :
1075 4234 1111 4288 ut
1125 4226 1219 4288 modo
1234 4243 1292 4287 nos
1307 4224 1370 4286 alat
1384 4223 1468 4285 nuda
1483 4222 1627 4301 historia,
1643 4242 1710 4285 mo-

157 4320 289 4403 brisque
305 4322 471 4404 permixta,
488 4324 639 4403 quoniam
655 4326 694 4386 ad
711 4344 817 4387 veram
837 4326 909 4389 leli·
963 4327 1003 4388 do
1019 4326 1079 4387 sub
1096 4332 1180 4387 textu
1201 4324 1303 4385 velata
1321 4341 1379 4385 nos
1400 4331 1507 4404 pascat
1526 4322 1709 4385 medullitus

159 4420 287 4483 citatem
314 4421 487 4501 perducere
513 4430 687 4503 nequeunt,
708 4442 767 4486 nec
792 4425 908 4487 mentis
962 4422 1124 4504 allegoria,
1142 4422 1236 4484 modo
1256 4422 1295 4483 ad
1320 4419 1505 4483 sublimiora
1529 4438 1587 4482 nos
1610 4419 1710 4501 erigat

158 4518 334 4599 caliginem
349 4537 405 4580 seu
421 4518 499 4581 vitia
512 4521 669 4601 expellere
686 4521 802 4599 valent,
815 4522 909 4583 idcir·
964 4519 1190 4601 contemplatio
1205 4518 1378 4599 anagogiae,
1396 4518 1427 4578 in
1451 4516 1615 4597 presentis
1636 4516 1709 4579 vitae

159 4616 564 4698 coaurorae,quaestdiei
581 4618 750 4680 obscurum
767 4619 906 4697 initium,
965 4619 1099 4700 caligine
1134 4619 1199 4700 jam
1233 4619 1272 4680 de
1301 4616 1421 4679 lumine
1449 4614 1633 4678 eternitatis
1661 4634 1709 4678 re-

158 4721 397 4796 comparantur.
419 4714 474 4775 llis
492 4733 569 4796 ergo
588 4715 731 4778 scientiis
753 4716 831 4779 lacit
854 4717 909 4780 do
965 4718 1102 4800 fulgens.

160 4833 235 4874 nurn
261 4812 405 4875 scientiae
424 4811 508 4875 bene
526 4814 584 4890 uti,
601 4822 633 4877 et
651 4816 690 4877 ad
710 4815 787 4878 fidei
807 4814 908 4878 linem
1005 4817 1130 4898 Triplex
1145 4834 1219 4896 ergo
1234 4821 1282 4877 est
1296 4833 1407 4876 mensa
1421 4832 1518 4876 sacra
1529 4814 1706 4894 Scriptura.

159 4930 212 4973 aas
226 4910 363 4989 referre,
379 4909 465 4972 circa
478 4930 532 4975 eas
546 4912 774 4976 convenienter
793 4915 909 4977 sentire
964 4914 1067 4976 Prima
1084 4921 1131 4975 est
1151 4930 1261 4974 mensa
1282 4911 1431 4988 historia,
1450 4911 1481 4972 in
1503 4930 1565 4991 qua
1588 4911 1710 4991 simpli-

158 5018 190 5071 ει
218 5017 309 5071 recte
335 5008 492 5088 judicare,
523 5011 791 5091 quemadmodum
820 5012 909 5092 Hugo
966 5032 1019 5074 ces
1043 5010 1255 5092 grossioribus
1276 5009 1436 5071 alimentis
1458 5008 1556 5071 lidcm
1578 5008 1709 5070 firman-

160 5105 911 5191 lateturzlbilosopbis(inquiens)seusapicn-
966 5108 1050 5171 tibus
1078 5107 1279 5185 reficiuntur,
1306 5106 1388 5169 sicut
1415 5106 1490 5168 dum
1521 5107 1630 5187 legunt
1658 5107 1709 5169 vel

160 5205 245 5267 tibus
260 5202 487 5283 hujusmundi
503 5205 674 5269 datumest
693 5207 909 5289 philosophari
966 5206 1100 5270 audiunt
1121 5205 1298 5287 corporalia
1322 5204 1436 5268 Christi
1463 5204 1615 5267 miracula
1643 5229 1650 5267 :
1678 5214 1712 5267 ut

158 5311 190 5366 et
207 5302 337 5385 aliquas
359 5301 507 5365 veritates
523 5302 679 5384 invenire,
696 5312 825 5387 propter
838 5325 908 5384 noa,
966 5305 1052 5387 quod
1073 5323 1174 5367 cecus
1201 5311 1294 5366 natus
1319 5302 1422 5365 visum
1448 5304 1578 5384 recepit,
1594 5264 1845 5385 quatri-ifss'fn'u'
