4309 6259
535 506 692 553 nxrosmo
712 505 811 553 nrum
834 506 840 550 :
864 506 1019 553 sraaunou
1039 508 1188 555 aaraaua
1208 510 1326 557 ancara
1647 492 1706 559 tta

166 676 326 759 biliterquc
350 676 532 759 persistens,
554 700 570 737 a
597 686 629 741 et
652 676 742 741 Pater
762 700 779 737 a
805 676 907 741 consi·
922 674 948 738 A
962 678 1153 760 plectentur,
1169 685 1202 741 et
1216 680 1323 761 utique
1338 678 1493 743 intensive
1515 679 1640 761 penitus
1660 679 1708 741 in-

166 784 249 838 stens
268 798 285 835 a
307 782 390 839 totus
412 798 440 853 a,
458 776 489 839 id
513 785 561 839 cst
585 777 755 858 perlectus,
772 776 804 839 in
829 776 907 840 Filio
962 775 1074 852 linite3
1100 794 1197 857 quam
1221 778 1328 840 multa
1351 786 1383 841 et
1411 797 1542 841 summae
1571 777 1635 839 sint
1662 777 1707 839 eis

167 884 311 957 tanquam
325 876 359 937 in
375 875 509 938 naturali
524 895 561 939 ac
578 876 671 956 plena
686 876 822 958 imagine
838 894 904 953 sua,
963 874 1099 937 rationes
1123 884 1239 938 mutuae
1268 876 1455 956 dilectionis,
1481 895 1577 958 quam
1600 894 1710 957 supcr-

166 998 182 1033 «
208 974 336 1055 prodeat
361 997 390 1052 u,
406 974 438 1036 id
462 982 520 1052 est,
538 975 673 1058 gmtiose
697 974 789 1038 nobis
812 992 908 1055 appa·
962 972 1144 1036 dulcissime
1169 993 1202 1036 se
1227 984 1336 1038 mutuo
1361 974 1574 1056 perfruantur.
1602 974 1709 1036 'lentae

167 1082 241 1150 reat,
257 1072 300 1135 ita
319 1074 404 1153 quod
424 1080 592 1154 utrumque
613 1071 750 1135 lidelitcr
768 1080 908 1136 contem·
963 1090 1038 1152 ergo
1058 1090 1189 1135 summac
1209 1081 1241 1135 ct
1260 1073 1530 1154 superbenedicta
1550 1071 1708 1133 Trinitatis

166 1172 287 1253 plemur
309 1170 342 1233 in
368 1189 490 1249 aurora,
518 1172 598 1235 sicut
622 1172 760 1253 loquitur
782 1170 905 1233 isaias:
964 1168 1105 1232 felicitati
1140 1190 1177 1232 ac
1205 1170 1314 1252 glorie
1346 1172 1420 1234 totis
1453 1170 1710 1253 congratulemur

41 1270 208 1342 aarum
231 1288 323 1332 mane
348 1270 484 1352 vigilabo
508 1271 547 1333 ad
573 1279 622 1348 tc;
648 1278 680 1334 et
709 1269 906 1333 Psalmista:
963 1268 1155 1350 precordiis,
1187 1269 1347 1332 humiliter
1379 1270 1586 1351 deprecantes
1614 1278 1649 1330 ut
1678 1275 1710 1330 et

68 1392 152 1439 raus
165 1368 250 1431 blane
265 1368 396 1431 adstabo
412 1368 477 1447 tibi,
495 1376 527 1431 et
543 1369 655 1432 videbo
674 1368 823 1449 quoniam
844 1384 907 1428 non
963 1384 1022 1429 nos
1047 1366 1244 1448 pauperculi,
1267 1368 1381 1449 pietate
1405 1369 1515 1450 ipsius,
1537 1368 1575 1431 ed
1601 1367 1710 1429 viden-

165 1467 244 1529 Deus
259 1467 371 1530 volens
391 1467 587 1548 iniquitatem
604 1476 636 1531 tu
652 1487 696 1531 es.
714 1465 910 1529 Ecclesiasti-
964 1466 1039 1527 dum
1064 1474 1097 1528 et
1119 1467 1350 1547 degustandum
1380 1467 1463 1549 quod
1491 1466 1650 1529 credimus
1678 1472 1711 1527 et

71 1577 133 1621 tect·
166 1584 220 1627 cus
238 1582 365 1646 quoque
385 1566 495 1628 asserit
513 1588 519 1625 :
536 1566 642 1629 Justus
662 1584 717 1628 cor
736 1584 828 1627 suum
849 1571 909 1625 tra·
965 1582 1139 1647 speramus,
1148 1583 1219 1628 mox
1235 1573 1306 1646 post
1320 1564 1391 1628 vita
1406 1566 1501 1647 bajus
1516 1561 1710 1628 curriculum

40 1642 215 1726 ¹¹¹¹¹'¹’⁶'dct
238 1664 277 1725 ad
301 1664 494 1746 vigilandum
518 1663 658 1727 diluculo
683 1665 722 1727 ad
741 1662 908 1726 Dominum
965 1664 1185 1745 perducamur.

165 1761 216 1844 qui
240 1760 320 1825 lecit
337 1762 437 1825 illum.
459 1762 614 1843 Expresso
633 1762 753 1825 interca
772 1761 860 1824 Patre
879 1770 910 1825 et

163 1861 249 1941 Filio,
274 1861 464 1943 intelligitur
487 1860 579 1923 simul
605 1860 738 1942 Spiritus
763 1861 950 1934 Sanctus‚B
1004 1860 1085 1924 Ecce
1110 1861 1195 1924 hunc
1220 1862 1372 1943 hymnum
1396 1881 1470 1925 cum
1490 1862 1616 1925 sublimi
1637 1881 1712 1925 con-

164 1978 249 2023 amor
264 1968 299 2023 et
316 1960 614 2039 nexus,communio
629 1969 660 2022 ct
675 1960 819 2023 osculum
835 1958 910 2020 utri·
965 1958 1181 2041 completione,
1208 1980 1281 2022 cum
1312 1979 1390 2041 pura
1416 1969 1448 2023 et
1472 1959 1607 2023 ferventi
1631 1960 1712 2021 aile-

162 2076 283 2139 usque:
307 2058 360 2139 qui
385 2056 517 2139 Spiritus
542 2057 674 2120 Sanctam
698 2064 781 2120 totus
805 2064 854 2117 est
877 2055 908 2115 in
964 2058 1079 2135 ctione,
1111 2078 1184 2121 cum
1214 2058 1408 2139 precordiali
1443 2058 1496 2120 liei
1531 2058 1710 2121 laudatione

163 2164 308 2238 utroque,
326 2166 420 2237 atque
445 2162 577 2237 uterquc
597 2164 680 2219 totus
705 2154 737 2217 in
762 2156 842 2235 ipso.
859 2153 910 2215 Et·
965 2164 1139 2218 cantemus.
1171 2156 1262 2218 Panis
1291 2156 1343 2218 ille
1373 2155 1510 2219 coelestis
1538 2156 1591 2237 qui
1621 2156 1710 2218 cibus
1736 2178 1857 2231 raanan

161 2254 242 2318 enim
264 2254 416 2337 quelibet
440 2254 547 2317 divina
566 2262 598 2317 et
616 2254 755 2316 increata
774 2251 910 2315 Persona
964 2260 1012 2317 est
1037 2254 1222 2334 angelornm
1252 2273 1310 2335 per
1338 2253 1483 2316 lacialem
1513 2254 1709 2335 adspectum,
1724 2244 1849 2347 Ἕω

161 2362 205 2416 est
220 2361 285 2416 tota
304 2353 337 2415 in
352 2352 494 2433 qualibet
507 2354 578 2429 alia,
596 2372 652 2415 scu
671 2352 774 2435 potius
796 2342 910 2413 in'alia
966 2353 1006 2414 sit
1020 2352 1110 2413 cibus
1129 2360 1237 2414 noster
1256 2372 1312 2433 par
1333 2352 1431 2414 iidem
1456 2360 1488 2413 ot
1511 2352 1586 2413 fidei
1611 2352 1711 2414 notio
1725 2366 1758 2408 aa.
1851 2334 1857 2353 '

161 2459 291 2533 utreque
310 2474 317 2527 3
339 2459 372 2514 et
391 2459 425 2513 ut
444 2451 546 2533 primo
565 2451 646 2514 libro
665 2450 776 2513 asserit
801 2449 911 2510 liema-
965 2469 1049 2527 nem,
1069 2469 1126 2531 per
1149 2450 1287 2513 caritatis
1307 2449 1470 2512 allodtum.
1494 2449 1557 2511 Nec
1579 2451 1646 2511 siue
1665 2450 1712 2511 in-

162 2569 286 2627 scenus‚
309 2549 440 2631 singulae
464 2549 608 2613 Personae
628 2549 660 2609 iu
681 2547 812 2630 singulis
837 2554 911 2608 eunt
965 2549 1050 2631 genti
1074 2557 1106 2611 et
1130 2566 1260 2629 pmrsus
1280 2549 1454 2611 rationabili
1476 2568 1569 2611 causa
1590 2548 1713 2610 omitta-

161 2668 215 2729 per
230 2647 578 2725 circuminccssionem,
596 2665 693 2727 quum
709 2645 858 2726 quelibet
872 2643 911 2705 sit
966 2666 1036 2709 mus
1060 2648 1200 2729 quotidie
1225 2666 1410 2710 consecrare
1437 2655 1469 2708 ot
1493 2665 1618 2708 seruere
1648 2654 1712 2707 tam

161 2746 331 2823 immensa,
358 2747 487 2809 etitem
513 2764 570 2827 per
594 2744 738 2807 assentiar
767 2742 912 2807 identita-
966 2745 1323 2827 superpretiosissimum
1348 2744 1465 2821 cibum,
1482 2764 1520 2807 ac
1544 2743 1608 2807 lleo
1631 2743 1712 2806 Patri

161 2852 236 2923 tem,
274 2852 315 2906 ut
353 2854 480 2907 sanctam
518 2842 665 2907 disseruit
705 2842 909 2925 Augustinus,
967 2853 1029 2907 tam
1046 2844 1300 2925 acceptissimum
1322 2842 1514 2905 sacrificium
1535 2840 1711 2918 immolare,

159 2962 256 3025 quum
280 2944 567 3007 consubstantiales
589 2960 658 3005 esse
680 2950 862 3004 noscantur.
967 2950 1145 3023 satagentes
1155 2951 1187 3003 et
1197 2940 1468 3004 conversationem
1479 2938 1518 3002 ad
1534 2941 1594 3003 hoc
1609 2940 1713 3021 ipsum

198 3042 356 3117 Quocirca
393 3042 514 3105 sincere
542 3062 579 3105 ae
609 3041 744 3105 dulciter
772 3038 951 3103 contem-C
966 3042 1183 3124 peragendum
1217 3039 1444 3102 condecentem
1480 3047 1512 3101 ct
1546 3042 1712 3119 (quantum

160 3142 286 3223 plemur
305 3159 401 3221 quam
419 3159 547 3222 pmrsus
567 3142 722 3204 immensa
743 3140 783 3202 sit
804 3159 912 3222 supcr—
967 3138 1174 3201 imbecillitati
1198 3144 1314 3199 nostrae
1338 3144 1439 3198 exstat
1468 3135 1631 3217 possibile)
1655 3153 1712 3197 suo

161 3241 355 3303 beatissimae
381 3239 538 3303 Trinitatis
567 3242 663 3325 hujus
694 3241 852 3307 beatitudo
881 3248 911 3303 et
965 3236 1191 3299 modohabere
1214 3236 1414 3318 condignam.
1432 3233 1641 3315 spiritualiter
1660 3252 1713 3294 ve-

159 3334 271 3417 glorie,
289 3342 411 3417 quanta
431 3336 649 3418 propinquitas
671 3344 799 3413 mutua3
817 3354 911 3416 quam
967 3354 1001 3398 rc
1031 3336 1261 3399 manducemus
1285 3335 1345 3397 hoo
1374 3340 1606 3396 sacramentum
1635 3330 1713 3393 assi-

159 3433 435 3514 superclarissime
460 3443 492 3497 et
516 3435 849 3517 superdeliciosissime
879 3452 912 3494 se
966 3435 1039 3511 due,
1061 3434 1125 3496 imo
1149 3441 1181 3495 et
1204 3432 1342 3514 qualibet
1367 3432 1453 3494 hora.
1476 3430 1499 3493 0
1524 3436 1641 3511 quanta
1664 3435 1713 3489 est

160 3531 300 3594 invicem
323 3532 514 3596 eternaliter
533 3534 725 3611 intueantur,
742 3551 837 3614 quam
863 3550 913 3592 su·
968 3532 1115 3595 nobilitas
1145 3530 1317 3593 sacerdotis
1346 3530 1389 3591 ite
1417 3529 1558 3609 agentis!
1589 3527 1712 3589 Utinam

161 3631 445 3711 perardentissime
465 3632 652 3696 seinvicem
672 3640 779 3695 ament
799 3640 830 3694 et
849 3650 914 3693 am·
970 3629 1147 3693 ellicaciter
1168 3636 1314 3709 saperent
1335 3627 1426 3691 nobis
1447 3626 1517 3688 ista.

591 3952 674 4047 All
720 3950 973 4046 PRIMAM
1023 3949 1287 4045 HYlllNUS

273 4248 306 4309 l.
323 4246 400 4309 Jam
415 4244 499 4309 lucis
515 4246 587 4308 orto
602 4244 720 4323 sidere,

247 4347 360 4411 Deum
376 4360 549 4425 precemur
563 4342 729 4424 supplices

248 4445 298 4507 Ut
316 4444 352 4506 in
370 4442 500 4505 diurnis
518 4441 646 4505 actibus

248 4544 324 4607 Nos
338 4542 446 4605 servet
461 4557 480 4603 e
494 4538 700 4603 nocentibus.

275 4720 310 4784 2.
326 4720 490 4799 Linguam
510 4716 679 4781 refrenans
697 4716 857 4797 temperet

249 4820 306 4882 Ne
320 4817 390 4881 litis
404 4818 520 4879 horror
535 4815 676 4893 insonet,

252 4916 376 4979 Visum
396 4913 536 4977 fovendo
554 4913 707 4993 contegat

249 5016 307 5079 Ne
320 5013 482 5076 vanitates
497 5010 637 5074 hauriet.

276 5194 312 5258 3.
329 5192 402 5256 Sint
415 5208 497 5272 pura
511 5189 619 5254 cordis
633 5189 762 5269 intima,

254 5290 409 5355 thanat
422 5290 455 5353 et
468 5288 633 5368 vecordia,

1055 4244 1170 4307 Carnis
1188 4244 1272 4307 terat
1285 4242 1474 4323 superbiam

1055 4343 1159 4405 Polus
1177 4340 1308 4421 cibique
1326 4340 1477 4421 parcitas.

1080 4521 1111 4582 la.
1129 4521 1175 4583 Ut
1186 4538 1290 4602 quum
1304 4520 1375 4582 dies
1389 4518 1594 4598 abscesserit,

1057 4617 1261 4699 Noctemque
1274 4636 1346 4681 sors
1360 4616 1538 4695 reduxerit,

1058 4716 1174 4779 Mundi
1189 4734 1248 4798 per
1261 4714 1508 4793 abstinentiam,

1059 4815 1127 4895 Ipsi
1147 4832 1303 4877 canamus
1321 4812 1472 4893 gloriam.

1082 4995 1113 5055 5.
1130 4994 1201 5055 Deo
1217 4991 1308 5053 Patri
1327 4992 1371 5053 sit
1389 4990 1506 5070 gloria,

1059 5092 1206 5171 Ejusquc
1225 5089 1288 5153 soli
1308 5087 1404 5165 Filio,

1059 5189 1143 5251 Cum
1164 5188 1290 5268 Spiritu
1308 5186 1489 5260 Paracleto,

1060 5287 1103 5352 Et
1120 5304 1208 5349 nunc
1226 5286 1259 5350 et
1276 5285 1312 5347 in
1328 5284 1536 5366 perpetuum.
1552 5282 1671 5345 Amen.
