4309 6259
460 458 499 521 tc
866 477 1023 525 axaosrrro
1044 478 1144 525 nrum
1167 478 1173 523 :
1197 476 1249 524 arn
1269 477 1324 525 rsr
1344 478 1412 526 uras
1433 478 1529 527 renus
1550 478 1601 527 oar

459 646 553 728 pians
571 646 1074 727 peccataearnaliumhominum
1090 648 1249 711 media-A
1265 648 1455 729 primentem
1485 660 1605 713 metum
1640 650 1822 732 abjicimus.
1853 651 1942 715 Unde
1973 652 2014 713 ad

353 798 359 811 .
459 743 540 806 toria
556 762 593 805 ac
614 744 906 808 instrumentaliter.
924 745 1066 809 Christus
1088 746 1207 809 etenim
1263 746 1421 810 Romanos
1451 748 1572 830 profert
1599 750 1768 829 Apostolus
1795 772 1802 810 ε
1825 748 1894 811 Non
1923 768 2015 811 acce
2041 773 2118 818 aaa.

312 851 444 902 trimus.
460 849 509 903 est
538 842 693 905 mediator
721 842 775 905 Dei
806 852 836 905 et
865 844 1054 920 hominum3
1078 851 1110 906 et
1138 844 1209 925 ejus
1267 844 1358 924 pistis
1379 845 1526 925 spiritum
1547 847 1709 909 servitutis
1729 847 1843 909 iterum
1864 848 1898 909 in
1921 849 2015 910 tinio
2029 840 2059 877 ¹⁵·

461 957 547 1017 caro,
568 940 632 1003 imo
657 948 721 1002 tota
745 940 925 1003 humanitas
948 962 1004 1004 sua
1027 941 1088 1003 luit
1109 950 1140 1003 et
1161 949 1210 1004 est
1265 962 1309 1019 re,
1333 944 1387 1004 scd
1410 945 1578 1025 accepistis
1601 945 1748 1026 spiritum
1770 946 1951 1027 adoptionis
1974 946 2014 1008 li-

461 1036 706 1101 instrumentum
746 1039 932 1116 animatum,
975 1040 1207 1118 immediatum,
1264 1040 1379 1101 liorum
1400 1040 1530 1116 Dei;ad
1554 1042 1753 1105 Timotheum
1775 1062 1901 1124 quoque
1919 1043 2117 1111 :Nonrrru21

460 1134 666 1216 conjunctum
682 1155 718 1198 ac
735 1137 897 1218 proprium
911 1136 1005 1199 Verbi
1020 1137 1130 1199 aetemi
1146 1138 1207 1199 sibi
1263 1137 1351 1199 dedit
1379 1138 1471 1201 uobis
1501 1139 1582 1201 Deus
1611 1140 1758 1220 spiritum
1789 1140 1925 1218 timoris,
1956 1141 2014 1203 sed

460 1232 540 1294 uniti
563 1256 570 1294 :
593 1232 702 1314 sicque
723 1251 797 1296 caro
817 1234 931 1296 Christi
958 1235 1208 1297 instrumentali-
1263 1235 1390 1297 virtutis
1410 1245 1441 1297 et
1459 1237 1640 1299 dilectionis
1661 1246 1692 1299 et
1711 1237 1902 1301 sobrietatis.
1924 1240 2015 1301 lusu-

458 1336 507 1392 ter
525 1349 561 1392 ac
582 1330 905 1409 mediatorie,virtutc
923 1332 1049 1394 deitatis
1067 1352 1123 1394 seu
1139 1351 1209 1412 per·
1264 1350 1331 1412 per,
1349 1332 1462 1393 caritas
1485 1333 1576 1395 nobis
1600 1332 1705 1395 inlusa
1728 1343 1870 1397 removet
1891 1344 2014 1398 metum

460 1445 544 1491 sonae
569 1429 663 1490 Verbi
694 1429 754 1490 sibi
785 1428 960 1509 conjuncti,
988 1430 1154 1492 mundavit
1177 1438 1209 1493 et
1264 1448 1350 1491 mere
1366 1430 1672 1512 servilem,etquum
1688 1432 1830 1513 perlecta
1844 1433 2010 1510 exstiterit,

458 1526 588 1589 abstulit
611 1526 754 1589 omnium
779 1527 900 1610 culpaS,
927 1536 1082 1609 quantum
1113 1527 1145 1590 in
1175 1547 1209 1591 se
1264 1536 1383 1589 metum
1406 1528 1495 1589 illum
1518 1547 1647 1609 prorsus
1667 1529 1805 1611 expellit,
1822 1530 1911 1611 juxta
1932 1532 2012 1594 illud

458 1631 535 1687 erat.
552 1624 625 1687 ldeo
645 1624 763 1687 dicitur
786 1648 791 1685 :
815 1632 850 1685 ut
871 1648 888 1685 a
912 1625 1019 1688 abluat
1042 1648 1070 1705 a,
1094 1626 1126 1688 id
1148 1634 1206 1703 est,
1264 1625 1421 1688 loannis:
1443 1627 1550 1689 Timor
1573 1646 1636 1689 non
1662 1636 1710 1689 est
1734 1627 1767 1689 in
1792 1629 1933 1713 caritate,
1955 1632 2012 1693 sed
2027 1654 2117 1698 uma

459 1731 571 1804 purget
592 1730 624 1785 θῖ
648 1722 742 1801 lavet,
764 1746 781 1783 a
807 1723 892 1786 luem
917 1725 1028 1786 mundi
1052 1746 1082 1804 a,
1105 1724 1136 1787 id
1162 1732 1210 1786 est
1265 1722 1405 1804 perlecta
1420 1724 1535 1786 caritas
1551 1724 1635 1788 foras
1650 1726 1747 1787 mittit
1763 1726 2014 1789 timoremRed-
2028 1722 2058 1761 ¹*

458 1820 664 1884 iniectionem
689 1822 855 1903 originalis
881 1822 1015 1903 peccati,
1041 1831 1136 1905 prout
1160 1842 1208 1884 sa·
1226 1828 1249 1890 B
1264 1826 1385 1900 datque
1400 1843 1487 1882 iners
1503 1826 1604 1882 vitam
1619 1844 1747 1894 novom,
1755 1825 1786 1886 id
1802 1833 1860 1901 est,
1869 1848 1887 1884 u
1897 1844 1983 1887 mors
1995 1849 2012 1884 a

459 1919 655 1983 cratissimus
685 1920 821 1982 loannes
850 1920 990 2001 Baptista
1020 1920 1170 1983 disseruit
1198 1944 1206 1982 ι
1264 1925 1296 1977 ct
1325 1918 1430 1998 passio
1455 1918 1569 1979 Christi
1600 1938 1657 1999 per
1686 1921 1815 1981 modum
1841 1921 2013 1985 meritoriae

459 2017 540 2079 Ecce
564 2018 673 2097 Agnus
697 2017 764 2093 Dei,
791 2036 865 2080 ecce
891 2017 945 2098 qui
972 2017 1054 2081 tollit
1079 2027 1209 2100 peccata
1265 2033 1368 2077 causae
1383 2025 1506 2098 reparet
1527 2025 1559 2078 et
1579 2017 1720 2079 obtineat
1735 2018 1829 2081 nobis
1844 2042 1861 2078 u
1879 2020 1977 2082 vitam
1996 2044 2013 2080 »

343 2130 348 2141 ·
460 2115 591 2191 mundi3
609 2123 771 2197 «peccata
786 2116 876 2178 tollat
894 2117 1084 2195 omnium»,
1101 2118 1206 2196 idest,
1264 2114 1373 2193 gratiae
1402 2114 1435 2175 in
1464 2116 1612 2195 praesenti
1640 2124 1673 2177 et
1702 2116 1800 2179 vitam
1833 2118 1944 2199 gloriae
1977 2120 2013 2181 in

460 2233 525 2278 non
541 2213 643 2277 solum
659 2214 814 2295 originale
834 2214 961 2295 generis
981 2214 1111 2277 humani
1136 2233 1208 2296 pec·
1264 2210 1382 2289 tuturo,
1404 2212 1734 2293 glorificationemque
1757 2214 1871 2277 animae
1891 2222 1924 2276 et
1944 2234 2015 2277 cor

460 2320 577 2391 catum,
595 2313 815 2375 verumetiam
832 2314 968 2376 actualia
983 2322 1015 2375 et
1029 2312 1208 2396 personalia
1265 2309 1362 2388 poris,
1379 2318 1487 2390 utpote
1502 2311 1662 2391 duplicem
1683 2312 1807 2390 stolam,
1824 2312 1913 2393 juxta
1927 2315 2013 2393 quud

459 2411 625 2474 hominum
641 2410 1112 2493 universorumpeccata,jurta
1129 2410 1206 2473 illud
1265 2407 1298 2468 in
1322 2407 1499 2469 Proverbiis
1524 2408 1641 2489 legitur
1666 2433 1673 2471 ε
1699 2409 1815 2473 Omnes
1843 2412 2011 2474 domestici
2028 2440 2118 2484 pana

325 2508 546 2577 u.uu,e.lsaiae
564 2508 741 2571 :Dominus
763 2509 869 2590 posuit
891 2509 922 2569 in
946 2528 984 2571 eo
1007 2507 1206 2589 iniquitatem
1264 2506 1334 2586 ejus
1349 2506 1454 2569 vestiti
1476 2515 1550 2567 sunt
1569 2507 1762 2589 duplicibus.
1779 2509 1814 2570 ln
1835 2508 1913 2572 Osee
1933 2528 2013 2590 quo
2026 2505 2057 2545 ²¹·

459 2606 603 2672 omnium
625 2614 779 2669 nostrum.
797 2606 884 2669 Unde
906 2607 945 2668 ad
961 2607 1109 2669 Hebraeos
1130 2607 1208 2668 scri·
1264 2621 1326 2683 que
1347 2604 1533 2685 praedictum
1555 2614 1602 2667 est
1624 2628 1630 2667 :
1654 2605 1839 2669 Vivilicabit
1859 2626 1918 2671 nos
1939 2616 2012 2689 post
2027 2636 2115 2681 omem

330 2713 397 2759 θεὸν·
414 2728 443 2765 ιι,
458 2706 523 2789 psit
536 2705 704 2787 Apostolus
722 2729 728 2766 :
746 2704 887 2767 Christus
902 2704 1026 2767 oblatus
1042 2713 1090 2767 est
1109 2706 1207 2768 semel
1263 2703 1343 2764 duos
1362 2701 1441 2779 dies,
1460 2702 1492 2763 in
1514 2703 1565 2764 die
1587 2704 1679 2765 tertia
1701 2705 1867 2767 suscitabit
1887 2725 1957 2785 nos,
1979 2716 2012 2769 et

310 2780 344 2821 ἢ
458 2806 497 2869 ad
518 2804 690 2868 multorum
710 2803 924 2867 exhaurienda
946 2812 1088 2884 peecata.
1105 2803 1208 2883 Atque
1263 2800 1408 2863 vivemus
1424 2800 1457 2861 in
1473 2809 1646 2882 conspeetu
1661 2802 1741 2882 ejus.

457 2904 491 2966 in
507 2903 611 2984 prima
627 2901 856 2965 suaCanonica
876 2901 1027 2983 princeps
1043 2902 1209 2982 Apostolo-
1303 2901 1445 2960 Humum
1480 2902 1544 2958 sibi
1571 2920 1659 2961 mors
1687 2904 1819 2963 devoret
1847 2924 1860 2962 .·
1888 2903 1921 2965 id
1949 2911 2009 2981 est,
2072 2923 2085 2976 r

270 3018 275 3027 ·
321 3010 443 3063 iratam,
458 3021 528 3063 rum
543 3000 741 3082 deprompsit
758 3023 765 3060 :
784 2998 926 3061 Christus
947 3000 1044 3061 semel
1062 3018 1119 3081 pro
1135 3003 1242 3080 pec-C
1264 3019 1280 3056 u
1296 3014 1382 3059 mors
1394 3018 1411 3055 >i
1427 2995 1550 3060 Christo
1565 2997 1683 3078 injuste
1698 3018 1736 3061 ac
1752 2999 1910 3064 violenter
1924 3001 2012 3064 illata

312 3078 388 3126 Μ’
458 3100 537 3163 θθῖίε
562 3099 679 3162 nostris
704 3106 846 3161 mortuus
870 3106 929 3175 est,
950 3097 1054 3178 justus
1078 3116 1137 3179 pro
1160 3097 1208 3159 in·
1263 3096 1429 3157 «devoret
1449 3094 1510 3156 sibi
1531 3117 1559 3173 u,
1578 3096 1609 3157 id
1630 3104 1688 3173 est,
1706 3097 1745 3158 ad
1766 3098 1815 3160 sui
1836 3100 1938 3180 ipsius
1956 3100 2013 3162 de-

456 3197 562 3278 justis,
589 3204 624 3259 ut
648 3215 706 3259 nos
730 3195 864 3259 olferret
896 3196 971 3274 Deo,
997 3196 1206 3259 mortificatos
1262 3192 1467 3255 structionem
1488 3192 1642 3274 deglutiat
1662 3201 1694 3255 et
1714 3195 1905 3277 exstinguat,
1923 3220 1940 3257 u
1956 3197 2013 3259 ha-

458 3296 587 3377 quidem
611 3314 716 3372 cerne,
739 3294 920 3356 vivificatos
942 3301 1047 3356 autem
1070 3294 1204 3376 spiritn;
1261 3310 1350 3352 mum
1372 3312 1401 3369 a,
1419 3290 1450 3353 id
1473 3299 1521 3352 est
1542 3291 1640 3353 vitam
1664 3293 1861 3374 corporalem
1883 3314 1953 3376 quae
1974 3297 2011 3357 in

457 3393 636 3476 deglutiens
652 3401 786 3456 mortem
809 3400 843 3454 ut
863 3392 935 3455 vitae
950 3400 1073 3455 aeternae
1096 3392 1207 3455 allice·
1261 3388 1384 3452 Christo
1408 3388 1480 3466 luit,
1503 3408 1600 3469 quam
1625 3390 1663 3452 ad
1689 3398 1815 3473 tempus
1839 3392 1937 3456 breve
1958 3413 2011 3456 ex-

457 3512 565 3555 remur
579 3493 723 3556 heredes.
1262 3488 1371 3549 stinrit
1384 3511 1391 3548 z
1404 3505 1467 3568 qua
1483 3488 1559 3549 dum
1575 3507 1609 3549 se
1623 3488 1725 3551 voluit
1739 3490 1853 3553 satiare
1867 3510 1905 3553 ac
1920 3493 2010 3554 illam

495 3594 584 3662 Quid
597 3594 655 3652 lzoc
665 3600 769 3668 potest
785 3592 970 3661 sublimius,
979 3589 1011 3651 id
1026 3598 1085 3668 θεῖ,
1096 3611 1113 3649 u
1128 3589 1205 3671 quid
1260 3601 1383 3661 vorare,
1400 3585 1440 3646 ab
1454 3586 1564 3647 eadem
1581 3586 1613 3646 in
1630 3587 1861 3651 resurrectione
1876 3597 1925 3651 θεῖ
1938 3609 2011 3671 per-

456 3698 560 3773 potost
576 3712 592 3749 a
609 3708 680 3752 esse
700 3688 795 3751 altius
811 3706 848 3751 ac
863 3687 991 3769 dignius
1007 3688 1091 3750 inter
1108 3706 1205 3770 opera
1261 3681 1362 3744 forata
1390 3690 1484 3763 atoue
1508 3683 1674 3761 exstincta,
1700 3684 1823 3749 Christo
1848 3687 2011 3751 immorta-

454 3788 682 3851 misericordiae
706 3788 774 3866 Dei,
798 3796 835 3847 ut
858 3790 955 3863 culpa
978 3796 1106 3866 quaerat
1127 3806 1205 3863 pra·
1260 3780 1333 3843 liter
1360 3790 1543 3863 resurgente
1568 3783 1757 3863 impassibili
1787 3802 1931 3866 corpore,
1952 3788 2008 3867 qui

454 3886 590 3958 tiam,id
606 3893 665 3966 θεῖ,
676 3884 887 3948 consideratio
903 3884 1038 3966 propriae
1054 3884 1156 3966 culpae
1171 3884 1204 3945 in
1260 3886 1292 3941 et
1324 3878 1437 3941 merito
1468 3899 1532 3942 suae
1562 3881 1673 3942 mortis
1704 3881 1863 3943 universis
1897 3881 2010 3945 electis

454 3986 585 4049 homine
599 3984 706 4047 attrito
722 3983 977 4046 emendationem
994 3991 1202 4065 proponente,
1259 3978 1355 4040 etiam
1371 3978 1513 4059 corporis
1528 3978 1796 4041 immortalitatem
1819 3980 2007 4061 promeruit,

454 4083 585 4165 instiget
599 4090 631 4145 et
646 4090 772 4145 moveat
782 4081 945 4144 hominem
958 4082 1052 4144 talem
1065 4082 1104 4144 ad
1119 4100 1205 4163 quae-
1258 4096 1355 4158 quam
1370 4077 1403 4138 in
1418 4078 1558 4157 generali
1579 4080 1810 4141 resurreetione
1827 4080 2009 4162 adipiscen-

454 4182 585 4245 reudam
601 4180 728 4244 veniam
749 4188 780 4243 et
794 4202 811 4239 u
827 4180 960 4260 gratiam
977 4202 994 4238 i>
1010 4188 1135 4261 gratum
1158 4179 1204 4243 la·
1219 4183 1244 4244 D
1259 4184 1320 4237 tur.
1332 4179 1475 4255 Satisque
1489 4198 1522 4235 se
1537 4180 1632 4237 nodis
1647 4180 1737 4254 tipet,
1749 4177 1780 4238 id
1797 4187 1855 4256 esi,
1868 4178 2007 4260 propriis

303 4279 887 4351 aav.v.ao.cientemaDeolHineubi
903 4278 1076 4341 abundavit
1092 4298 1204 4361 pecca·
1259 4274 1451 4355 ligamentis,
1489 4274 1605 4355 quibus
1640 4284 1672 4337 et
1707 4275 2007 4339 innocentissimum
2116 4299 2117 4364 p

452 4388 531 4458 tum,
544 4380 705 4442 abundare
721 4378 802 4443 solet
816 4386 846 4440 et
861 4377 972 4459 gratia.
986 4378 1023 4439 Et
1037 4377 1203 4440 Psalmista
1257 4372 1415 4435 Christum
1432 4381 1539 4435 tenere
1560 4382 1592 4436 et
1607 4374 1707 4455 ligare
1723 4376 1936 4456 presumpsit,
1954 4394 2008 4438 co-

302 4502 436 4553 ramui.
453 4477 570 4541 latetur
591 4502 598 4539 x
620 4478 797 4541 Conversus
822 4496 893 4539 sum
913 4476 946 4537 in
968 4494 1110 4539 aerumna
1131 4495 1202 4539 mea
1257 4471 2006 4551 arctet,neinhominibus,utaute,dominium
2116 4473 2117 4480 ’

452 4577 497 4658 (id
513 4584 562 4639 θεῖ
576 4576 829 4641 consideratione
846 4574 982 4637 miseriae
1004 4577 1107 4654 meaa),
1125 4575 1200 4637 dum
1256 4572 1371 4634 habeat
1399 4589 1536 4653 semper,
1568 4573 1622 4634 sed
1658 4574 1783 4636 tandem
1820 4573 1861 4636 ab
1895 4574 2006 4637 electis
2116 4557 2117 4632 Ῐ

450 4676 625 4758 configitur
645 4676 749 4757 spina,
773 4675 805 4737 id
828 4682 876 4737 est
898 4692 1041 4737 remorsu
1062 4681 1094 4736 et
1115 4673 1201 4736 aftti-
1256 4670 1394 4733 totaliter
1408 4670 1601 4732 excludatur.
1620 4671 1750 4753 Propter
1763 4674 1848 4753 quod
1864 4673 1909 4735 ait
1923 4675 2007 4755 Apo
2116 4693 2117 4714 ¹

449 4776 566 4840 ctione.
588 4778 776 4854 Metumque
799 4779 901 4835 solvat
925 4776 1061 4842 caritas,
1084 4772 1114 4834 id
1139 4781 1197 4850 est,
1255 4768 1354 4831 stolus
1378 4768 1531 4848 :Oportet
1552 4770 1684 4832 mortale
1706 4770 1766 4832 hoe
1788 4770 1923 4833 induere
1944 4771 2005 4832 im·
2026 4803 2110 4847 mg„

448 4874 578 4938 dilectio
593 4872 707 4936 Christi
724 4874 763 4935 ad
780 4890 837 4935 nos
853 4870 1008 4934 dissolvat
1027 4878 1058 4933 et
1077 4870 1200 4934 aulcrat
1253 4866 1489 4945 mortalitatem,
1507 4876 1539 4929 et
1554 4876 1629 4930 tunc
1652 4867 1709 4931 liet
1730 4887 1835 4932 sermo
1854 4870 1910 4950 qui
1927 4870 2005 4932 sori-
2020 4869 2085 4909 ⁵³⁴⁵·

449 4996 465 5033 u
487 4982 606 5037 metum
628 4995 645 5031 n
669 4971 818 5034 servilem
841 4978 873 5033 et
894 4968 1110 5032 inordinatum
1132 4988 1200 5051 poe-
1253 4976 1325 5049 ptus
1340 4974 1389 5030 est
1405 4990 1412 5028 ε
1430 4967 1488 5029 Ubi
1508 4975 1567 5046 θεῖ,
1585 4986 1682 5047 mors,
1699 4968 1832 5032 victoria
1852 4971 1928 5032 tual
1944 4968 2003 5032 Ubi
2032 5001 2081 5043 om
2094 4967 2117 5036 ai

447 5091 561 5135 narum
589 5091 607 5133 a
636 5068 786 5133 cordibus
816 5067 943 5131 nostris.
971 5066 1049 5130 Nam
1078 5075 1111 5130 et
1139 5086 1198 5131 nos
1252 5074 1311 5145 est,
1336 5084 1433 5144 mors,
1460 5066 1607 5128 stimulus
1638 5070 1731 5129 tuusl
1756 5069 1907 5149 Tuncque
1938 5069 2000 5131 laeti
2019 5066 2051 5106 ¹⁴·

446 5170 611 5256 pensando
626 5175 780 5249 quantum
797 5174 828 5230 et
846 5166 983 5246 qualiter
1002 5165 1071 5247 ipse
1086 5166 1197 5230 dilexit
1252 5164 1451 5229 cantabimus
1468 5188 1475 5225 ε
1493 5164 1636 5246 laqueus
1651 5166 1805 5229 contritus
1820 5174 1878 5244 est,
1896 5174 1928 5229 et
1943 5186 2001 5231 nos
2029 5186 2115 5230 rana

446 5288 517 5351 nos,
534 5286 624 5351 spem
646 5275 678 5329 et
698 5285 839 5330 amorem
859 5265 1070 5346 concipimus,
1087 5285 1124 5330 ac
1139 5285 1197 5348 op
1251 5265 1376 5329 liberati
1393 5283 1512 5328 snmus.
2016 5253 2038 5295 ⁷·
