<?xml version="1.0" encoding="UTF-8"?>
<!DOCTYPE html PUBLIC "-//W3C//DTD XHTML 1.0 Transitional//EN"
    "http://www.w3.org/TR/xhtml1/DTD/xhtml1-transitional.dtd">
<html xmlns="http://www.w3.org/1999/xhtml" xml:lang="en" lang="en">
 <head>
  <title>
</title>
<meta http-equiv="Content-Type" content="text/html;charset=utf-8" />
  <meta name='ocr-system' content='tesseract 3.04.00' />
  <meta name='ocr-capabilities' content='ocr_page ocr_carea ocr_par ocr_line ocrx_word'/>
</head>
<body>
  <div class='ocr_page' id='page_1' title='image "./doctorisecstati02unkngoog/doctorisecstati02unkngoog_0420.png"; bbox 0 0 4309 6259; ppageno 0'>
   <div class='ocr_carea' id='block_1_1' title="bbox 456 486 1847 551">
    <p class='ocr_par' dir='ltr' id='par_1_1' title="bbox 456 486 1847 551">
     <span class='ocr_line' id='line_1_1' title="bbox 456 486 1847 551; baseline 0 -2"><span class='ocrx_word' id='word_1_1' title='bbox 456 486 514 549; x_wconf 80' lang='lat' dir='ltr'><strong>tou</strong></span> <span class='ocrx_word' id='word_1_2' title='bbox 605 500 645 550; x_wconf 79' lang='lat' dir='ltr'><strong>oa</strong></span> <span class='ocrx_word' id='word_1_3' title='bbox 666 501 868 549; x_wconf 76' lang='lat' dir='ltr'><strong>sacnauauno</strong></span> <span class='ocrx_word' id='word_1_4' title='bbox 887 502 1016 549; x_wconf 68' lang='lat' dir='ltr'><strong>caranus</strong></span> <span class='ocrx_word' id='word_1_5' title='bbox 1036 501 1074 548; x_wconf 84' lang='lat' dir='ltr'><strong>er</strong></span> <span class='ocrx_word' id='word_1_6' title='bbox 1094 502 1192 548; x_wconf 77' lang='lat' dir='ltr'><strong>aissa</strong></span> <span class='ocrx_word' id='word_1_7' title='bbox 1213 500 1438 549; x_wconf 46' lang='lat' dir='ltr'><strong>cartennensem</strong></span> <span class='ocrx_word' id='word_1_8' title='bbox 1459 502 1619 551; x_wconf 74' lang='lat' dir='ltr'><strong>aracaeus.</strong></span> <span class='ocrx_word' id='word_1_9' title='bbox 1642 522 1682 535; x_wconf 89' lang='lat'>-</span> <span class='ocrx_word' id='word_1_10' title='bbox 1704 504 1773 550; x_wconf 74' lang='lat' dir='ltr'><strong>aar.</strong></span> <span class='ocrx_word' id='word_1_11' title='bbox 1796 504 1847 550; x_wconf 79' lang='lat' dir='ltr'><strong>xvi</strong></span> 
     </span>
    </p>
   </div>
   <div class='ocr_carea' id='block_1_2' title="bbox 451 672 2098 3793">
    <p class='ocr_par' dir='ltr' id='par_1_2' title="bbox 451 672 2098 3793">
     <span class='ocr_line' id='line_1_2' title="bbox 1218 672 1987 754; baseline 0 -20"><span class='ocrx_word' id='word_1_12' title='bbox 1218 673 1382 754; x_wconf 81' lang='lat' dir='ltr'><strong>Aquoque</strong></span> <span class='ocrx_word' id='word_1_13' title='bbox 1411 681 1442 735; x_wconf 89' lang='lat' dir='ltr'><strong>et</strong></span> <span class='ocrx_word' id='word_1_14' title='bbox 1470 672 1646 737; x_wconf 90' lang='lat' dir='ltr'><strong>sanctitatis</strong></span> <span class='ocrx_word' id='word_1_15' title='bbox 1675 673 1863 738; x_wconf 87' lang='lat' dir='ltr'><strong>sacramenti</strong></span> <span class='ocrx_word' id='word_1_16' title='bbox 1893 672 1987 754; x_wconf 88' lang='lat' dir='ltr'><strong>istius,</strong></span> 
     </span>
     <span class='ocr_line' id='line_1_3' title="bbox 649 730 1989 852; baseline 0.001 -20"><span class='ocrx_word' id='word_1_17' title='bbox 649 730 894 796; x_wconf 69' lang='lat' dir='ltr'>ARTIGULUS</span> <span class='ocrx_word' id='word_1_18' title='bbox 918 732 1010 795; x_wconf 69' lang='lat' dir='ltr'><strong>XVI·</strong></span> <span class='ocrx_word' id='word_1_19' title='bbox 1258 790 1330 832; x_wconf 89' lang='lat' dir='ltr'><strong>cum</strong></span> <span class='ocrx_word' id='word_1_20' title='bbox 1346 770 1595 852; x_wconf 89' lang='lat' dir='ltr'><strong>profundissima</strong></span> <span class='ocrx_word' id='word_1_21' title='bbox 1609 772 1653 834; x_wconf 90' lang='lat' dir='ltr'><strong>tui</strong></span> <span class='ocrx_word' id='word_1_22' title='bbox 1670 772 1898 849; x_wconf 88' lang='lat' dir='ltr'><strong>humiliatione,</strong></span> <span class='ocrx_word' id='word_1_23' title='bbox 1914 790 1989 835; x_wconf 89' lang='lat' dir='ltr'><strong>oom-</strong></span> 
     </span>
     <span class='ocr_line' id='line_1_4' title="bbox 455 869 1985 960; baseline -0.007 -19"><span class='ocrx_word' id='word_1_24' title='bbox 455 882 504 942; x_wconf 81' lang='lat' dir='ltr'><strong>he</strong></span> <span class='ocrx_word' id='word_1_25' title='bbox 517 889 661 960; x_wconf 80' lang='lat' dir='ltr'><strong>quatuor</strong></span> <span class='ocrx_word' id='word_1_26' title='bbox 666 881 903 957; x_wconf 81' lang='lat' dir='ltr'><strong>principaliter</strong></span> <span class='ocrx_word' id='word_1_27' title='bbox 912 880 1119 940; x_wconf 80' lang='lat' dir='ltr'><strong>attendendis</strong></span> <span class='ocrx_word' id='word_1_28' title='bbox 1129 888 1204 939; x_wconf 84' lang='lat' dir='ltr'><strong>ante</strong></span> <span class='ocrx_word' id='word_1_29' title='bbox 1256 869 1441 950; x_wconf 78' lang='lat' dir='ltr'>punctione,</span> <span class='ocrx_word' id='word_1_30' title='bbox 1468 870 1645 934; x_wconf 87' lang='lat' dir='ltr'><strong>reverentia</strong></span> <span class='ocrx_word' id='word_1_31' title='bbox 1670 891 1707 934; x_wconf 92' lang='lat' dir='ltr'><strong>ac</strong></span> <span class='ocrx_word' id='word_1_32' title='bbox 1732 871 1844 933; x_wconf 91' lang='lat' dir='ltr'><strong>timore</strong></span> <span class='ocrx_word' id='word_1_33' title='bbox 1871 870 1985 947; x_wconf 87' lang='lat' dir='ltr'><strong>aceede,</strong></span> 
     </span>
     <span class='ocr_line' id='line_1_5' title="bbox 574 966 1988 1048; baseline -0.001 -19"><span class='ocrx_word' id='word_1_34' title='bbox 574 970 833 1039; x_wconf 81' lang='lat' dir='ltr'><em>celebrationem,</em></span> <span class='ocrx_word' id='word_1_35' title='bbox 849 971 914 1029; x_wconf 84' lang='lat' dir='ltr'><strong>imo</strong></span> <span class='ocrx_word' id='word_1_36' title='bbox 932 978 962 1029; x_wconf 89' lang='lat' dir='ltr'><strong>et</strong></span> <span class='ocrx_word' id='word_1_37' title='bbox 977 971 1014 1028; x_wconf 81' lang='lat' dir='ltr'><strong>io</strong></span> <span class='ocrx_word' id='word_1_38' title='bbox 1034 988 1081 1029; x_wconf 84' lang='lat' dir='ltr'><strong>ea.</strong></span> <span class='ocrx_word' id='word_1_39' title='bbox 1258 966 1362 1048; x_wconf 92' lang='lat' dir='ltr'><strong>potius</strong></span> <span class='ocrx_word' id='word_1_40' title='bbox 1381 974 1487 1031; x_wconf 89' lang='lat' dir='ltr'><strong>tamen</strong></span> <span class='ocrx_word' id='word_1_41' title='bbox 1506 988 1544 1031; x_wconf 82' lang='lat' dir='ltr'><strong>ex</strong></span> <span class='ocrx_word' id='word_1_42' title='bbox 1563 968 1692 1031; x_wconf 85' lang='lat' dir='ltr'><strong>caritate</strong></span> <span class='ocrx_word' id='word_1_43' title='bbox 1716 967 1849 1048; x_wconf 80' lang='lat' dir='ltr'><strong>ardenti,</strong></span> <span class='ocrx_word' id='word_1_44' title='bbox 1865 986 1901 1029; x_wconf 82' lang='lat' dir='ltr'><strong>en</strong></span> <span class='ocrx_word' id='word_1_45' title='bbox 1924 986 1988 1029; x_wconf 90' lang='lat' dir='ltr'><strong>eou-</strong></span> 
     </span>
     <span class='ocr_line' id='line_1_6' title="bbox 1258 1064 1988 1147; baseline 0.003 -22"><span class='ocrx_word' id='word_1_46' title='bbox 1258 1064 1461 1147; x_wconf 90' lang='lat' dir='ltr'><strong>templatione</strong></span> <span class='ocrx_word' id='word_1_47' title='bbox 1476 1066 1573 1129; x_wconf 90' lang='lat' dir='ltr'><strong>totius</strong></span> <span class='ocrx_word' id='word_1_48' title='bbox 1589 1065 1750 1145; x_wconf 82' lang='lat' dir='ltr'><strong>bonitatis,</strong></span> <span class='ocrx_word' id='word_1_49' title='bbox 1767 1065 1914 1143; x_wconf 84' lang='lat' dir='ltr'><strong>caritatis,</strong></span> <span class='ocrx_word' id='word_1_50' title='bbox 1928 1084 1988 1146; x_wconf 86' lang='lat' dir='ltr'><strong>pas·</strong></span> 
     </span>
     <span class='ocr_line' id='line_1_7' title="bbox 497 1161 1987 1245; baseline -0.001 -20"><span class='ocrx_word' id='word_1_51' title='bbox 497 1164 699 1227; x_wconf 72' lang='lat' dir='ltr'><strong>Vestras-</strong></span> <span class='ocrx_word' id='word_1_52' title='bbox 717 1164 751 1225; x_wconf 94' lang='lat' dir='ltr'><strong>ln</strong></span> <span class='ocrx_word' id='word_1_53' title='bbox 771 1164 858 1227; x_wconf 91' lang='lat' dir='ltr'><strong>omni</strong></span> <span class='ocrx_word' id='word_1_54' title='bbox 878 1163 1038 1226; x_wconf 87' lang='lat' dir='ltr'><strong>oblatione</strong></span> <span class='ocrx_word' id='word_1_55' title='bbox 1057 1170 1090 1225; x_wconf 89' lang='lat' dir='ltr'><strong>et</strong></span> <span class='ocrx_word' id='word_1_56' title='bbox 1108 1161 1205 1224; x_wconf 88' lang='lat' dir='ltr'><strong>sacri·</strong></span> <span class='ocrx_word' id='word_1_57' title='bbox 1259 1162 1356 1225; x_wconf 90' lang='lat' dir='ltr'><strong>sionis</strong></span> <span class='ocrx_word' id='word_1_58' title='bbox 1385 1163 1680 1245; x_wconf 79' lang='lat' dir='ltr'><strong>beneficiorumque</strong></span> <span class='ocrx_word' id='word_1_59' title='bbox 1713 1163 1892 1226; x_wconf 85' lang='lat' dir='ltr'><strong>Salvatoris.</strong></span> <span class='ocrx_word' id='word_1_60' title='bbox 1921 1163 1987 1223; x_wconf 87' lang='lat' dir='ltr'><strong>Vide</strong></span> 
     </span>
     <span class='ocr_line' id='line_1_8' title="bbox 455 1260 1987 1344; baseline -0.001 -21"><span class='ocrx_word' id='word_1_61' title='bbox 455 1261 534 1324; x_wconf 91' lang='lat' dir='ltr'><strong>ficio</strong></span> <span class='ocrx_word' id='word_1_62' title='bbox 562 1270 636 1324; x_wconf 89' lang='lat' dir='ltr'><strong>suut</strong></span> <span class='ocrx_word' id='word_1_63' title='bbox 663 1269 798 1343; x_wconf 89' lang='lat' dir='ltr'><strong>quatuor</strong></span> <span class='ocrx_word' id='word_1_64' title='bbox 825 1262 1066 1341; x_wconf 88' lang='lat' dir='ltr'><strong>consideranda,</strong></span> <span class='ocrx_word' id='word_1_65' title='bbox 1093 1267 1204 1341; x_wconf 89' lang='lat' dir='ltr'><strong>utputa</strong></span> <span class='ocrx_word' id='word_1_66' title='bbox 1258 1261 1360 1340; x_wconf 90' lang='lat' dir='ltr'><strong>qualis</strong></span> <span class='ocrx_word' id='word_1_67' title='bbox 1376 1261 1417 1323; x_wconf 90' lang='lat' dir='ltr'><strong>sit</strong></span> <span class='ocrx_word' id='word_1_68' title='bbox 1431 1261 1584 1339; x_wconf 86' lang='lat' dir='ltr'><strong>Christus,</strong></span> <span class='ocrx_word' id='word_1_69' title='bbox 1596 1262 1746 1344; x_wconf 90' lang='lat' dir='ltr'><strong>quoniam</strong></span> <span class='ocrx_word' id='word_1_70' title='bbox 1762 1280 1884 1323; x_wconf 90' lang='lat' dir='ltr'><strong>summe</strong></span> <span class='ocrx_word' id='word_1_71' title='bbox 1898 1260 1987 1322; x_wconf 91' lang='lat' dir='ltr'><strong>humi·</strong></span> 
     </span>
     <span class='ocr_line' id='line_1_9' title="bbox 455 1358 1987 1443; baseline -0.001 -22"><span class='ocrx_word' id='word_1_72' title='bbox 455 1360 539 1441; x_wconf 92' lang='lat' dir='ltr'><strong>quis,</strong></span> <span class='ocrx_word' id='word_1_73' title='bbox 556 1360 645 1443; x_wconf 90' lang='lat' dir='ltr'><strong>quid,</strong></span> <span class='ocrx_word' id='word_1_74' title='bbox 661 1360 725 1435; x_wconf 87' lang='lat' dir='ltr'><strong>oui,</strong></span> <span class='ocrx_word' id='word_1_75' title='bbox 742 1378 850 1440; x_wconf 87' lang='lat' dir='ltr'><strong>quare.</strong></span> <span class='ocrx_word' id='word_1_76' title='bbox 867 1362 913 1422; x_wconf 84' lang='lat' dir='ltr'><strong>Tu</strong></span> <span class='ocrx_word' id='word_1_77' title='bbox 933 1377 1008 1441; x_wconf 80' lang='lat' dir='ltr'><strong>ergo</strong></span> <span class='ocrx_word' id='word_1_78' title='bbox 1033 1366 1204 1439; x_wconf 79' lang='lat' dir='ltr'><strong>antequam</strong></span> <span class='ocrx_word' id='word_1_79' title='bbox 1257 1358 1308 1437; x_wconf 93' lang='lat' dir='ltr'><strong>lis,</strong></span> <span class='ocrx_word' id='word_1_80' title='bbox 1325 1358 1422 1438; x_wconf 89' lang='lat' dir='ltr'><strong>mitis,</strong></span> <span class='ocrx_word' id='word_1_81' title='bbox 1439 1359 1574 1441; x_wconf 77' lang='lat' dir='ltr'><strong>petione,</strong></span> <span class='ocrx_word' id='word_1_82' title='bbox 1599 1379 1707 1440; x_wconf 90' lang='lat' dir='ltr'><strong>purus,</strong></span> <span class='ocrx_word' id='word_1_83' title='bbox 1730 1368 1869 1437; x_wconf 89' lang='lat' dir='ltr'><strong>sanctus,</strong></span> <span class='ocrx_word' id='word_1_84' title='bbox 1891 1359 1987 1421; x_wconf 85' lang='lat' dir='ltr'><strong>carita·</strong></span> 
     </span>
     <span class='ocr_line' id='line_1_10' title="bbox 455 1454 1986 1539; baseline -0.003 -19"><span class='ocrx_word' id='word_1_85' title='bbox 455 1458 608 1537; x_wconf 79' lang='lat' dir='ltr'><strong>celebres,</strong></span> <span class='ocrx_word' id='word_1_86' title='bbox 626 1458 658 1520; x_wconf 89' lang='lat' dir='ltr'><strong>in</strong></span> <span class='ocrx_word' id='word_1_87' title='bbox 673 1457 785 1539; x_wconf 89' lang='lat' dir='ltr'><strong>primis</strong></span> <span class='ocrx_word' id='word_1_88' title='bbox 799 1458 926 1520; x_wconf 82' lang='lat' dir='ltr'><strong>attende</strong></span> <span class='ocrx_word' id='word_1_89' title='bbox 947 1465 978 1519; x_wconf 92' lang='lat' dir='ltr'><strong>ta</strong></span> <span class='ocrx_word' id='word_1_90' title='bbox 998 1456 1115 1538; x_wconf 88' lang='lat' dir='ltr'><strong>ipsum,</strong></span> <span class='ocrx_word' id='word_1_91' title='bbox 1132 1454 1203 1535; x_wconf 90' lang='lat' dir='ltr'><strong>quis</strong></span> <span class='ocrx_word' id='word_1_92' title='bbox 1257 1456 1352 1533; x_wconf 91' lang='lat' dir='ltr'><strong>tivus,</strong></span> <span class='ocrx_word' id='word_1_93' title='bbox 1369 1456 1485 1536; x_wconf 91' lang='lat' dir='ltr'><strong>justus,</strong></span> <span class='ocrx_word' id='word_1_94' title='bbox 1506 1457 1678 1538; x_wconf 89' lang='lat' dir='ltr'><strong>perfectus.</strong></span> <span class='ocrx_word' id='word_1_95' title='bbox 1701 1458 1732 1519; x_wconf 89' lang='lat' dir='ltr'><strong>Si</strong></span> <span class='ocrx_word' id='word_1_96' title='bbox 1757 1476 1833 1538; x_wconf 83' lang='lat' dir='ltr'><strong>ergo</strong></span> <span class='ocrx_word' id='word_1_97' title='bbox 1858 1456 1986 1519; x_wconf 88' lang='lat' dir='ltr'><strong>invenies</strong></span> 
     </span>
     <span class='ocr_line' id='line_1_11' title="bbox 454 1553 1986 1638; baseline -0.001 -21"><span class='ocrx_word' id='word_1_98' title='bbox 454 1564 486 1617; x_wconf 91' lang='lat' dir='ltr'><strong>et</strong></span> <span class='ocrx_word' id='word_1_99' title='bbox 505 1557 608 1637; x_wconf 92' lang='lat' dir='ltr'><strong>qualis</strong></span> <span class='ocrx_word' id='word_1_100' title='bbox 627 1556 670 1618; x_wconf 91' lang='lat' dir='ltr'><strong>sis</strong></span> <span class='ocrx_word' id='word_1_101' title='bbox 689 1555 744 1637; x_wconf 92' lang='lat' dir='ltr'><strong>qui</strong></span> <span class='ocrx_word' id='word_1_102' title='bbox 763 1555 924 1619; x_wconf 88' lang='lat' dir='ltr'><strong>celebrare</strong></span> <span class='ocrx_word' id='word_1_103' title='bbox 946 1554 1108 1638; x_wconf 86' lang='lat' dir='ltr'><strong>proponis.</strong></span> <span class='ocrx_word' id='word_1_104' title='bbox 1125 1553 1205 1616; x_wconf 84' lang='lat' dir='ltr'><strong>Cou-</strong></span> <span class='ocrx_word' id='word_1_105' title='bbox 1259 1561 1287 1615; x_wconf 89' lang='lat' dir='ltr'><strong>te</strong></span> <span class='ocrx_word' id='word_1_106' title='bbox 1302 1554 1404 1617; x_wconf 90' lang='lat' dir='ltr'><strong>adhue</strong></span> <span class='ocrx_word' id='word_1_107' title='bbox 1421 1555 1558 1618; x_wconf 89' lang='lat' dir='ltr'><strong>motibus</strong></span> <span class='ocrx_word' id='word_1_108' title='bbox 1573 1555 1740 1638; x_wconf 75' lang='lat' dir='ltr'><strong>superbie,</strong></span> <span class='ocrx_word' id='word_1_109' title='bbox 1757 1556 1823 1632; x_wconf 83' lang='lat' dir='ltr'><strong>irae,</strong></span> <span class='ocrx_word' id='word_1_110' title='bbox 1837 1554 1986 1635; x_wconf 88' lang='lat' dir='ltr'><strong>impatien-</strong></span> 
     </span>
     <span class='ocr_line' id='line_1_12' title="bbox 454 1650 1986 1734; baseline -0.002 -19"><span class='ocrx_word' id='word_1_111' title='bbox 454 1653 621 1717; x_wconf 86' lang='lat' dir='ltr'><strong>seientiam</strong></span> <span class='ocrx_word' id='word_1_112' title='bbox 644 1654 779 1730; x_wconf 88' lang='lat' dir='ltr'><strong>discute,</strong></span> <span class='ocrx_word' id='word_1_113' title='bbox 806 1662 838 1716; x_wconf 92' lang='lat' dir='ltr'><strong>et</strong></span> <span class='ocrx_word' id='word_1_114' title='bbox 862 1662 935 1717; x_wconf 87' lang='lat' dir='ltr'><strong>anta</strong></span> <span class='ocrx_word' id='word_1_115' title='bbox 964 1652 1200 1717; x_wconf 89' lang='lat' dir='ltr'><strong>confessionem</strong></span> <span class='ocrx_word' id='word_1_116' title='bbox 1258 1651 1319 1728; x_wconf 77' lang='lat' dir='ltr'><strong>tica,</strong></span> <span class='ocrx_word' id='word_1_117' title='bbox 1337 1650 1557 1729; x_wconf 76' lang='lat' dir='ltr'><strong>immunditie,</strong></span> <span class='ocrx_word' id='word_1_118' title='bbox 1574 1652 1739 1733; x_wconf 78' lang='lat' dir='ltr'><strong>injustitia</strong></span> <span class='ocrx_word' id='word_1_119' title='bbox 1761 1652 1885 1734; x_wconf 77' lang='lat' dir='ltr'><strong>agitari,</strong></span> <span class='ocrx_word' id='word_1_120' title='bbox 1899 1652 1986 1732; x_wconf 92' lang='lat' dir='ltr'><strong>quali-</strong></span> 
     </span>
     <span class='ocr_line' id='line_1_13' title="bbox 454 1749 2079 1834; baseline 0 -20"><span class='ocrx_word' id='word_1_121' title='bbox 454 1752 599 1815; x_wconf 80' lang='lat' dir='ltr'><strong>examina</strong></span> <span class='ocrx_word' id='word_1_122' title='bbox 624 1752 760 1834; x_wconf 80' lang='lat' dir='ltr'><strong>qualiter</strong></span> <span class='ocrx_word' id='word_1_123' title='bbox 782 1752 899 1815; x_wconf 89' lang='lat' dir='ltr'><strong>habeas</strong></span> <span class='ocrx_word' id='word_1_124' title='bbox 927 1761 959 1815; x_wconf 91' lang='lat' dir='ltr'><strong>to</strong></span> <span class='ocrx_word' id='word_1_125' title='bbox 984 1752 1017 1813; x_wconf 93' lang='lat' dir='ltr'><strong>in</strong></span> <span class='ocrx_word' id='word_1_126' title='bbox 1041 1750 1166 1813; x_wconf 89' lang='lat' dir='ltr'><strong>cunetis</strong></span> <span class='ocrx_word' id='word_1_127' title='bbox 1193 1773 1201 1813; x_wconf 75' lang='grc' dir='ltr'><strong><em>ε</em></strong></span> <span class='ocrx_word' id='word_1_128' title='bbox 1257 1756 1305 1811; x_wconf 90' lang='lat' dir='ltr'><strong>ter</strong></span> <span class='ocrx_word' id='word_1_129' title='bbox 1318 1749 1449 1812; x_wconf 82' lang='lat' dir='ltr'><strong>audebis</strong></span> <span class='ocrx_word' id='word_1_130' title='bbox 1464 1752 1632 1813; x_wconf 83' lang='lat' dir='ltr'><strong>accederet</strong></span> <span class='ocrx_word' id='word_1_131' title='bbox 1647 1751 1720 1825; x_wconf 82' lang='lat' dir='ltr'><strong>Ouae</strong></span> <span class='ocrx_word' id='word_1_132' title='bbox 1734 1751 1903 1814; x_wconf 86' lang='lat' dir='ltr'><strong>conventio</strong></span> <span class='ocrx_word' id='word_1_133' title='bbox 1916 1750 2079 1814; x_wconf 62' lang='lat' dir='ltr'><strong>lucisuute.</strong></span> 
     </span>
     <span class='ocr_line' id='line_1_14' title="bbox 453 1838 2051 1931; baseline -0.003 -19"><span class='ocrx_word' id='word_1_134' title='bbox 453 1858 607 1931; x_wconf 87' lang='lat' dir='ltr'><strong>quantum</strong></span> <span class='ocrx_word' id='word_1_135' title='bbox 636 1858 667 1912; x_wconf 90' lang='lat' dir='ltr'><strong>et</strong></span> <span class='ocrx_word' id='word_1_136' title='bbox 691 1849 825 1931; x_wconf 80' lang='lat' dir='ltr'><strong>qualiter</strong></span> <span class='ocrx_word' id='word_1_137' title='bbox 850 1850 884 1910; x_wconf 93' lang='lat' dir='ltr'><strong>in</strong></span> <span class='ocrx_word' id='word_1_138' title='bbox 908 1850 981 1912; x_wconf 93' lang='lat' dir='ltr'><strong>cibo</strong></span> <span class='ocrx_word' id='word_1_139' title='bbox 1005 1857 1037 1912; x_wconf 90' lang='lat' dir='ltr'><strong>et</strong></span> <span class='ocrx_word' id='word_1_140' title='bbox 1064 1856 1141 1931; x_wconf 90' lang='lat' dir='ltr'><strong>potu</strong></span> <span class='ocrx_word' id='word_1_141' title='bbox 1165 1866 1201 1911; x_wconf 88' lang='lat' dir='ltr'><strong>ao</strong></span> <span class='ocrx_word' id='word_1_142' title='bbox 1219 1847 1296 1915; x_wconf 86' lang='lat' dir='ltr'><strong>Bad</strong></span> <span class='ocrx_word' id='word_1_143' title='bbox 1320 1847 1488 1909; x_wconf 88' lang='lat' dir='ltr'><strong>tenebrasl</strong></span> <span class='ocrx_word' id='word_1_144' title='bbox 1504 1847 1618 1910; x_wconf 83' lang='lat' dir='ltr'><strong>Christi</strong></span> <span class='ocrx_word' id='word_1_145' title='bbox 1642 1849 1681 1911; x_wconf 85' lang='lat' dir='ltr'><strong>ad</strong></span> <span class='ocrx_word' id='word_1_146' title='bbox 1705 1848 1827 1910; x_wconf 79' lang='lat' dir='ltr'><strong>beliali</strong></span> <span class='ocrx_word' id='word_1_147' title='bbox 1843 1847 1981 1924; x_wconf 80' lang='lat' dir='ltr'><strong>iracundi,</strong></span> <span class='ocrx_word' id='word_1_148' title='bbox 1995 1838 2051 1880; x_wconf 52' lang='lat'><strong>¹⁸³³·</strong></span> 
     </span>
     <span class='ocr_line' id='line_1_15' title="bbox 454 1944 1982 2029; baseline -0.003 -19"><span class='ocrx_word' id='word_1_149' title='bbox 454 1966 577 2026; x_wconf 90' lang='lat' dir='ltr'><strong>somno,</strong></span> <span class='ocrx_word' id='word_1_150' title='bbox 595 1948 628 2010; x_wconf 90' lang='lat' dir='ltr'><strong>in</strong></span> <span class='ocrx_word' id='word_1_151' title='bbox 652 1948 771 2026; x_wconf 89' lang='lat' dir='ltr'><strong>verbis,</strong></span> <span class='ocrx_word' id='word_1_152' title='bbox 792 1948 825 2009; x_wconf 94' lang='lat' dir='ltr'><strong>in</strong></span> <span class='ocrx_word' id='word_1_153' title='bbox 851 1948 1031 2029; x_wconf 81' lang='lat' dir='ltr'><strong>cogitando,</strong></span> <span class='ocrx_word' id='word_1_154' title='bbox 1052 1954 1203 2028; x_wconf 90' lang='lat' dir='ltr'><strong>appeten·</strong></span> <span class='ocrx_word' id='word_1_155' title='bbox 1257 1946 1396 2026; x_wconf 89' lang='lat' dir='ltr'><strong>superbi,</strong></span> <span class='ocrx_word' id='word_1_156' title='bbox 1431 1944 1637 2027; x_wconf 91' lang='lat' dir='ltr'><strong>impatientis,</strong></span> <span class='ocrx_word' id='word_1_157' title='bbox 1673 1945 1798 2025; x_wconf 80' lang='lat' dir='ltr'><strong>injusti,</strong></span> <span class='ocrx_word' id='word_1_158' title='bbox 1827 1945 1982 2028; x_wconf 87' lang='lat' dir='ltr'><strong>passionati</strong></span> 
     </span>
     <span class='ocr_line' id='line_1_16' title="bbox 452 2042 1982 2128; baseline -0.001 -21"><span class='ocrx_word' id='word_1_159' title='bbox 452 2046 505 2123; x_wconf 92' lang='lat' dir='ltr'><strong>do,</strong></span> <span class='ocrx_word' id='word_1_160' title='bbox 521 2047 682 2128; x_wconf 87' lang='lat' dir='ltr'><strong>operando</strong></span> <span class='ocrx_word' id='word_1_161' title='bbox 702 2045 887 2123; x_wconf 79' lang='lat' dir='ltr'><strong>excesseris,</strong></span> <span class='ocrx_word' id='word_1_162' title='bbox 904 2045 1050 2108; x_wconf 90' lang='lat' dir='ltr'><strong>similiter</strong></span> <span class='ocrx_word' id='word_1_163' title='bbox 1064 2044 1098 2107; x_wconf 93' lang='lat' dir='ltr'><strong>in</strong></span> <span class='ocrx_word' id='word_1_164' title='bbox 1113 2045 1204 2107; x_wconf 91' lang='lat' dir='ltr'><strong>ineu·</strong></span> <span class='ocrx_word' id='word_1_165' title='bbox 1256 2050 1310 2105; x_wconf 90' lang='lat' dir='ltr'><strong>aut</strong></span> <span class='ocrx_word' id='word_1_166' title='bbox 1345 2042 1458 2124; x_wconf 91' lang='lat' dir='ltr'><strong>invidi,</strong></span> <span class='ocrx_word' id='word_1_167' title='bbox 1488 2062 1561 2106; x_wconf 89' lang='lat' dir='ltr'><strong>eum</strong></span> <span class='ocrx_word' id='word_1_168' title='bbox 1595 2042 1787 2121; x_wconf 90' lang='lat' dir='ltr'><strong>humillimo,</strong></span> <span class='ocrx_word' id='word_1_169' title='bbox 1819 2043 1982 2119; x_wconf 88' lang='lat' dir='ltr'><strong>mitissimo,</strong></span> 
     </span>
     <span class='ocr_line' id='line_1_17' title="bbox 454 2140 1983 2225; baseline -0.002 -21"><span class='ocrx_word' id='word_1_170' title='bbox 454 2144 556 2208; x_wconf 87' lang='lat' dir='ltr'><strong>stedia</strong></span> <span class='ocrx_word' id='word_1_171' title='bbox 579 2162 743 2221; x_wconf 90' lang='lat' dir='ltr'><strong>sensuum,</strong></span> <span class='ocrx_word' id='word_1_172' title='bbox 761 2144 795 2205; x_wconf 89' lang='lat' dir='ltr'><strong>iu</strong></span> <span class='ocrx_word' id='word_1_173' title='bbox 819 2143 1030 2225; x_wconf 89' lang='lat' dir='ltr'><strong>persolvendo</strong></span> <span class='ocrx_word' id='word_1_174' title='bbox 1054 2142 1201 2205; x_wconf 91' lang='lat' dir='ltr'><strong>divinum</strong></span> <span class='ocrx_word' id='word_1_175' title='bbox 1255 2140 1496 2222; x_wconf 87' lang='lat' dir='ltr'><strong>patientissimo,</strong></span> <span class='ocrx_word' id='word_1_176' title='bbox 1513 2141 1701 2221; x_wconf 86' lang='lat' dir='ltr'><strong>justissimo,</strong></span> <span class='ocrx_word' id='word_1_177' title='bbox 1718 2140 1983 2224; x_wconf 78' lang='lat' dir='ltr'><strong>perfectissimae</strong></span> 
     </span>
     <span class='ocr_line' id='line_1_18' title="bbox 452 2237 1984 2323; baseline -0.003 -18"><span class='ocrx_word' id='word_1_178' title='bbox 452 2241 616 2321; x_wconf 82' lang='lat' dir='ltr'><strong>Officium,</strong></span> <span class='ocrx_word' id='word_1_179' title='bbox 632 2242 665 2303; x_wconf 93' lang='lat' dir='ltr'><strong>in</strong></span> <span class='ocrx_word' id='word_1_180' title='bbox 679 2241 770 2304; x_wconf 89' lang='lat' dir='ltr'><strong>vanis</strong></span> <span class='ocrx_word' id='word_1_181' title='bbox 786 2241 1035 2323; x_wconf 89' lang='lat' dir='ltr'><strong>suspicionibus,</strong></span> <span class='ocrx_word' id='word_1_182' title='bbox 1052 2241 1086 2302; x_wconf 90' lang='lat' dir='ltr'><strong>in</strong></span> <span class='ocrx_word' id='word_1_183' title='bbox 1105 2248 1203 2303; x_wconf 72' lang='lat' dir='ltr'><strong>wma-</strong></span> <span class='ocrx_word' id='word_1_184' title='bbox 1256 2237 1524 2302; x_wconf 85' lang='lat' dir='ltr'><strong>affectuosissimo</strong></span> <span class='ocrx_word' id='word_1_185' title='bbox 1542 2238 1622 2302; x_wconf 85' lang='lat' dir='ltr'><strong>Filio</strong></span> <span class='ocrx_word' id='word_1_186' title='bbox 1640 2239 1719 2301; x_wconf 84' lang='lat' dir='ltr'><strong>Deif</strong></span> <span class='ocrx_word' id='word_1_187' title='bbox 1734 2240 1769 2302; x_wconf 93' lang='lat' dir='ltr'><strong>In</strong></span> <span class='ocrx_word' id='word_1_188' title='bbox 1791 2240 1901 2322; x_wconf 88' lang='lat' dir='ltr'><strong>primis</strong></span> <span class='ocrx_word' id='word_1_189' title='bbox 1921 2256 1984 2319; x_wconf 83' lang='lat' dir='ltr'><strong>ergo</strong></span> 
     </span>
     <span class='ocr_line' id='line_1_19' title="bbox 453 2335 1982 2421; baseline -0.003 -20"><span class='ocrx_word' id='word_1_190' title='bbox 453 2339 545 2402; x_wconf 88' lang='lat' dir='ltr'><strong>rariis</strong></span> <span class='ocrx_word' id='word_1_191' title='bbox 573 2339 725 2421; x_wconf 71' lang='lat' dir='ltr'><strong>judiciis,</strong></span> <span class='ocrx_word' id='word_1_192' title='bbox 751 2358 792 2402; x_wconf 89' lang='lat' dir='ltr'><strong>an</strong></span> <span class='ocrx_word' id='word_1_193' title='bbox 816 2340 956 2420; x_wconf 88' lang='lat' dir='ltr'><strong>aliquem</strong></span> <span class='ocrx_word' id='word_1_194' title='bbox 981 2336 1200 2402; x_wconf 82' lang='lat' dir='ltr'><strong>scandalizasti</strong></span> <span class='ocrx_word' id='word_1_195' title='bbox 1257 2344 1286 2399; x_wconf 91' lang='lat' dir='ltr'><strong>te</strong></span> <span class='ocrx_word' id='word_1_196' title='bbox 1302 2335 1406 2418; x_wconf 89' lang='lat' dir='ltr'><strong>ipsum</strong></span> <span class='ocrx_word' id='word_1_197' title='bbox 1421 2338 1515 2400; x_wconf 92' lang='lat' dir='ltr'><strong>modo</strong></span> <span class='ocrx_word' id='word_1_198' title='bbox 1530 2337 1661 2419; x_wconf 78' lang='lat' dir='ltr'><strong>prefato</strong></span> <span class='ocrx_word' id='word_1_199' title='bbox 1681 2338 1837 2415; x_wconf 86' lang='lat' dir='ltr'><strong>examina,</strong></span> <span class='ocrx_word' id='word_1_200' title='bbox 1854 2335 1982 2414; x_wconf 88' lang='lat' dir='ltr'><strong>emenda,</strong></span> 
     </span>
     <span class='ocr_line' id='line_1_20' title="bbox 453 2433 1404 2519; baseline -0.002 -20"><span class='ocrx_word' id='word_1_201' title='bbox 453 2446 508 2499; x_wconf 92' lang='lat' dir='ltr'><strong>aut</strong></span> <span class='ocrx_word' id='word_1_202' title='bbox 522 2437 633 2500; x_wconf 90' lang='lat' dir='ltr'><strong>illicite</strong></span> <span class='ocrx_word' id='word_1_203' title='bbox 647 2436 826 2516; x_wconf 92' lang='lat' dir='ltr'><strong>offendisti,</strong></span> <span class='ocrx_word' id='word_1_204' title='bbox 838 2458 879 2501; x_wconf 90' lang='lat' dir='ltr'><strong>an</strong></span> <span class='ocrx_word' id='word_1_205' title='bbox 895 2446 999 2500; x_wconf 91' lang='lat' dir='ltr'><strong>motus</strong></span> <span class='ocrx_word' id='word_1_206' title='bbox 1013 2437 1199 2519; x_wconf 87' lang='lat' dir='ltr'><strong>passionum</strong></span> <span class='ocrx_word' id='word_1_207' title='bbox 1255 2433 1404 2498; x_wconf 88' lang='lat' dir='ltr'><strong>reforma.</strong></span> 
     </span>
     <span class='ocr_line' id='line_1_21' title="bbox 451 2532 1983 2617; baseline -0.003 -19"><span class='ocrx_word' id='word_1_208' title='bbox 451 2535 558 2598; x_wconf 89' lang='lat' dir='ltr'><strong>debite</strong></span> <span class='ocrx_word' id='word_1_209' title='bbox 572 2534 756 2613; x_wconf 83' lang='lat' dir='ltr'><strong>refrenasti3</strong></span> <span class='ocrx_word' id='word_1_210' title='bbox 772 2556 813 2599; x_wconf 91' lang='lat' dir='ltr'><strong>an</strong></span> <span class='ocrx_word' id='word_1_211' title='bbox 827 2536 916 2617; x_wconf 83' lang='lat' dir='ltr'><strong>juxta</strong></span> <span class='ocrx_word' id='word_1_212' title='bbox 930 2543 992 2598; x_wconf 81' lang='lat' dir='ltr'><strong>tua</strong></span> <span class='ocrx_word' id='word_1_213' title='bbox 1007 2534 1200 2616; x_wconf 80' lang='lat' dir='ltr'><strong>exigentiam</strong></span> <span class='ocrx_word' id='word_1_214' title='bbox 1295 2532 1411 2613; x_wconf 79' lang='lat' dir='ltr'><strong>Tertio,</strong></span> <span class='ocrx_word' id='word_1_215' title='bbox 1438 2552 1536 2614; x_wconf 87' lang='lat' dir='ltr'><strong>pensa</strong></span> <span class='ocrx_word' id='word_1_216' title='bbox 1563 2532 1614 2596; x_wconf 93' lang='lat' dir='ltr'><strong>cui</strong></span> <span class='ocrx_word' id='word_1_217' title='bbox 1642 2533 1774 2612; x_wconf 86' lang='lat' dir='ltr'><strong>offeras,</strong></span> <span class='ocrx_word' id='word_1_218' title='bbox 1800 2541 1906 2617; x_wconf 84' lang='lat' dir='ltr'><strong>utpote</strong></span> <span class='ocrx_word' id='word_1_219' title='bbox 1931 2532 1983 2594; x_wconf 88' lang='lat' dir='ltr'><strong>Deo</strong></span> 
     </span>
     <span class='ocr_line' id='line_1_22' title="bbox 452 2630 1983 2716; baseline -0.005 -19"><span class='ocrx_word' id='word_1_220' title='bbox 452 2634 628 2697; x_wconf 87' lang='lat' dir='ltr'><strong>vocationis</strong></span> <span class='ocrx_word' id='word_1_221' title='bbox 643 2634 829 2716; x_wconf 85' lang='lat' dir='ltr'><strong>proieceris,</strong></span> <span class='ocrx_word' id='word_1_222' title='bbox 842 2654 882 2696; x_wconf 90' lang='lat' dir='ltr'><strong>an</strong></span> <span class='ocrx_word' id='word_1_223' title='bbox 897 2642 1023 2715; x_wconf 89' lang='lat' dir='ltr'><strong>tempus</strong></span> <span class='ocrx_word' id='word_1_224' title='bbox 1038 2631 1200 2695; x_wconf 89' lang='lat' dir='ltr'><strong>fructuose</strong></span> <span class='ocrx_word' id='word_1_225' title='bbox 1255 2630 1337 2693; x_wconf 90' lang='lat' dir='ltr'><strong>Patri</strong></span> <span class='ocrx_word' id='word_1_226' title='bbox 1352 2631 1574 2712; x_wconf 89' lang='lat' dir='ltr'><strong>omnipotenti,</strong></span> <span class='ocrx_word' id='word_1_227' title='bbox 1590 2639 1720 2711; x_wconf 81' lang='lat' dir='ltr'><strong>aterno,</strong></span> <span class='ocrx_word' id='word_1_228' title='bbox 1737 2652 1775 2695; x_wconf 83' lang='lat' dir='ltr'><strong>ex</strong></span> <span class='ocrx_word' id='word_1_229' title='bbox 1796 2632 1888 2714; x_wconf 88' lang='lat' dir='ltr'><strong>eujus</strong></span> <span class='ocrx_word' id='word_1_230' title='bbox 1906 2631 1983 2695; x_wconf 87' lang='lat' dir='ltr'><strong>boni-</strong></span> 
     </span>
     <span class='ocr_line' id='line_1_23' title="bbox 451 2730 1982 2814; baseline -0.003 -19"><span class='ocrx_word' id='word_1_231' title='bbox 451 2733 660 2814; x_wconf 80' lang='lat' dir='ltr'><strong>expenderis3</strong></span> <span class='ocrx_word' id='word_1_232' title='bbox 676 2752 746 2813; x_wconf 82' lang='lat' dir='ltr'><strong>quae</strong></span> <span class='ocrx_word' id='word_1_233' title='bbox 760 2740 792 2794; x_wconf 90' lang='lat' dir='ltr'><strong>et</strong></span> <span class='ocrx_word' id='word_1_234' title='bbox 806 2741 923 2814; x_wconf 87' lang='lat' dir='ltr'><strong>quanta</strong></span> <span class='ocrx_word' id='word_1_235' title='bbox 937 2731 1084 2795; x_wconf 91' lang='lat' dir='ltr'><strong>omiseris</strong></span> <span class='ocrx_word' id='word_1_236' title='bbox 1099 2731 1199 2809; x_wconf 88' lang='lat' dir='ltr'><strong>hona;</strong></span> <span class='ocrx_word' id='word_1_237' title='bbox 1254 2730 1338 2809; x_wconf 88' lang='lat' dir='ltr'><strong>tatis,</strong></span> <span class='ocrx_word' id='word_1_238' title='bbox 1376 2730 1566 2808; x_wconf 78' lang='lat' dir='ltr'><strong>dilectionis,</strong></span> <span class='ocrx_word' id='word_1_239' title='bbox 1602 2730 1740 2812; x_wconf 89' lang='lat' dir='ltr'><strong>pietatis,</strong></span> <span class='ocrx_word' id='word_1_240' title='bbox 1771 2730 1982 2793; x_wconf 83' lang='lat' dir='ltr'><strong>munificentia</strong></span> 
     </span>
     <span class='ocr_line' id='line_1_24' title="bbox 453 2827 2098 2913; baseline -0.002 -22"><span class='ocrx_word' id='word_1_241' title='bbox 453 2830 589 2911; x_wconf 88' lang='lat' dir='ltr'><strong>qualiter</strong></span> <span class='ocrx_word' id='word_1_242' title='bbox 622 2837 694 2910; x_wconf 90' lang='lat' dir='ltr'><strong>post</strong></span> <span class='ocrx_word' id='word_1_243' title='bbox 726 2829 872 2891; x_wconf 88' lang='lat' dir='ltr'><strong>ultimam</strong></span> <span class='ocrx_word' id='word_1_244' title='bbox 906 2829 1141 2892; x_wconf 85' lang='lat' dir='ltr'><strong>confessionem</strong></span> <span class='ocrx_word' id='word_1_245' title='bbox 1170 2835 1201 2889; x_wconf 89' lang='lat' dir='ltr'><strong>et</strong></span> <span class='ocrx_word' id='word_1_246' title='bbox 1255 2848 1291 2891; x_wconf 94' lang='lat' dir='ltr'><strong>ac</strong></span> <span class='ocrx_word' id='word_1_247' title='bbox 1307 2827 1537 2891; x_wconf 89' lang='lat' dir='ltr'><strong>beneficiorum</strong></span> <span class='ocrx_word' id='word_1_248' title='bbox 1553 2829 1819 2911; x_wconf 86' lang='lat' dir='ltr'><strong>contemplatione</strong></span> <span class='ocrx_word' id='word_1_249' title='bbox 1837 2828 1984 2892; x_wconf 77' lang='lat' dir='ltr'><strong>debesre</strong></span> <span class='ocrx_word' id='word_1_250' title='bbox 2097 2898 2098 2913; x_wconf 24' lang='lat'>2</span> 
     </span>
     <span class='ocr_line' id='line_1_25' title="bbox 452 2914 2098 3009; baseline -0.001 -18"><span class='ocrx_word' id='word_1_251' title='bbox 452 2927 700 2991; x_wconf 87' lang='lat' dir='ltr'><strong>celebrationem</strong></span> <span class='ocrx_word' id='word_1_252' title='bbox 716 2927 861 3009; x_wconf 88' lang='lat' dir='ltr'><strong>pristina,</strong></span> <span class='ocrx_word' id='word_1_253' title='bbox 878 2936 1030 2990; x_wconf 88' lang='lat' dir='ltr'><strong>consueta</strong></span> <span class='ocrx_word' id='word_1_254' title='bbox 1048 2946 1085 2989; x_wconf 90' lang='lat' dir='ltr'><strong>ao</strong></span> <span class='ocrx_word' id='word_1_255' title='bbox 1101 2926 1202 3007; x_wconf 90' lang='lat' dir='ltr'><strong>quoti·</strong></span> <span class='ocrx_word' id='word_1_256' title='bbox 1255 2925 1395 2989; x_wconf 90' lang='lat' dir='ltr'><strong>hamenti</strong></span> <span class='ocrx_word' id='word_1_257' title='bbox 1411 2926 1582 2989; x_wconf 91' lang='lat' dir='ltr'><strong>dilectione</strong></span> <span class='ocrx_word' id='word_1_258' title='bbox 1597 2928 1740 3006; x_wconf 89' lang='lat' dir='ltr'><strong>accendi,</strong></span> <span class='ocrx_word' id='word_1_259' title='bbox 1757 2936 1851 3009; x_wconf 89' lang='lat' dir='ltr'><strong>atque</strong></span> <span class='ocrx_word' id='word_1_260' title='bbox 1870 2947 1907 2989; x_wconf 84' lang='lat' dir='ltr'><strong>ex</strong></span> <span class='ocrx_word' id='word_1_261' title='bbox 1923 2944 1984 2987; x_wconf 91' lang='lat' dir='ltr'><strong>cou-</strong></span> <span class='ocrx_word' id='word_1_262' title='bbox 2097 2914 2098 2989; x_wconf 59' lang='lat' dir='ltr'><strong>i</strong></span> 
     </span>
     <span class='ocr_line' id='line_1_26' title="bbox 452 3022 1984 3107; baseline -0.003 -19"><span class='ocrx_word' id='word_1_263' title='bbox 452 3025 548 3088; x_wconf 88' lang='lat' dir='ltr'><strong>diana</strong></span> <span class='ocrx_word' id='word_1_264' title='bbox 562 3026 667 3088; x_wconf 88' lang='lat' dir='ltr'><strong>vitasti</strong></span> <span class='ocrx_word' id='word_1_265' title='bbox 683 3034 828 3107; x_wconf 82' lang='lat' dir='ltr'><strong>peecata3</strong></span> <span class='ocrx_word' id='word_1_266' title='bbox 841 3045 914 3088; x_wconf 89' lang='lat' dir='ltr'><strong>eum</strong></span> <span class='ocrx_word' id='word_1_267' title='bbox 929 3026 1015 3106; x_wconf 89' lang='lat' dir='ltr'><strong>quali</strong></span> <span class='ocrx_word' id='word_1_268' title='bbox 1030 3024 1238 3089; x_wconf 86' lang='lat' dir='ltr'><strong>discussio-C</strong></span> <span class='ocrx_word' id='word_1_269' title='bbox 1256 3024 1447 3088; x_wconf 90' lang='lat' dir='ltr'><strong>sideratione</strong></span> <span class='ocrx_word' id='word_1_270' title='bbox 1482 3044 1545 3087; x_wconf 84' lang='lat' dir='ltr'><strong>suae</strong></span> <span class='ocrx_word' id='word_1_271' title='bbox 1574 3025 1749 3107; x_wconf 83' lang='lat' dir='ltr'><strong>majestatis</strong></span> <span class='ocrx_word' id='word_1_272' title='bbox 1778 3044 1814 3088; x_wconf 88' lang='lat' dir='ltr'><strong>ac</strong></span> <span class='ocrx_word' id='word_1_273' title='bbox 1844 3022 1984 3107; x_wconf 78' lang='lat' dir='ltr'><strong>equitatis</strong></span> 
     </span>
     <span class='ocr_line' id='line_1_27' title="bbox 454 3120 1985 3204; baseline -0.002 -19"><span class='ocrx_word' id='word_1_274' title='bbox 454 3142 506 3203; x_wconf 90' lang='lat' dir='ltr'><strong>ne,</strong></span> <span class='ocrx_word' id='word_1_275' title='bbox 523 3122 726 3201; x_wconf 87' lang='lat' dir='ltr'><strong>contritione,</strong></span> <span class='ocrx_word' id='word_1_276' title='bbox 750 3124 995 3204; x_wconf 90' lang='lat' dir='ltr'><strong>compunctione</strong></span> <span class='ocrx_word' id='word_1_277' title='bbox 1016 3122 1201 3186; x_wconf 89' lang='lat' dir='ltr'><strong>confitearis</strong></span> <span class='ocrx_word' id='word_1_278' title='bbox 1256 3122 1352 3185; x_wconf 92' lang='lat' dir='ltr'><strong>debes</strong></span> <span class='ocrx_word' id='word_1_279' title='bbox 1377 3122 1577 3187; x_wconf 88' lang='lat' dir='ltr'><strong>reverentiali</strong></span> <span class='ocrx_word' id='word_1_280' title='bbox 1602 3124 1716 3187; x_wconf 91' lang='lat' dir='ltr'><strong>timore</strong></span> <span class='ocrx_word' id='word_1_281' title='bbox 1735 3132 1767 3187; x_wconf 88' lang='lat' dir='ltr'><strong>et</strong></span> <span class='ocrx_word' id='word_1_282' title='bbox 1785 3124 1871 3188; x_wconf 88' lang='lat' dir='ltr'><strong>omui</strong></span> <span class='ocrx_word' id='word_1_283' title='bbox 1896 3120 1985 3184; x_wconf 88' lang='lat' dir='ltr'><strong>humi-</strong></span> 
     </span>
     <span class='ocr_line' id='line_1_28' title="bbox 453 3219 1986 3302; baseline -0.001 -20"><span class='ocrx_word' id='word_1_284' title='bbox 453 3220 617 3302; x_wconf 90' lang='lat' dir='ltr'><strong>quotidie;</strong></span> <span class='ocrx_word' id='word_1_285' title='bbox 645 3239 685 3283; x_wconf 91' lang='lat' dir='ltr'><strong>an</strong></span> <span class='ocrx_word' id='word_1_286' title='bbox 711 3221 885 3299; x_wconf 88' lang='lat' dir='ltr'><strong>caritative,</strong></span> <span class='ocrx_word' id='word_1_287' title='bbox 913 3220 1083 3301; x_wconf 88' lang='lat' dir='ltr'><strong>tranquille</strong></span> <span class='ocrx_word' id='word_1_288' title='bbox 1108 3228 1201 3301; x_wconf 90' lang='lat' dir='ltr'><strong>atque</strong></span> <span class='ocrx_word' id='word_1_289' title='bbox 1256 3220 1388 3283; x_wconf 89' lang='lat' dir='ltr'><strong>liatioue</strong></span> <span class='ocrx_word' id='word_1_290' title='bbox 1403 3221 1448 3281; x_wconf 93' lang='lat' dir='ltr'><strong>tui</strong></span> <span class='ocrx_word' id='word_1_291' title='bbox 1463 3220 1565 3302; x_wconf 91' lang='lat' dir='ltr'><strong>ipsius</strong></span> <span class='ocrx_word' id='word_1_292' title='bbox 1580 3221 1707 3302; x_wconf 90' lang='lat' dir='ltr'><strong>repleri.</strong></span> <span class='ocrx_word' id='word_1_293' title='bbox 1724 3222 1805 3285; x_wconf 82' lang='lat' dir='ltr'><strong>ilinc</strong></span> <span class='ocrx_word' id='word_1_294' title='bbox 1826 3230 1897 3284; x_wconf 89' lang='lat' dir='ltr'><strong>ante</strong></span> <span class='ocrx_word' id='word_1_295' title='bbox 1917 3219 1986 3282; x_wconf 80' lang='lat' dir='ltr'><strong>cele·</strong></span> 
     </span>
     <span class='ocr_line' id='line_1_29' title="bbox 453 3315 1986 3397; baseline 0 -17"><span class='ocrx_word' id='word_1_296' title='bbox 453 3317 618 3381; x_wconf 88' lang='lat' dir='ltr'><strong>humiliter</strong></span> <span class='ocrx_word' id='word_1_297' title='bbox 642 3318 726 3380; x_wconf 90' lang='lat' dir='ltr'><strong>inter</strong></span> <span class='ocrx_word' id='word_1_298' title='bbox 748 3318 826 3381; x_wconf 91' lang='lat' dir='ltr'><strong>alios</strong></span> <span class='ocrx_word' id='word_1_299' title='bbox 851 3318 1072 3394; x_wconf 72' lang='lat' dir='ltr'><strong>converseris,</strong></span> <span class='ocrx_word' id='word_1_300' title='bbox 1095 3337 1136 3379; x_wconf 92' lang='lat' dir='ltr'><strong>an</strong></span> <span class='ocrx_word' id='word_1_301' title='bbox 1160 3316 1200 3379; x_wconf 92' lang='lat' dir='ltr'><strong>ab</strong></span> <span class='ocrx_word' id='word_1_302' title='bbox 1255 3315 1433 3380; x_wconf 87' lang='lat' dir='ltr'><strong>brationem</strong></span> <span class='ocrx_word' id='word_1_303' title='bbox 1455 3326 1487 3380; x_wconf 89' lang='lat' dir='ltr'><strong>ct</strong></span> <span class='ocrx_word' id='word_1_304' title='bbox 1501 3318 1534 3381; x_wconf 93' lang='lat' dir='ltr'><strong>iu</strong></span> <span class='ocrx_word' id='word_1_305' title='bbox 1550 3338 1587 3381; x_wconf 91' lang='lat' dir='ltr'><strong>ea</strong></span> <span class='ocrx_word' id='word_1_306' title='bbox 1601 3319 1698 3383; x_wconf 90' lang='lat' dir='ltr'><strong>debes</strong></span> <span class='ocrx_word' id='word_1_307' title='bbox 1719 3318 1904 3397; x_wconf 89' lang='lat' dir='ltr'><strong>bonitatem,</strong></span> <span class='ocrx_word' id='word_1_308' title='bbox 1919 3316 1986 3381; x_wconf 83' lang='lat' dir='ltr'><strong>cari-</strong></span> 
     </span>
     <span class='ocr_line' id='line_1_30' title="bbox 453 3415 1984 3498; baseline -0.003 -17"><span class='ocrx_word' id='word_1_309' title='bbox 453 3416 540 3481; x_wconf 91' lang='lat' dir='ltr'><strong>omui</strong></span> <span class='ocrx_word' id='word_1_310' title='bbox 556 3416 695 3497; x_wconf 90' lang='lat' dir='ltr'><strong>levitate,</strong></span> <span class='ocrx_word' id='word_1_311' title='bbox 711 3416 788 3495; x_wconf 91' lang='lat' dir='ltr'><strong>risu,</strong></span> <span class='ocrx_word' id='word_1_312' title='bbox 803 3416 889 3498; x_wconf 90' lang='lat' dir='ltr'><strong>joco,</strong></span> <span class='ocrx_word' id='word_1_313' title='bbox 901 3416 976 3479; x_wconf 90' lang='lat' dir='ltr'><strong>ludo</strong></span> <span class='ocrx_word' id='word_1_314' title='bbox 991 3416 1101 3498; x_wconf 90' lang='lat' dir='ltr'><strong>inepto</strong></span> <span class='ocrx_word' id='word_1_315' title='bbox 1116 3434 1201 3478; x_wconf 89' lang='lat' dir='ltr'><strong>com·</strong></span> <span class='ocrx_word' id='word_1_316' title='bbox 1256 3424 1364 3497; x_wconf 90' lang='lat' dir='ltr'><strong>tatem,</strong></span> <span class='ocrx_word' id='word_1_317' title='bbox 1395 3416 1629 3497; x_wconf 88' lang='lat' dir='ltr'><strong>liberalitatem,</strong></span> <span class='ocrx_word' id='word_1_318' title='bbox 1659 3418 1909 3482; x_wconf 89' lang='lat' dir='ltr'><strong>misericordiam</strong></span> <span class='ocrx_word' id='word_1_319' title='bbox 1938 3415 1984 3478; x_wconf 86' lang='lat' dir='ltr'><strong>Dei</strong></span> 
     </span>
     <span class='ocr_line' id='line_1_31' title="bbox 453 3514 1986 3597; baseline -0.002 -19"><span class='ocrx_word' id='word_1_320' title='bbox 453 3515 616 3597; x_wconf 83' lang='lat' dir='ltr'><strong>pascuaris</strong></span> <span class='ocrx_word' id='word_1_321' title='bbox 630 3524 681 3591; x_wconf 74' lang='lat' dir='ltr'><strong>te,</strong></span> <span class='ocrx_word' id='word_1_322' title='bbox 698 3535 738 3578; x_wconf 92' lang='lat' dir='ltr'><strong>an</strong></span> <span class='ocrx_word' id='word_1_323' title='bbox 754 3515 969 3579; x_wconf 86' lang='lat' dir='ltr'><strong>inordinatum</strong></span> <span class='ocrx_word' id='word_1_324' title='bbox 985 3515 1124 3596; x_wconf 89' lang='lat' dir='ltr'><strong>aliquem</strong></span> <span class='ocrx_word' id='word_1_325' title='bbox 1146 3514 1202 3576; x_wconf 92' lang='lat' dir='ltr'><strong>ha·</strong></span> <span class='ocrx_word' id='word_1_326' title='bbox 1256 3514 1353 3577; x_wconf 88' lang='lat' dir='ltr'><strong>Patris</strong></span> <span class='ocrx_word' id='word_1_327' title='bbox 1368 3514 1407 3577; x_wconf 92' lang='lat' dir='ltr'><strong>ad</strong></span> <span class='ocrx_word' id='word_1_328' title='bbox 1422 3514 1569 3578; x_wconf 90' lang='lat' dir='ltr'><strong>homiues</strong></span> <span class='ocrx_word' id='word_1_329' title='bbox 1584 3516 1713 3596; x_wconf 88' lang='lat' dir='ltr'><strong>intueri,</strong></span> <span class='ocrx_word' id='word_1_330' title='bbox 1730 3516 1839 3579; x_wconf 89' lang='lat' dir='ltr'><strong>mirari</strong></span> <span class='ocrx_word' id='word_1_331' title='bbox 1855 3526 1884 3579; x_wconf 89' lang='lat' dir='ltr'><strong>et</strong></span> <span class='ocrx_word' id='word_1_332' title='bbox 1901 3516 1986 3579; x_wconf 92' lang='lat' dir='ltr'><strong>hono-</strong></span> 
     </span>
     <span class='ocr_line' id='line_1_32' title="bbox 451 3613 1336 3695; baseline 0 -20"><span class='ocrx_word' id='word_1_333' title='bbox 451 3613 559 3676; x_wconf 89' lang='lat' dir='ltr'><strong>bueris</strong></span> <span class='ocrx_word' id='word_1_334' title='bbox 574 3621 695 3677; x_wconf 90' lang='lat' dir='ltr'><strong>motum</strong></span> <span class='ocrx_word' id='word_1_335' title='bbox 710 3613 852 3695; x_wconf 91' lang='lat' dir='ltr'><strong>eorporis</strong></span> <span class='ocrx_word' id='word_1_336' title='bbox 867 3620 921 3675; x_wconf 90' lang='lat' dir='ltr'><strong>aut</strong></span> <span class='ocrx_word' id='word_1_337' title='bbox 936 3613 1113 3691; x_wconf 90' lang='lat' dir='ltr'><strong>stimulum,</strong></span> <span class='ocrx_word' id='word_1_338' title='bbox 1124 3631 1200 3693; x_wconf 83' lang='lat' dir='ltr'><strong>prae-</strong></span> <span class='ocrx_word' id='word_1_339' title='bbox 1257 3632 1336 3675; x_wconf 89' lang='lat' dir='ltr'><strong>rare.</strong></span> 
     </span>
     <span class='ocr_line' id='line_1_33' title="bbox 452 3710 2096 3793; baseline -0.002 -20"><span class='ocrx_word' id='word_1_340' title='bbox 452 3711 562 3773; x_wconf 89' lang='lat' dir='ltr'><strong>sertim</strong></span> <span class='ocrx_word' id='word_1_341' title='bbox 577 3710 1200 3793; x_wconf 81' lang='lat' dir='ltr'><strong>extuaeulpa,imaginatione,adspectu</strong></span> <span class='ocrx_word' id='word_1_342' title='bbox 1295 3712 1421 3790; x_wconf 88' lang='lat' dir='ltr'><strong>Quarto,</strong></span> <span class='ocrx_word' id='word_1_343' title='bbox 1456 3712 1584 3775; x_wconf 90' lang='lat' dir='ltr'><strong>adverte</strong></span> <span class='ocrx_word' id='word_1_344' title='bbox 1619 3732 1676 3775; x_wconf 92' lang='lat' dir='ltr'><strong>cur</strong></span> <span class='ocrx_word' id='word_1_345' title='bbox 1711 3712 1843 3793; x_wconf 87' lang='lat' dir='ltr'><strong>offeras,</strong></span> <span class='ocrx_word' id='word_1_346' title='bbox 1879 3711 1986 3775; x_wconf 85' lang='lat' dir='ltr'><strong>scilieet</strong></span> <span class='ocrx_word' id='word_1_347' title='bbox 2095 3740 2096 3785; x_wconf 71' lang='lat'>5</span> 
     </span>
    </p>
   </div>
   <div class='ocr_carea' id='block_1_3' title="bbox 452 3807 1986 4382">
    <p class='ocr_par' dir='ltr' id='par_1_3' title="bbox 452 3788 2096 4382">
     <span class='ocr_line' id='line_1_34' title="bbox 452 3807 1986 3891; baseline -0.001 -20"><span class='ocrx_word' id='word_1_348' title='bbox 452 3817 508 3871; x_wconf 89' lang='lat' dir='ltr'><strong>aut</strong></span> <span class='ocrx_word' id='word_1_349' title='bbox 531 3817 638 3887; x_wconf 72' lang='lat' dir='ltr'><strong>tactu,</strong></span> <span class='ocrx_word' id='word_1_350' title='bbox 661 3829 702 3872; x_wconf 87' lang='lat' dir='ltr'><strong>an</strong></span> <span class='ocrx_word' id='word_1_351' title='bbox 727 3810 767 3872; x_wconf 92' lang='lat' dir='ltr'><strong>ab</strong></span> <span class='ocrx_word' id='word_1_352' title='bbox 792 3810 879 3872; x_wconf 90' lang='lat' dir='ltr'><strong>omui</strong></span> <span class='ocrx_word' id='word_1_353' title='bbox 904 3810 1054 3888; x_wconf 89' lang='lat' dir='ltr'><strong>vanitate,</strong></span> <span class='ocrx_word' id='word_1_354' title='bbox 1071 3807 1201 3870; x_wconf 91' lang='lat' dir='ltr'><strong>simula·</strong></span> <span class='ocrx_word' id='word_1_355' title='bbox 1255 3818 1385 3891; x_wconf 88' lang='lat' dir='ltr'><strong>propter</strong></span> <span class='ocrx_word' id='word_1_356' title='bbox 1399 3829 1510 3873; x_wconf 91' lang='lat' dir='ltr'><strong>causas</strong></span> <span class='ocrx_word' id='word_1_357' title='bbox 1521 3810 1673 3891; x_wconf 91' lang='lat' dir='ltr'><strong>quasdam</strong></span> <span class='ocrx_word' id='word_1_358' title='bbox 1686 3829 1871 3874; x_wconf 90' lang='lat' dir='ltr'><strong>communes</strong></span> <span class='ocrx_word' id='word_1_359' title='bbox 1886 3811 1915 3872; x_wconf 91' lang='lat' dir='ltr'><strong>in</strong></span> <span class='ocrx_word' id='word_1_360' title='bbox 1929 3809 1986 3889; x_wconf 89' lang='lat' dir='ltr'><strong>ipso</strong></span> 
     </span>
     <span class='ocr_line' id='line_1_35' title="bbox 452 3902 1984 3990; baseline -0.003 -22"><span class='ocrx_word' id='word_1_361' title='bbox 452 3907 550 3985; x_wconf 90' lang='lat' dir='ltr'><strong>tione,</strong></span> <span class='ocrx_word' id='word_1_362' title='bbox 574 3906 771 3988; x_wconf 90' lang='lat' dir='ltr'><strong>duplicitate,</strong></span> <span class='ocrx_word' id='word_1_363' title='bbox 792 3906 952 3988; x_wconf 86' lang='lat' dir='ltr'><strong>hypocrisi</strong></span> <span class='ocrx_word' id='word_1_364' title='bbox 977 3906 1129 3987; x_wconf 91' lang='lat' dir='ltr'><strong>omnique</strong></span> <span class='ocrx_word' id='word_1_365' title='bbox 1154 3906 1202 3967; x_wconf 93' lang='lat' dir='ltr'><strong>iu·</strong></span> <span class='ocrx_word' id='word_1_366' title='bbox 1256 3926 1377 3970; x_wconf 90' lang='lat' dir='ltr'><strong>canone</strong></span> <span class='ocrx_word' id='word_1_367' title='bbox 1406 3926 1570 3988; x_wconf 87' lang='lat' dir='ltr'><strong>expressas</strong></span> <span class='ocrx_word' id='word_1_368' title='bbox 1596 3932 1603 3969; x_wconf 94' lang='lat'><strong>:</strong></span> <span class='ocrx_word' id='word_1_369' title='bbox 1631 3907 1745 3990; x_wconf 90' lang='lat' dir='ltr'><strong>primo,</strong></span> <span class='ocrx_word' id='word_1_370' title='bbox 1776 3926 1835 3989; x_wconf 91' lang='lat' dir='ltr'><strong>pro</strong></span> <span class='ocrx_word' id='word_1_371' title='bbox 1862 3902 1984 3990; x_wconf 86' lang='lat' dir='ltr'><strong>generali</strong></span> 
     </span>
     <span class='ocr_line' id='line_1_36' title="bbox 453 4003 1986 4087; baseline -0.002 -21"><span class='ocrx_word' id='word_1_372' title='bbox 453 4003 597 4067; x_wconf 90' lang='lat' dir='ltr'><strong>ordinata</strong></span> <span class='ocrx_word' id='word_1_373' title='bbox 622 4004 796 4067; x_wconf 87' lang='lat' dir='ltr'><strong>reflexione</strong></span> <span class='ocrx_word' id='word_1_374' title='bbox 819 4005 858 4067; x_wconf 89' lang='lat' dir='ltr'><strong>ad</strong></span> <span class='ocrx_word' id='word_1_375' title='bbox 883 4006 1086 4068; x_wconf 89' lang='lat' dir='ltr'><strong>commodum</strong></span> <span class='ocrx_word' id='word_1_376' title='bbox 1110 4013 1200 4067; x_wconf 92' lang='lat' dir='ltr'><strong>tuum</strong></span> <span class='ocrx_word' id='word_1_377' title='bbox 1256 4005 1339 4067; x_wconf 90' lang='lat' dir='ltr'><strong>bono</strong></span> <span class='ocrx_word' id='word_1_378' title='bbox 1359 4006 1454 4069; x_wconf 92' lang='lat' dir='ltr'><strong>totius</strong></span> <span class='ocrx_word' id='word_1_379' title='bbox 1478 4005 1637 4085; x_wconf 80' lang='lat' dir='ltr'><strong>Ecclesia,</strong></span> <span class='ocrx_word' id='word_1_380' title='bbox 1653 4024 1690 4069; x_wconf 88' lang='lat' dir='ltr'><strong>ao</strong></span> <span class='ocrx_word' id='word_1_381' title='bbox 1715 4006 1860 4087; x_wconf 88' lang='lat' dir='ltr'><strong>personis</strong></span> <span class='ocrx_word' id='word_1_382' title='bbox 1882 4004 1986 4068; x_wconf 86' lang='lat' dir='ltr'><strong>ibidem</strong></span> 
     </span>
     <span class='ocr_line' id='line_1_37' title="bbox 453 4102 1985 4185; baseline -0.003 -20"><span class='ocrx_word' id='word_1_383' title='bbox 453 4110 486 4165; x_wconf 93' lang='lat' dir='ltr'><strong>et</strong></span> <span class='ocrx_word' id='word_1_384' title='bbox 499 4103 653 4165; x_wconf 89' lang='lat' dir='ltr'><strong>honorem</strong></span> <span class='ocrx_word' id='word_1_385' title='bbox 675 4120 804 4184; x_wconf 88' lang='lat' dir='ltr'><strong>prorsus</strong></span> <span class='ocrx_word' id='word_1_386' title='bbox 825 4102 1016 4165; x_wconf 86' lang='lat' dir='ltr'><strong>abstinuisti.</strong></span> <span class='ocrx_word' id='word_1_387' title='bbox 1033 4103 1077 4165; x_wconf 88' lang='lat' dir='ltr'><strong>De</strong></span> <span class='ocrx_word' id='word_1_388' title='bbox 1099 4102 1149 4164; x_wconf 90' lang='lat' dir='ltr'><strong>his</strong></span> <span class='ocrx_word' id='word_1_389' title='bbox 1171 4112 1202 4165; x_wconf 91' lang='lat' dir='ltr'><strong>et</strong></span> <span class='ocrx_word' id='word_1_390' title='bbox 1255 4104 1367 4181; x_wconf 82' lang='lat' dir='ltr'><strong>tactis3</strong></span> <span class='ocrx_word' id='word_1_391' title='bbox 1385 4104 1499 4166; x_wconf 90' lang='lat' dir='ltr'><strong>deiude</strong></span> <span class='ocrx_word' id='word_1_392' title='bbox 1514 4122 1571 4185; x_wconf 90' lang='lat' dir='ltr'><strong>pro</strong></span> <span class='ocrx_word' id='word_1_393' title='bbox 1590 4105 1673 4167; x_wconf 89' lang='lat' dir='ltr'><strong>vivis</strong></span> <span class='ocrx_word' id='word_1_394' title='bbox 1692 4124 1729 4167; x_wconf 86' lang='lat' dir='ltr'><strong>ae</strong></span> <span class='ocrx_word' id='word_1_395' title='bbox 1749 4104 1892 4184; x_wconf 89' lang='lat' dir='ltr'><strong>mortuis,</strong></span> <span class='ocrx_word' id='word_1_396' title='bbox 1907 4108 1985 4185; x_wconf 90' lang='lat' dir='ltr'><strong>prout</strong></span> 
     </span>
     <span class='ocr_line' id='line_1_38' title="bbox 455 4199 1986 4285; baseline -0.002 -23"><span class='ocrx_word' id='word_1_397' title='bbox 455 4199 676 4262; x_wconf 89' lang='lat' dir='ltr'><strong>consimilibus</strong></span> <span class='ocrx_word' id='word_1_398' title='bbox 715 4199 837 4261; x_wconf 88' lang='lat' dir='ltr'><strong>discute</strong></span> <span class='ocrx_word' id='word_1_399' title='bbox 875 4200 1078 4281; x_wconf 89' lang='lat' dir='ltr'><strong>temetipsum</strong></span> <span class='ocrx_word' id='word_1_400' title='bbox 1115 4201 1287 4267; x_wconf 89' lang='lat' dir='ltr'><strong>ante-Diu</strong></span> <span class='ocrx_word' id='word_1_401' title='bbox 1303 4201 1465 4265; x_wconf 89' lang='lat' dir='ltr'><strong>memoriis</strong></span> <span class='ocrx_word' id='word_1_402' title='bbox 1480 4203 1670 4279; x_wconf 91' lang='lat' dir='ltr'><strong>continetur,</strong></span> <span class='ocrx_word' id='word_1_403' title='bbox 1687 4210 1719 4264; x_wconf 89' lang='lat' dir='ltr'><strong>et</strong></span> <span class='ocrx_word' id='word_1_404' title='bbox 1732 4221 1791 4284; x_wconf 91' lang='lat' dir='ltr'><strong>pro</strong></span> <span class='ocrx_word' id='word_1_405' title='bbox 1811 4199 1986 4285; x_wconf 87' lang='lat' dir='ltr'><strong>specialibus</strong></span> 
     </span>
     <span class='ocr_line' id='line_1_39' title="bbox 455 4296 1986 4382; baseline -0.001 -23"><span class='ocrx_word' id='word_1_406' title='bbox 455 4316 550 4379; x_wconf 88' lang='lat' dir='ltr'><strong>quam</strong></span> <span class='ocrx_word' id='word_1_407' title='bbox 579 4316 632 4360; x_wconf 90' lang='lat' dir='ltr'><strong>eas</strong></span> <span class='ocrx_word' id='word_1_408' title='bbox 658 4297 841 4376; x_wconf 87' lang='lat' dir='ltr'><strong>dormitum,</strong></span> <span class='ocrx_word' id='word_1_409' title='bbox 867 4305 900 4359; x_wconf 90' lang='lat' dir='ltr'><strong>et</strong></span> <span class='ocrx_word' id='word_1_410' title='bbox 926 4306 999 4360; x_wconf 87' lang='lat' dir='ltr'><strong>ante</strong></span> <span class='ocrx_word' id='word_1_411' title='bbox 1028 4296 1202 4361; x_wconf 90' lang='lat' dir='ltr'><strong>confessio·</strong></span> <span class='ocrx_word' id='word_1_412' title='bbox 1256 4300 1361 4361; x_wconf 90' lang='lat' dir='ltr'><strong>causis</strong></span> <span class='ocrx_word' id='word_1_413' title='bbox 1389 4308 1483 4381; x_wconf 91' lang='lat' dir='ltr'><strong>atque</strong></span> <span class='ocrx_word' id='word_1_414' title='bbox 1512 4300 1667 4381; x_wconf 91' lang='lat' dir='ltr'><strong>personis,</strong></span> <span class='ocrx_word' id='word_1_415' title='bbox 1693 4319 1751 4382; x_wconf 90' lang='lat' dir='ltr'><strong>pro</strong></span> <span class='ocrx_word' id='word_1_416' title='bbox 1776 4301 1891 4382; x_wconf 91' lang='lat' dir='ltr'><strong>quibus</strong></span> <span class='ocrx_word' id='word_1_417' title='bbox 1917 4296 1986 4361; x_wconf 81' lang='lat' dir='ltr'><strong>ceie-</strong></span> 
     </span>
    </p>
   </div>
   <div class='ocr_carea' id='block_1_4' title="bbox 449 4394 2094 5366">
    <p class='ocr_par' dir='ltr' id='par_1_4' title="bbox 454 4394 1982 4481">
     <span class='ocr_line' id='line_1_40' title="bbox 454 4394 1982 4481; baseline -0.002 -24"><span class='ocrx_word' id='word_1_418' title='bbox 454 4414 549 4475; x_wconf 88' lang='lat' dir='ltr'><strong>nem;</strong></span> <span class='ocrx_word' id='word_1_419' title='bbox 575 4404 607 4458; x_wconf 90' lang='lat' dir='ltr'><strong>ot</strong></span> <span class='ocrx_word' id='word_1_420' title='bbox 629 4395 712 4475; x_wconf 90' lang='lat' dir='ltr'><strong>dole,</strong></span> <span class='ocrx_word' id='word_1_421' title='bbox 739 4394 922 4476; x_wconf 80' lang='lat' dir='ltr'><strong>ingemisce,</strong></span> <span class='ocrx_word' id='word_1_422' title='bbox 947 4395 1037 4476; x_wconf 87' lang='lat' dir='ltr'><strong>plora</strong></span> <span class='ocrx_word' id='word_1_423' title='bbox 1061 4394 1202 4458; x_wconf 88' lang='lat' dir='ltr'><strong>veniam-</strong></span> <span class='ocrx_word' id='word_1_424' title='bbox 1254 4396 1350 4460; x_wconf 91' lang='lat' dir='ltr'><strong>hrans</strong></span> <span class='ocrx_word' id='word_1_425' title='bbox 1369 4417 1407 4461; x_wconf 79' lang='lat' dir='ltr'><strong>en</strong></span> <span class='ocrx_word' id='word_1_426' title='bbox 1427 4398 1556 4481; x_wconf 92' lang='lat' dir='ltr'><strong>speciali</strong></span> <span class='ocrx_word' id='word_1_427' title='bbox 1578 4406 1646 4461; x_wconf 90' lang='lat' dir='ltr'><strong>orat</strong></span> <span class='ocrx_word' id='word_1_428' title='bbox 1660 4417 1697 4461; x_wconf 91' lang='lat' dir='ltr'><strong>ae</strong></span> <span class='ocrx_word' id='word_1_429' title='bbox 1712 4398 1853 4462; x_wconf 87' lang='lat' dir='ltr'><strong>celebrat</strong></span> <span class='ocrx_word' id='word_1_430' title='bbox 1868 4396 1982 4459; x_wconf 87' lang='lat' dir='ltr'><strong>ratione.</strong></span> 
     </span>
    </p>

    <p class='ocr_par' dir='ltr' id='par_1_5' title="bbox 453 4491 2094 4576">
     <span class='ocr_line' id='line_1_41' title="bbox 453 4491 2094 4576; baseline 0 -21"><span class='ocrx_word' id='word_1_431' title='bbox 453 4512 516 4574; x_wconf 91' lang='lat' dir='ltr'><strong>que</strong></span> <span class='ocrx_word' id='word_1_432' title='bbox 544 4511 649 4573; x_wconf 85' lang='lat' dir='ltr'><strong>exora,</strong></span> <span class='ocrx_word' id='word_1_433' title='bbox 679 4511 757 4574; x_wconf 90' lang='lat' dir='ltr'><strong>pure</strong></span> <span class='ocrx_word' id='word_1_434' title='bbox 787 4491 982 4573; x_wconf 88' lang='lat' dir='ltr'><strong>confitearis,</strong></span> <span class='ocrx_word' id='word_1_435' title='bbox 1012 4492 1142 4555; x_wconf 88' lang='lat' dir='ltr'><strong>satisfac</strong></span> <span class='ocrx_word' id='word_1_436' title='bbox 1170 4502 1202 4556; x_wconf 91' lang='lat' dir='ltr'><strong>et</strong></span> <span class='ocrx_word' id='word_1_437' title='bbox 1255 4496 1355 4570; x_wconf 82' lang='lat' dir='ltr'><strong>Ouum</strong></span> <span class='ocrx_word' id='word_1_438' title='bbox 1371 4514 1446 4576; x_wconf 82' lang='lat' dir='ltr'><strong>ergo</strong></span> <span class='ocrx_word' id='word_1_439' title='bbox 1461 4515 1563 4559; x_wconf 81' lang='lat' dir='ltr'><strong>causeo</strong></span> <span class='ocrx_word' id='word_1_440' title='bbox 1578 4496 1645 4559; x_wconf 80' lang='lat' dir='ltr'><strong>ista</strong></span> <span class='ocrx_word' id='word_1_441' title='bbox 1661 4498 1725 4559; x_wconf 91' lang='lat' dir='ltr'><strong>siut</strong></span> <span class='ocrx_word' id='word_1_442' title='bbox 1739 4497 1818 4560; x_wconf 90' lang='lat' dir='ltr'><strong>tales</strong></span> <span class='ocrx_word' id='word_1_443' title='bbox 1836 4516 1873 4559; x_wconf 90' lang='lat' dir='ltr'><strong>ac</strong></span> <span class='ocrx_word' id='word_1_444' title='bbox 1894 4500 1983 4570; x_wconf 78' lang='lat' dir='ltr'><strong>unta,</strong></span> <span class='ocrx_word' id='word_1_445' title='bbox 2093 4562 2094 4571; x_wconf 10' lang='grc' dir='ltr'>ἒ</span> 
     </span>
    </p>

    <p class='ocr_par' dir='ltr' id='par_1_6' title="bbox 453 4593 1986 4775">
     <span class='ocr_line' id='line_1_42' title="bbox 453 4593 1986 4675; baseline -0.005 -17"><span class='ocrx_word' id='word_1_446' title='bbox 453 4597 597 4659; x_wconf 90' lang='lat' dir='ltr'><strong>emenda.</strong></span> <span class='ocrx_word' id='word_1_447' title='bbox 1254 4593 1348 4654; x_wconf 88' lang='lat' dir='ltr'><strong>debet</strong></span> <span class='ocrx_word' id='word_1_448' title='bbox 1372 4593 1519 4655; x_wconf 91' lang='lat' dir='ltr'><strong>sacerdos</strong></span> <span class='ocrx_word' id='word_1_449' title='bbox 1544 4612 1618 4655; x_wconf 91' lang='lat' dir='ltr'><strong>cum</strong></span> <span class='ocrx_word' id='word_1_450' title='bbox 1642 4593 1730 4656; x_wconf 92' lang='lat' dir='ltr'><strong>omui</strong></span> <span class='ocrx_word' id='word_1_451' title='bbox 1755 4593 1885 4675; x_wconf 88' lang='lat' dir='ltr'><strong>affectu,</strong></span> <span class='ocrx_word' id='word_1_452' title='bbox 1900 4600 1986 4655; x_wconf 88' lang='lat' dir='ltr'><strong>atten-</strong></span> 
     </span>
     <span class='ocr_line' id='line_1_43' title="bbox 493 4690 1984 4775; baseline -0.006 -18"><span class='ocrx_word' id='word_1_453' title='bbox 493 4695 650 4772; x_wconf 88' lang='lat' dir='ltr'><strong>Secundo,</strong></span> <span class='ocrx_word' id='word_1_454' title='bbox 680 4696 841 4775; x_wconf 90' lang='lat' dir='ltr'><strong>perpende</strong></span> <span class='ocrx_word' id='word_1_455' title='bbox 873 4693 949 4775; x_wconf 91' lang='lat' dir='ltr'><strong>quid</strong></span> <span class='ocrx_word' id='word_1_456' title='bbox 978 4693 1110 4774; x_wconf 90' lang='lat' dir='ltr'><strong>offeras,</strong></span> <span class='ocrx_word' id='word_1_457' title='bbox 1139 4695 1199 4758; x_wconf 93' lang='lat' dir='ltr'><strong>hoc</strong></span> <span class='ocrx_word' id='word_1_458' title='bbox 1254 4690 1340 4753; x_wconf 90' lang='lat' dir='ltr'><strong>tione</strong></span> <span class='ocrx_word' id='word_1_459' title='bbox 1369 4697 1401 4753; x_wconf 90' lang='lat' dir='ltr'><strong>et</strong></span> <span class='ocrx_word' id='word_1_460' title='bbox 1428 4690 1606 4753; x_wconf 88' lang='lat' dir='ltr'><strong>humilitate</strong></span> <span class='ocrx_word' id='word_1_461' title='bbox 1634 4710 1691 4773; x_wconf 92' lang='lat' dir='ltr'><strong>pro</strong></span> <span class='ocrx_word' id='word_1_462' title='bbox 1724 4690 1803 4772; x_wconf 90' lang='lat' dir='ltr'><strong>ipsis</strong></span> <span class='ocrx_word' id='word_1_463' title='bbox 1831 4698 1863 4753; x_wconf 93' lang='lat' dir='ltr'><strong>et</strong></span> <span class='ocrx_word' id='word_1_464' title='bbox 1891 4704 1984 4752; x_wconf 86' lang='lat' dir='ltr'><strong>earum</strong></span> 
     </span>
    </p>

    <p class='ocr_par' dir='ltr' id='par_1_7' title="bbox 452 4785 1984 4873">
     <span class='ocr_line' id='line_1_44' title="bbox 452 4785 1984 4873; baseline -0.007 -18"><span class='ocrx_word' id='word_1_465' title='bbox 452 4800 501 4855; x_wconf 90' lang='lat' dir='ltr'><strong>est</strong></span> <span class='ocrx_word' id='word_1_466' title='bbox 522 4792 688 4854; x_wconf 82' lang='lat' dir='ltr'><strong>veritatem</strong></span> <span class='ocrx_word' id='word_1_467' title='bbox 707 4800 739 4854; x_wconf 92' lang='lat' dir='ltr'><strong>et</strong></span> <span class='ocrx_word' id='word_1_468' title='bbox 757 4791 941 4873; x_wconf 79' lang='lat' dir='ltr'><strong>dignitatem</strong></span> <span class='ocrx_word' id='word_1_469' title='bbox 966 4793 1118 4855; x_wconf 90' lang='lat' dir='ltr'><strong>sacrificii</strong></span> <span class='ocrx_word' id='word_1_470' title='bbox 1143 4794 1200 4856; x_wconf 89' lang='lat' dir='ltr'><strong>hu·</strong></span> <span class='ocrx_word' id='word_1_471' title='bbox 1255 4789 1439 4870; x_wconf 88' lang='lat' dir='ltr'><strong>impletione</strong></span> <span class='ocrx_word' id='word_1_472' title='bbox 1461 4789 1622 4853; x_wconf 86' lang='lat' dir='ltr'><strong>celebrare</strong></span> <span class='ocrx_word' id='word_1_473' title='bbox 1642 4808 1679 4852; x_wconf 87' lang='lat' dir='ltr'><strong>ao</strong></span> <span class='ocrx_word' id='word_1_474' title='bbox 1704 4789 1887 4871; x_wconf 89' lang='lat' dir='ltr'><strong>deprecari;</strong></span> <span class='ocrx_word' id='word_1_475' title='bbox 1902 4785 1984 4869; x_wconf 91' lang='lat' dir='ltr'><strong>potis-</strong></span> 
     </span>
    </p>

    <p class='ocr_par' dir='ltr' id='par_1_8' title="bbox 450 4886 1982 4972">
     <span class='ocr_line' id='line_1_45' title="bbox 450 4886 1982 4972; baseline -0.004 -21"><span class='ocrx_word' id='word_1_476' title='bbox 450 4890 515 4972; x_wconf 84' lang='lat' dir='ltr'><strong>jus,</strong></span> <span class='ocrx_word' id='word_1_477' title='bbox 552 4887 758 4952; x_wconf 75' lang='lat' dir='ltr'><strong>Eucharistiae</strong></span> <span class='ocrx_word' id='word_1_478' title='bbox 796 4890 1008 4970; x_wconf 86' lang='lat' dir='ltr'><strong>sanctitatem,</strong></span> <span class='ocrx_word' id='word_1_479' title='bbox 1045 4899 1076 4953; x_wconf 90' lang='lat' dir='ltr'><strong>et</strong></span> <span class='ocrx_word' id='word_1_480' title='bbox 1114 4893 1199 4972; x_wconf 95' lang='lat' dir='ltr'><strong>quod</strong></span> <span class='ocrx_word' id='word_1_481' title='bbox 1253 4886 1396 4968; x_wconf 74' lang='lat' dir='ltr'><strong>sitneque</strong></span> <span class='ocrx_word' id='word_1_482' title='bbox 1415 4888 1539 4949; x_wconf 90' lang='lat' dir='ltr'><strong>studeat</strong></span> <span class='ocrx_word' id='word_1_483' title='bbox 1557 4888 1620 4950; x_wconf 89' lang='lat' dir='ltr'><strong>Deo</strong></span> <span class='ocrx_word' id='word_1_484' title='bbox 1640 4886 1684 4949; x_wconf 93' lang='lat' dir='ltr'><strong>sic</strong></span> <span class='ocrx_word' id='word_1_485' title='bbox 1704 4887 1911 4969; x_wconf 87' lang='lat' dir='ltr'><strong>complacere,</strong></span> <span class='ocrx_word' id='word_1_486' title='bbox 1930 4892 1982 4945; x_wconf 75' lang='lat' dir='ltr'><strong>um</strong></span> 
     </span>
    </p>

    <p class='ocr_par' dir='ltr' id='par_1_9' title="bbox 451 4984 1983 5070">
     <span class='ocr_line' id='line_1_46' title="bbox 451 4984 1983 5070; baseline -0.007 -19"><span class='ocrx_word' id='word_1_487' title='bbox 451 4989 624 5070; x_wconf 89' lang='lat' dir='ltr'><strong>ipsummet</strong></span> <span class='ocrx_word' id='word_1_488' title='bbox 656 4988 814 5051; x_wconf 84' lang='lat' dir='ltr'><strong>Christum</strong></span> <span class='ocrx_word' id='word_1_489' title='bbox 849 4989 947 5051; x_wconf 89' lang='lat' dir='ltr'><strong>Deum</strong></span> <span class='ocrx_word' id='word_1_490' title='bbox 976 4998 1008 5052; x_wconf 89' lang='lat' dir='ltr'><strong>et</strong></span> <span class='ocrx_word' id='word_1_491' title='bbox 1035 4990 1198 5053; x_wconf 89' lang='lat' dir='ltr'><strong>hominem</strong></span> <span class='ocrx_word' id='word_1_492' title='bbox 1252 4984 1451 5048; x_wconf 90' lang='lat' dir='ltr'><strong>familiariter</strong></span> <span class='ocrx_word' id='word_1_493' title='bbox 1465 4984 1636 5063; x_wconf 72' lang='lat' dir='ltr'><strong>adhaerere,</strong></span> <span class='ocrx_word' id='word_1_494' title='bbox 1654 4993 1717 5047; x_wconf 74' lang='lat' dir='ltr'><strong>mm</strong></span> <span class='ocrx_word' id='word_1_495' title='bbox 1733 4984 1855 5047; x_wconf 90' lang='lat' dir='ltr'><strong>fervide</strong></span> <span class='ocrx_word' id='word_1_496' title='bbox 1870 5003 1905 5046; x_wconf 88' lang='lat' dir='ltr'><strong>ac</strong></span> <span class='ocrx_word' id='word_1_497' title='bbox 1924 4998 1983 5062; x_wconf 90' lang='lat' dir='ltr'><strong>per·</strong></span> 
     </span>
    </p>

    <p class='ocr_par' dir='ltr' id='par_1_10' title="bbox 451 5080 1982 5168">
     <span class='ocr_line' id='line_1_47' title="bbox 451 5080 1982 5168; baseline -0.007 -18"><span class='ocrx_word' id='word_1_498' title='bbox 451 5096 577 5165; x_wconf 90' lang='lat' dir='ltr'><strong>tractes,</strong></span> <span class='ocrx_word' id='word_1_499' title='bbox 601 5086 758 5163; x_wconf 90' lang='lat' dir='ltr'><strong>immoles,</strong></span> <span class='ocrx_word' id='word_1_500' title='bbox 780 5106 897 5148; x_wconf 90' lang='lat' dir='ltr'><strong>sumas.</strong></span> <span class='ocrx_word' id='word_1_501' title='bbox 923 5087 961 5149; x_wconf 89' lang='lat' dir='ltr'><strong>Et</strong></span> <span class='ocrx_word' id='word_1_502' title='bbox 985 5088 1024 5149; x_wconf 90' lang='lat' dir='ltr'><strong>de</strong></span> <span class='ocrx_word' id='word_1_503' title='bbox 1048 5088 1109 5150; x_wconf 93' lang='lat' dir='ltr'><strong>hoc</strong></span> <span class='ocrx_word' id='word_1_504' title='bbox 1132 5087 1198 5168; x_wconf 87' lang='lat' dir='ltr'><strong>jam</strong></span> <span class='ocrx_word' id='word_1_505' title='bbox 1251 5082 1335 5146; x_wconf 91' lang='lat' dir='ltr'><strong>fecte</strong></span> <span class='ocrx_word' id='word_1_506' title='bbox 1361 5084 1490 5161; x_wconf 90' lang='lat' dir='ltr'><strong>servire,</strong></span> <span class='ocrx_word' id='word_1_507' title='bbox 1512 5091 1546 5145; x_wconf 95' lang='lat' dir='ltr'><strong>ut</strong></span> <span class='ocrx_word' id='word_1_508' title='bbox 1568 5091 1727 5146; x_wconf 88' lang='lat' dir='ltr'><strong>mereatur</strong></span> <span class='ocrx_word' id='word_1_509' title='bbox 1749 5080 1982 5146; x_wconf 88' lang='lat' dir='ltr'><strong>elementissimo</strong></span> 
     </span>
    </p>

    <p class='ocr_par' dir='ltr' id='par_1_11' title="bbox 450 5182 1407 5265">
     <span class='ocr_line' id='line_1_48' title="bbox 450 5182 1407 5265; baseline -0.001 -18"><span class='ocrx_word' id='word_1_510' title='bbox 450 5185 535 5247; x_wconf 87' lang='lat' dir='ltr'><strong>dieta</strong></span> <span class='ocrx_word' id='word_1_511' title='bbox 551 5194 625 5248; x_wconf 92' lang='lat' dir='ltr'><strong>sunt</strong></span> <span class='ocrx_word' id='word_1_512' title='bbox 638 5184 748 5246; x_wconf 85' lang='lat' dir='ltr'><strong>multa.</strong></span> <span class='ocrx_word' id='word_1_513' title='bbox 762 5184 842 5247; x_wconf 89' lang='lat' dir='ltr'><strong>Hinc</strong></span> <span class='ocrx_word' id='word_1_514' title='bbox 857 5185 1111 5248; x_wconf 88' lang='lat' dir='ltr'><strong>consideratione</strong></span> <span class='ocrx_word' id='word_1_515' title='bbox 1126 5203 1198 5265; x_wconf 92' lang='lat' dir='ltr'><strong>pro·</strong></span> <span class='ocrx_word' id='word_1_516' title='bbox 1251 5182 1407 5246; x_wconf 81' lang='lat' dir='ltr'><strong>exaudiri.</strong></span> 
     </span>
    </p>

    <p class='ocr_par' dir='ltr' id='par_1_12' title="bbox 449 5275 1983 5366">
     <span class='ocr_line' id='line_1_49' title="bbox 449 5275 1983 5366; baseline -0.003 -22"><span class='ocrx_word' id='word_1_517' title='bbox 449 5282 529 5366; x_wconf 81' lang='lat' dir='ltr'><strong>pria</strong></span> <span class='ocrx_word' id='word_1_518' title='bbox 555 5282 806 5346; x_wconf 87' lang='lat' dir='ltr'><strong>defectuositatis</strong></span> <span class='ocrx_word' id='word_1_519' title='bbox 835 5290 867 5344; x_wconf 90' lang='lat' dir='ltr'><strong>et</strong></span> <span class='ocrx_word' id='word_1_520' title='bbox 894 5283 1006 5364; x_wconf 82' lang='lat' dir='ltr'><strong>eulpa,</strong></span> <span class='ocrx_word' id='word_1_521' title='bbox 1032 5282 1196 5363; x_wconf 82' lang='lat' dir='ltr'><strong>dignitatis</strong></span> <span class='ocrx_word' id='word_1_522' title='bbox 1291 5281 1454 5360; x_wconf 86' lang='lat' dir='ltr'><strong>Praeterea,</strong></span> <span class='ocrx_word' id='word_1_523' title='bbox 1471 5280 1570 5361; x_wconf 90' lang='lat' dir='ltr'><strong>aliqui</strong></span> <span class='ocrx_word' id='word_1_524' title='bbox 1585 5280 1697 5343; x_wconf 90' lang='lat' dir='ltr'><strong>dicunt</strong></span> <span class='ocrx_word' id='word_1_525' title='bbox 1718 5287 1790 5344; x_wconf 89' lang='lat' dir='ltr'><strong>ante</strong></span> <span class='ocrx_word' id='word_1_526' title='bbox 1812 5275 1983 5344; x_wconf 87' lang='lat' dir='ltr'><strong>celebratio-</strong></span> 
     </span>
    </p>
   </div>
   <div class='ocr_carea' id='block_1_5' title="bbox 0 0 2160 6259">
    <p class='ocr_par' dir='ltr' id='par_1_13' title="bbox 0 0 2160 6259">
     <span class='ocr_line' id='line_1_50' title="bbox 0 0 2160 6259; baseline 0 0"><span class='ocrx_word' id='word_1_527' title='bbox 0 0 2160 6259; x_wconf 95' lang='lat' dir='ltr'><strong> </strong></span> 
     </span>
    </p>
   </div>
  </div>
 </body>
</html>
