4309 6259
456 456 516 522 300

765 482 806 529 be
826 483 973 530 hassione
992 482 1100 531 DOlssNl
1122 484 1307 531 SALVATORIS
1329 486 1487 533 blutoues.
1510 505 1551 517 -·
1570 487 1642 533 unt.
1664 488 1707 533 XX

457 648 649 731 angustiam,
669 652 920 734 poeualissimam
941 652 1146 717 formidinem
1168 673 1206 717 ac
1220 654 1246 717 Α
1262 654 1332 717 ritis
1356 656 1541 737 innitentes,
1565 657 1701 720 libenter
1720 664 1751 721 et
1772 656 1903 740 copiose
1921 656 1994 723 soleo

457 766 626 813 moerorem
646 752 869 833 gravissimum
891 760 1065 834 spontanee
1084 772 1208 816 assum-

457 847 561 928 psisti,
583 856 618 911 ut
639 868 747 913 veram
767 850 800 913 in
826 858 856 912 te
881 869 951 913 csse
975 851 1206 914 humanitatem

457 946 651 1027 ostenderes,
677 966 714 1010 ac
742 947 856 1011 mento
884 955 977 1011 tante
1002 938 1203 1028 afflictionis,

457 1041 636 1107 formidinis
655 1065 692 1108 ac
714 1046 870 1126 moeroris,
886 1046 1037 1110 virtutem
1058 1054 1090 1110 et
1110 1048 1207 1130 grati·
1286 1076 1288 1079 ·

457 1160 508 1203 am
524 1142 616 1205 nobis
631 1145 822 1209 concederes
837 1144 987 1208 vincendi
1004 1153 1036 1207 et
1048 1144 1204 1209 evadendi

457 1258 585 1304 omnem
606 1242 822 1306 inordinatum
840 1262 1004 1326 pavorem,
1021 1245 1204 1307 secularem

457 1338 617 1401 tristitiam
639 1348 671 1403 et
692 1340 881 1404 infernalem
901 1342 1090 1423 angustiam.
1112 1342 1205 1405 Dein-

458 1456 533 1518 ceps
561 1456 580 1500 a
607 1438 773 1519 discipulis
800 1439 977 1520 elongatus,
1007 1447 1055 1503 ter
1082 1440 1204 1503 Patrem

458 1535 585 1615 rogasti,
601 1555 666 1599 suae
680 1544 785 1599 tamen
808 1545 946 1619 paterna
961 1556 998 1600 ac
1019 1538 1205 1601 voluntariae

457 1632 658 1712 dispositioni
685 1634 848 1715 petitionis
877 1643 938 1698 tuat
971 1636 1205 1699 exauditionem

458 1729 618 1811 sapienter
644 1750 718 1793 cum
746 1732 997 1814 resignatissima
1024 1733 1206 1797 obedientia

1260 754 1420 818 exaudire.

1460 1010 1704 1074 ARTIGULUS
1727 1010 1803 1072 XX.

1337 1161 1384 1217 De
1404 1158 1603 1217 meditandis
1620 1159 1702 1217 liora
1721 1159 1926 1217 matutinali.

1300 1344 1469 1407 sturmus.
1496 1378 1536 1389 --
1560 1343 1661 1406 lledia
1685 1350 1778 1406 nocte
1803 1342 1911 1425 passio
1938 1351 1992 1420 tur,

1260 1439 1425 1521 Unigenite
1447 1440 1502 1502 Dei
1528 1440 1638 1517 Patris,
1664 1441 1705 1504 ab
1727 1440 1835 1522 impiis
1859 1458 1994 1521 corpora·

1260 1538 1332 1600 liter
1344 1537 1430 1600 illata
1445 1537 1585 1601 creditur
1599 1537 1771 1621 incepisse,
1788 1557 1886 1620 quum
1911 1539 1996 1601 intre

1260 1636 1333 1717 pide
1358 1635 1493 1699 obviasti
1523 1635 1646 1699 aemulis
1674 1636 1748 1714 tuis,
1775 1654 1854 1717 quos
1882 1644 1916 1698 et
1941 1654 1995 1699 uno
2015 1659 2077 1703 unu.

1260 1734 1358 1797 verbo
1392 1734 1612 1815 prostravisti3
1641 1754 1661 1797 a
1689 1735 1806 1815 quibus
1835 1734 1995 1798 crudeliter
2004 1726 2100 1827 ngffl

457 1830 698 1908 commendasti,
728 1830 864 1895 dicendo
894 1855 901 1893 :
930 1831 999 1895 Non
1032 1832 1117 1912 quod
1146 1850 1205 1913 ego
1223 1835 1382 1913 Bcaptus,
1407 1824 1540 1914 ligatus,
1569 1840 1686 1913 tentus,
1717 1840 1847 1909 tractus,
1877 1833 2022 1910 ductus,s.

457 1926 540 2006 volo,
561 1928 616 1990 sed
640 1930 725 2009 quod
749 1937 795 1991 tu.
815 1929 872 1991 Per
892 1948 962 2010 quae
985 1930 1121 1993 docuisti
1146 1948 1205 1995 uos

457 2044 599 2087 seorsum
620 2025 855 2106 frequentaret
875 2027 1009 2106 fervide,
1033 2028 1204 2110 prudenter

457 2131 489 2186 et
502 2124 687 2187 obedienter
701 2144 801 2206 orare,
815 2125 859 2188 ita
873 2135 908 2187 ut
922 2126 954 2187 in
969 2126 1019 2188 his
1034 2126 1073 2189 de
1088 2126 1204 2207 quihus

457 2242 567 2285 sumus
588 2224 702 2286 incerti
717 2244 757 2286 an
776 2226 944 2305 expediant
958 2233 1073 2288 nostrae
1095 2226 1201 2302 saluti,

458 2321 541 2384 sicut
555 2322 588 2382 iu
602 2322 752 2385 evasione
767 2324 923 2386 malorum
938 2323 1125 2405 poenalium,
1142 2332 1203 2385 tuat

456 2420 691 2483 committamus
718 2420 874 2484 voluntati
903 2422 1064 2503 petitionis
1088 2430 1203 2485 nostrat

456 2516 622 2581 effectum.
652 2518 751 2598 Tunc,
785 2537 804 2581 ο
835 2518 980 2598 Domine,
1014 2519 1202 2600 sauguinem

455 2634 582 2696 quoque
605 2624 637 2679 et
657 2635 772 2697 aquam
794 2617 925 2696 sudasti,
949 2626 984 2679 ut
1004 2616 1133 2698 sanguis
1156 2636 1205 2679 re-

455 2714 600 2793 dimeret,
617 2734 699 2796 aqua
713 2716 843 2794 lavaret,
860 2723 892 2778 et
906 2716 1020 2777 merito
1035 2714 1201 2797 sanguinei

454 2813 551 2893 hujus
566 2813 689 2876 sudoris
710 2814 751 2875 ab
766 2813 979 2876 inestimabili
1003 2814 1057 2875 illo
1072 2814 1202 2876 horrore

454 2931 512 2974 nos
536 2931 662 2975 erueres
682 2931 777 2993 quem
802 2912 835 2973 in
858 2912 910 2974 die
933 2911 1047 2993 judicii
1067 2912 1204 2973 sustine-

1261 1930 1416 2011 impulsus
1440 1950 1484 2007 ec,
1509 1938 1541 1992 et
1563 1929 1744 1993 adversario
1769 1939 1824 1993 tuo
1848 1931 1995 1993 abscisam
2006 1908 2096 2013 Ἦ

1259 2027 1423 2091 restituisti
1447 2047 1483 2091 ac
1502 2028 1620 2091 curasti
1640 2028 1826 2091 auriculam.
1844 2028 1960 2091 Deinde
1982 2037 2033 2090 att·

1258 2124 1411 2207 pontifice
1424 2125 1581 2189 invidiose
1596 2146 1630 2189 es
1646 2126 1858 2207 interrogatus
1873 2135 1907 2189 et
1920 2126 2105 2207 adju-vma-

1259 2233 1355 2304 ratus,
1371 2244 1390 2287 a
1408 2224 1554 2287 ministro
1573 2224 1665 2306 alapa
1684 2223 1835 2287 ferociter
1858 2244 1968 2303 caesus,
1981 2198 2080 2299 affin,

1258 2321 1367 2383 multis
1389 2340 1461 2383 reus
1480 2322 1590 2385 mortis
1610 2322 1814 2403 dijudicatus,
1832 2342 1850 2385 a
1870 2322 2105 2423 scelera-5¹22¹

1257 2420 1389 2483 tissimis
1403 2420 1537 2501 velatus,
1554 2429 1738 2503 consputus,
1753 2421 1995 2501 blasphematus,
2008 2395 2069 2487 a?

1257 2519 1380 2599 irrisus,
1407 2519 1507 2602 alapis
1535 2518 1740 2601 colaphisque
1767 2538 1939 2601 percussus
1964 2538 1996 2581 ac
2008 2506 2086 2611 ἓξὲξ

1257 2616 1360 2697 capite
1382 2636 1493 2680 caesus.
2016 2631 2104 2673 uma.

1296 2716 1330 2777 lu
1355 2716 1527 2778 concilium
1551 2733 1677 2796 quoque
1706 2716 1878 2798 impiorum
1909 2698 2058 2800 addu-ffi,
2073 2768 2104 2798 u,

1257 2813 1510 2891 ctuS,veritatem
1527 2812 1693 2877 coufessus
1708 2832 1830 2893 es,csse
1846 2822 1878 2876 te
1890 2814 1999 2877 Filium
2011 2824 2039 2864 a.

1256 2912 1323 2975 llei.
1341 2912 1428 2974 Tunc
1444 2918 1474 2973 te
1488 2912 1595 2975 hostes
1617 2911 1664 2974 tui
1685 2912 1883 2974 terribilibus
1903 2882 2109 2989 oeulisss'fm'i

454 3011 533 3073 bunt
557 3009 658 3091 iniqui
685 3035 692 3072 ι
716 3010 770 3091 qui
796 3011 907 3072 horror
931 3017 1054 3072 tantum
1078 3010 1112 3071 in
1137 3009 1237 3077 illisC
1257 3010 1473 3091 inspexerunt,
1504 3016 1597 3090 atque
1631 3009 1864 3072 ardentissimis
1903 3010 2001 3073 oculis

453 3117 561 3189 posset
588 3108 735 3171 sudorem
763 3117 949 3188 extorquere
977 3107 1201 3188 sanguineum,

454 3207 537 3286 quod
559 3214 705 3268 natarent
726 3205 757 3267 in
780 3205 847 3268 illo.

493 3304 551 3366 Per
571 3304 735 3385 praefatam
757 3304 843 3365 illam
867 3312 965 3383 tuam,
981 3304 1113 3366 Domine
1129 3304 1200 3365 lesu

453 3402 586 3481 Christe,
608 3400 872 3484 perfectissimam
894 3402 1058 3464 caritatem
1083 3409 1115 3463 et
1135 3421 1202 3464 om-

453 3520 527 3563 nem
551 3499 651 3581 ipsius
675 3499 897 3562 liberalitatem
920 3519 957 3562 ac
982 3500 1143 3579 meritum,
1167 3500 1200 3562 iu

452 3601 569 3663 virtute
584 3599 722 3662 caritatis
737 3616 795 3661 nos
808 3598 928 3679 jugiter
942 3596 1073 3679 perfice,
1086 3606 1118 3660 et
1131 3617 1202 3679 gra-

451 3698 502 3761 tiae
530 3706 590 3760 tuat
618 3696 818 3760 affluentiam
847 3696 940 3759 nobis
969 3696 1114 3759 infunde.
1142 3695 1201 3757 Per

452 3805 571 3859 mutam
585 3796 680 3858 etiam
696 3803 782 3858 tuam
797 3795 1023 3872 humilitatem,
1033 3794 1202 3875 obsequio-

452 3898 577 3958 sitatem
604 3902 699 3975 atque
726 3894 954 3975 dignationem,
981 3893 1069 3956 omui
1097 3893 1202 3954 humi-

452 3994 539 4057 litate
564 3992 796 4073 affectibusque
821 3990 907 4053 illius
931 4010 983 4053 me
1009 3990 1118 4071 imple.
1140 3991 1200 4053 Sed

452 4101 484 4156 et
511 4090 625 4153 merito
655 4089 732 4152 tanti
761 4090 805 4151 tui
832 4089 954 4153 timoris
979 4108 1016 4150 ac
1042 4089 1198 4167 moeroriS,

1257 3107 1372 3170 mentis
1388 3127 1452 3171 suae
1466 3108 1673 3171 ostenderunt
1692 3106 1832 3171 furorem
1854 3109 1890 3171 in
1914 3118 1954 3171 te.
1970 3109 2000 3171 ln

1257 3206 1312 3267 illa
1336 3213 1429 3269 nocte
1449 3205 1596 3286 potestati
1615 3205 1818 3269 tenebrarum
1839 3226 2001 3274 concessa.
2022 3219 2064 3261 tuc-
2077 3226 2109 3255 m

1257 3312 1450 3386 aperuerunt
1464 3323 1560 3385 super
1575 3312 1604 3367 te
1619 3323 1674 3367 ora
1689 3324 1747 3366 sua
1761 3306 2001 3387 exprobrantem
2013 3284 2109 3386 32„st

1256 3410 1481 3485 percusserunt
1510 3419 1614 3465 roseas
1642 3410 1713 3464 tuas
1739 3421 1848 3484 genas,
1873 3404 2003 3466 saturati

1257 3509 1330 3563 suut
1354 3500 1458 3581 poenis
1485 3500 1557 3561 tuis.
1575 3499 1749 3562 Consilium
1773 3499 1924 3563 fecerunt
1947 3502 2005 3563 iui—
2026 3526 2110 3572 talio,

1256 3598 1332 3659 mici
1357 3598 1401 3659 tui
1427 3597 1596 3660 adversum
1620 3606 1663 3675 te,
1686 3598 1829 3661 dicentes
1851 3622 1859 3661 :
1882 3600 2004 3675 Venite,

1257 3695 1418 3758 mittamus
1434 3696 1557 3777 liguum
1574 3696 1607 3757 iu
1622 3715 1737 3778 panem
1753 3697 1834 3777 ejus,
1852 3706 1886 3760 et
1900 3700 2007 3761 crada-

1257 3813 1327 3856 mus
1343 3814 1415 3857 eum
1431 3794 1470 3857 de
1485 3802 1568 3857 terra
1582 3794 1771 3857 viventium.
1789 3795 2007 3877 Dixeruntquc

1257 3892 1347 3975 impii
1365 3892 1411 3954 illi
1426 3892 1667 3975 :Opprimamus
1682 3911 1855 3975 pauperem
1870 3895 2005 3976 justum,
2019 3914 2064 3967 sq.
2074 3911 2114 3953 err.

1255 3991 1405 4071 quoniam
1426 3990 1603 4054 contrarius
1624 3998 1672 4053 est
1690 3992 1841 4073 operibus
1866 3994 2007 4069 nostris;
2022 3978 2084 4025 ¹³³³·

1255 4088 1411 4170 promittit
1436 4108 1469 4151 sc
1496 4088 1661 4151 scientiam
1680 4088 1735 4151 Dei
1756 4088 1888 4169 habere,
1906 4100 1939 4153 et
1962 4090 2010 4151 Fi-

452 4198 545 4252 tautre
560 4188 713 4270 angustia
728 4196 759 4250 et
774 4207 940 4270 pressurae,
957 4187 996 4250 ab
1011 4187 1099 4249 omui
1116 4186 1334 4249 inor-lilium
1362 4187 1417 4249 Dei
1447 4206 1481 4249 se
1510 4188 1664 4249 nominat.
1695 4188 1806 4250 Gravis
1836 4198 1888 4252 cst
1917 4189 2118 4253 nobisnuna

451 4289 559 4350 dinata
573 4285 753 4365 formidine,
770 4306 788 4348 a
803 4285 965 4348 mortifera
980 4284 1087 4347 saeculi
1104 4284 1200 4364 hujus

451 4385 589 4464 tristitia,
610 4384 650 4447 ab
672 4382 719 4445 ira
742 4390 886 4462 ventura,
910 4382 950 4444 ab
973 4380 1124 4444 infernali
1146 4402 1201 4443 an-

451 4484 556 4567 gustia
581 4480 819 4565 purgatoriique
845 4499 993 4561 pressura
1017 4497 1076 4542 uos
1100 4480 1200 4542 libera

452 4591 483 4646 et
505 4600 673 4664 preserve,
697 4579 881 4662 passionum
902 4596 1028 4659 quoque
1050 4577 1200 4641 reforma-

453 4681 571 4743 tionem
599 4676 827 4759 gratiosissime
854 4677 947 4739 dona.
973 4676 1106 4738 Demum
1136 4696 1201 4738 me-

451 4778 513 4841 rito
534 4785 595 4839 tuat
620 4774 827 4839 sanctissimas
850 4774 940 4836 trinae
960 4774 1125 4851 orationis,
1149 4773 1199 4836 fac

451 4896 510 4940 uos
544 4884 575 4938 te
609 4874 762 4936 instanter
789 4893 827 4936 ac
859 4880 1099 4954 perseveranter
1127 4893 1199 4935 cum

451 4975 539 5039 omni
559 4972 727 5055 prudentia
746 4980 778 5033 et
798 4970 979 5034 obedientia
997 4971 1157 5033 invocare.

491 5073 664 5135 Suuvuron.
680 5104 721 5114 —
735 5068 825 5130 Tales
839 5068 998 5130 orationes
1012 5070 1046 5130 iu
1062 5087 1201 5132 comme-

451 5169 628 5234 moratione
649 5186 728 5230 meat
747 5166 905 5248 passionis
924 5165 1004 5228 mihi
1029 5168 1150 5231 oblatas
1170 5176 1201 5229 et

452 5268 666 5334 afflictionum
681 5273 774 5347 atque
794 5264 948 5328 virtutum
965 5285 1109 5329 mearum
1136 5284 1200 5329 me-

1255 4285 1350 4347 etiam
1382 4285 1422 4347 ad
1457 4284 1640 4362 videndum,
1671 4286 1823 4365 quoniam
1854 4296 2009 4370 tanquam

1256 4402 1393 4463 nugaces
1408 4382 1553 4445 aestimati
1569 4402 1678 4445 sumus
1689 4384 1729 4446 ab
1740 4384 2011 4449 eoContumeliis
2024 4400 2114 4445 fruar

1255 4488 1287 4543 ct
1307 4480 1474 4543 tormentis
1495 4480 1726 4563 interrogemus
1745 4501 1832 4562 eum,
1848 4492 1884 4545 et
1911 4492 2012 4547 morte

1255 4598 1328 4641 eum
1343 4578 1528 4659 turpissima
1543 4580 1793 4641 condemnemus
1810 4604 1817 4641 :
1837 4581 1905 4643 erit
1925 4602 2013 4645 nam-

1255 4695 1316 4758 que
1342 4676 1371 4738 ei
1396 4685 1558 4758 respectus
1583 4696 1621 4739 eu
1643 4678 1843 4741 sermonibus
1871 4680 1959 4762 ejus.
1980 4680 2012 4743 Si
2036 4690 2101 4739 ucri.

1256 4775 1342 4838 euim
1357 4794 1432 4837 vere
1447 4775 1545 4838 Filius
1559 4776 1615 4838 Dei
1638 4784 1696 4854 est,
1715 4776 1828 4839 liberet
1849 4798 1944 4841 eurn.
1962 4780 2012 4842 Sic
2026 4772 2079 4801 ¹¹¹¹*
2091 4758 2107 4793 ⁸²

1255 4874 1469 4937 firmaverunt
1483 4876 1544 4937 sihi
1565 4894 1744 4938 sermonem
1763 4896 1922 4957 nequam.
1940 4878 2015 4942 Nar·
2039 4892 2070 4935 n.

1256 4980 1407 5035 raverunt
1431 4982 1466 5035 ut
1490 4973 1724 5036 absconderent
1748 4973 1907 5055 laqueos;
1929 4961 2047 5040 dixe-⁶·
2060 4958 2076 4993 ⁷·

1256 5078 1330 5131 runt
1346 5094 1353 5132 z
1371 5070 1445 5145 Quis
1460 5070 1583 5133 videbit
1597 5073 1674 5133 eosf
1690 5070 1825 5133 Scrutati
1850 5082 1935 5136 sunt
1958 5074 2017 5137 ini·

1255 5166 1403 5248 quitateS‚
1420 5167 1536 5230 falsum
1556 5168 1724 5231 adversum
1740 5176 1770 5231 te
1786 5168 2016 5235 testimonium
2029 5152 2110 5261 ΠΨ.

1256 5266 1467 5348 exquirentes.
1484 5267 1674 5330 Defecerunt
1693 5276 1877 5333 scrutantes
1902 5270 2122 5337 scruti-aa·
