4309 6259
392 450 452 517 322
943 466 1033 515 noua
1055 463 1094 511 nu
1115 464 1261 511 rassmun
1283 464 1390 511 nouuu

432 649 465 702 t.
480 638 576 716 fleus,
591 636 626 699 in
641 634 846 718 adjutorium,
862 644 921 696 etc.

430 755 464 811 p.
480 735 624 815 Domine,
639 736 679 797 ad
695 733 921 815 adjuvandum,
938 742 996 794 etc.

432 845 463 897 r.
481 833 586 897 Gloria
600 832 693 895 Patri.

681 932 843 1009 Hymnus.

532 1029 653 1109 Manus,
670 1028 778 1111 pedes,
795 1035 930 1104 avetote‚

511 1128 639 1207 Christi,
656 1127 757 1189 nostri
772 1134 976 1206 momentote,

512 1227 611 1288 llamo
626 1225 731 1288 crucis
746 1224 825 1286 duro
840 1223 952 1301 vincti,

513 1324 553 1386 Et
566 1321 687 1386 crudeli
702 1320 786 1385 ferro
801 1322 924 1403 puncti,

514 1422 571 1484 'l'ot
584 1420 682 1502 guttis
696 1419 924 1483 defluentibus,

534 1519 615 1581 Ecce
631 1517 705 1580 fluit
718 1518 977 1598 circumquaque,

512 1616 603 1680 Manu
618 1625 673 1679 tua
686 1617 725 1678 de
740 1623 883 1695 utraque,

513 1715 647 1797 Sanguis
662 1722 736 1777 tuus
750 1714 890 1795 copiose,

510 1813 717 1877 Rubicundus
731 1813 831 1875 instar
845 1831 934 1888 rosae,

509 1909 629 1973 Nostrae
644 1907 755 1970 salutis
770 1909 920 1990 pretium.

529 2009 650 2086 Manus,
666 2007 765 2089 pedes
779 2005 955 2088 perforatos

510 2106 548 2168 Et
561 2123 674 2167 cruore
689 2112 890 2185 purpuratos,

510 2203 609 2265 Corde
623 2219 734 2284 premo
749 2220 814 2283 praa
828 2220 947 2280 amore,

511 2300 678 2363 Sitibundo
692 2299 805 2362 bibens
820 2318 875 2363 ore

511 2398 637 2461 Cruoris
653 2396 861 2460 stillicidium.

531 2496 566 2558 ln
581 2495 630 2557 his
646 2495 749 2577 plagis
763 2514 815 2559 me
830 2497 978 2577 reconde,

513 2594 599 2658 lnfer
612 2614 717 2657 meum
733 2613 789 2657 cor
802 2594 970 2676 profunde.

512 2693 568 2756 cui
583 2693 625 2755 sit
638 2712 711 2755 cum
726 2693 868 2755 aeternali

511 2793 599 2854 Patre
615 2790 876 2854 consubstantiali

511 2889 693 2972 Spirituque
707 2890 913 2971 praeculum.
930 2891 1042 2953 Amen.

1151 635 1342 697 timuerunt
1356 642 1466 697 contra
1485 652 1537 697 mc
1558 631 1707 697 dentibus
1728 632 1817 711 suis3
1833 638 1867 694 et
1886 631 1950 695 bo-

1191 740 1255 795 stes
1269 732 1333 795 mei
1348 732 1544 795 terribilibus
1554 731 1655 795 oculis
1666 730 1771 795 intuiti
1785 740 1862 794 sunt
1876 750 1943 793 me.

1465 832 1664 907 Capitulum.

1232 927 1313 990 Dixit
1337 928 1446 991 Petrus
1469 927 1586 991 Judaeis
1603 951 1610 989 :
1627 927 1709 991 Deus
1733 935 1859 1010 patrum
1885 946 1949 990 no-
1964 947 2085 989 aaran·

1193 1034 1329 1088 strornm
1350 1025 1543 1107 glorificavit
1564 1026 1678 1088 litium
1703 1046 1795 1089 suum
1819 1027 1946 1104 lesum,
1966 1014 1998 1050 ¹⁵·

1193 1143 1287 1205 quem
1313 1142 1369 1187 vos
1392 1124 1522 1205 quidem
1547 1124 1730 1204 tradidistis,
1747 1132 1778 1186 et
1803 1124 1949 1205 negastis

1194 1231 1266 1286 ante
1285 1222 1400 1285 faciem
1420 1222 1521 1301 Pilati,
1537 1222 1701 1304 judicante
1722 1223 1779 1286 illo
1802 1222 1946 1300 dimitti,

1194 1330 1370 1385 vosautem
1385 1322 1534 1384 Sanctum
1550 1330 1582 1384 et
1595 1321 1718 1384 Justum
1740 1321 1895 1403 negastis,
1911 1330 1948 1383 et

1194 1420 1318 1502 petistis
1345 1420 1446 1482 virum
1475 1418 1668 1484 homicidam
1697 1420 1808 1483 donari
1837 1419 1947 1499 vobis,

1194 1526 1354 1581 auctorem
1371 1536 1446 1580 vero
1461 1518 1534 1581 vitae
1549 1516 1765 1581 interfecistis.

1234 1635 1266 1690 a.
1283 1615 1346 1679 Deo
1360 1615 1488 1697 gratias.

1233 1733 1266 1788 a.
1299 1713 1386 1776 Sicut
1419 1712 1489 1776 oris
1524 1714 1563 1775 ad
1598 1713 1789 1777 occisionem
1824 1714 1948 1777 ductus
1965 1728 2078 1778 tanta

1155 1815 1251 1890 Best,
1272 1813 1291 1891 †
1309 1811 1346 1873 Et
1365 1811 1455 1892 quasi
1473 1830 1574 1893 agnus
1594 1829 1701 1876 coram
1720 1811 1873 1875 tondente
1895 1832 1945 1893 se,

1192 1910 1361 1972 obmutuit.

1232 2018 1264 2069 r.
1275 2005 1403 2069 Oblatus
1418 2013 1466 2068 est
1479 2006 1553 2089 quia
1567 2007 1679 2085 voluit,
1689 2015 1720 2070 et
1734 2026 1799 2072 non
1814 2010 1949 2091 aperuit

1192 2123 1227 2168 os
1243 2125 1346 2168 snum.
1363 2104 1401 2166 Et
1415 2106 1517 2185 quasi.

1232 2216 1264 2267 r.
1281 2202 1385 2267 Gloria
1399 2202 1492 2267 Patri.
1508 2204 1681 2268 Obmutuit.

1233 2313 1265 2365 r.
1282 2302 1375 2365 Salva
1390 2322 1441 2365 me
1456 2321 1494 2366 ex
1508 2320 1562 2366 ore
1576 2304 1687 2366 leonis.
1963 2328 2091 2377 cantu.

1232 2420 1265 2476 a.
1291 2400 1329 2462 lit
1356 2420 1374 2463 a
1402 2401 1552 2465 cornibus
1577 2401 1780 2465 unicornium
1809 2402 1950 2468 humili-

1193 2508 1290 2561 tatem
1305 2518 1419 2562 meam.

1234 2608 1266 2661 r.
1283 2596 1427 2676 Domine,
1444 2596 1569 2676 exaudi,
1586 2609 1643 2660 ete.

1233 2716 1265 2771 ιφ.
1283 2696 1321 2759 Et
1335 2696 1455 2759 clamor
1468 2715 1571 2777 meus,
1587 2706 1646 2760 etc.

1495 2793 1637 2857 Oramus.

1233 2892 1365 2955 Domine
1380 2892 1454 2955 lesu
1467 2892 1601 2973 Christe,
1609 2912 1667 2975 per
1682 2901 1767 2957 tuam
1783 2902 1814 2958 te
1828 2914 1954 2979 precor

429 2993 509 3051 Aut.
527 2987 776 3051 Suscitaverunt.
1152 2989 1444 3059 Gerudelissimam
1474 2988 1727 3072 crucifixionem,
1756 2994 1876 3075 pedum
1905 3015 1950 3059 ac

650 3089 805 3147 Psalmus
818 3090 877 3149 68.
1192 3106 1344 3150 manuum
1367 3088 1570 3151 durissimam
1592 3089 1852 3173 perforationem,
1872 3094 1952 3157 toti-

250 3206 290 3249 Ρ..
305 3220 376 3259 uvat,
430 3183 550 3245 Exaudi
575 3202 637 3263 me,
658 3183 801 3263 Domine,
824 3183 974 3264 quoniam
999 3183 1140 3265 benigna
1193 3204 1293 3266 nsque
1309 3185 1389 3248 sacri
1404 3194 1498 3268 atque
1514 3187 1678 3249 tenerrimi
1694 3190 1838 3271 corporis
1857 3210 1953 3254 acer·

245 3272 314 3315 ¹⁷³²·
389 3290 439 3344 ost
462 3281 679 3344 misericordia
700 3290 774 3360 tua,
798 3282 974 3344 secundum
995 3283 1138 3345 multitu·
1192 3283 1355 3346 bissimam
1371 3303 1408 3346 ac
1425 3284 1690 3349 violentissimam
1700 3286 1951 3371 distentionem,

388 3380 497 3443 dinem
525 3380 764 3443 miserationum
794 3387 919 3442 tuarum
952 3380 1075 3463 respice
1104 3382 1137 3444 in
1192 3401 1229 3444 ac
1264 3381 1391 3445 felleum
1419 3382 1466 3444 tui
1495 3382 1701 3464 potationem,
1731 3394 1768 3447 ut
1796 3406 1855 3449 nos
1885 3388 1952 3451 tibi

389 3497 453 3541 me,
1191 3478 1456 3543 indissolubiliter
1489 3481 1591 3559 unias,
1622 3499 1798 3566 omnesque
1828 3504 1952 3551 sensus

427 3576 466 3638 Et
480 3594 521 3639 ne
535 3584 659 3640 avertas
674 3575 791 3640 faciem
805 3584 893 3639 tuam
908 3595 1039 3659 apuero
1054 3583 1109 3641 tuo
1127 3602 1134 3641 :
1192 3597 1300 3659 regere
1322 3598 1358 3640 ac
1383 3587 1487 3642 motus
1513 3598 1627 3662 pravos
1653 3582 1804 3647 cohibere
1829 3603 1955 3649 conce-

388 3672 539 3754 quoniam
554 3672 699 3751 tribulor,
715 3672 869 3736 velociter
882 3673 995 3735 exaudi
1010 3692 1073 3736 me.
1191 3676 1257 3740 das.
1275 3675 1331 3750 Qui
1347 3676 1441 3739 vivis.

428 3772 558 3835 Intende
572 3771 687 3834 animae
699 3791 779 3835 meae
797 3780 829 3835 et
847 3771 947 3835 libera
967 3791 1049 3850 eam,
1066 3789 1138 3854 pro·
1232 3784 1264 3837 r.
1280 3774 1422 3855 Domine,
1439 3774 1565 3857 exaudi,
1582 3786 1639 3839 etc.

388 3878 459 3953 pter
473 3870 622 3933 inimicos
636 3887 725 3933 meos
739 3869 827 3952 eripe
841 3890 903 3933 me.
1231 3892 1263 3948 q.
1280 3872 1318 3935 Et
1332 3872 1453 3937 clamor
1467 3892 1569 3954 meus,
1586 3884 1642 3937 etc.

430 3968 476 4029 'lu
497 3969 560 4031 scis
582 3968 809 4049 improperium
831 3987 950 4049 meum,
972 3977 1005 4033 et
1026 3968 1137 4032 confu-
1231 3981 1263 4032 tt.
1280 3970 1509 4034 Benedicamus
1524 3971 1670 4036 Domino.

392 4066 514 4128 sionem
528 4083 644 4145 melun,
660 4071 692 4127 et
705 4066 916 4128 reverentiam
931 4085 1046 4130 meam.
1231 4088 1263 4144 p.
1281 4070 1344 4133 Deo
1359 4070 1487 4150 gratias.

431 4163 467 4225 ln
492 4170 665 4243 conspeetu
689 4170 745 4226 tuo
769 4173 843 4225 sunt
866 4183 977 4227 omnes
1001 4164 1057 4245 qui
1083 4164 1177 4234 tri-l)
1231 4178 1263 4230 t.
1280 4167 1401 4231 Animae
1415 4168 1560 4231 omnium
1574 4167 1732 4250 fidelium,
1747 4182 1808 4234 etc.

391 4260 503 4323 bulant
522 4279 593 4336 me;
614 4260 843 4342 improperium
866 4262 1061 4345 exspectavit
1082 4280 1137 4326 cor

390 4378 499 4422 meum
513 4367 545 4421 et
559 4358 734 4422 miseriam.

428 4457 467 4521 Et
487 4456 623 4520 sustinui
645 4457 699 4538 qui
722 4458 817 4522 simul
837 4459 1088 4536 contristaretur,
1105 4466 1135 4521 et
1230 4462 1305 4539 Ave,
1322 4460 1563 4543 benignissime,
1582 4473 1640 4525 etc.

387 4574 453 4619 non
480 4556 563 4635 fuit;
594 4564 626 4619 et
657 4556 712 4638 qui
746 4557 973 4637 consolaretur,
1002 4564 1035 4621 et
1069 4576 1134 4621 non
1230 4572 1261 4623 r.
1278 4560 1403 4641 Adjuva
1417 4579 1480 4638 mc,
1497 4570 1555 4625 etc.

388 4655 508 4717 inveni.
1228 4679 1260 4733 p.
1278 4657 1408 4720 Salvum
1422 4657 1626 4736 mefac,·etc.

1433 4312 1496 4384 An
1526 4312 1692 4389 Nouxru.

427 4752 465 4814 Et
488 4753 643 4815 dederunt
663 4753 696 4815 in
716 4772 823 4817 escam
844 4772 947 4817 meam
968 4754 1024 4836 fel,
1045 4763 1078 4819 et
1100 4755 1132 4817 in
1229 4769 1261 4820 r.
1278 4757 1370 4833 Deus,
1387 4756 1420 4819 in
1436 4756 1644 4838 adjutorium,
1660 4768 1719 4821 etc.

387 4850 439 4913 siti
454 4870 525 4913 mea
539 4859 728 4933 potaverunt
742 4871 793 4914 me
808 4860 907 4916 aceto.
1227 4876 1259 4931 a.
1276 4856 1418 4933 Domine,
1436 4855 1474 4918 ad
1489 4856 1718 4937 adjuvandum,
1734 4867 1794 4921 etc.

427 4949 533 5013 Gloria
546 4948 639 5012 Patri.
1226 4966 1257 5018 r.
1274 4953 1380 5017 Gloria
1393 4953 1486 5016 Patri.

239 5076 282 5122 aa
295 5092 339 5133 m,
351 5082 372 5135 a,
426 5056 507 5114 Aut.
524 5047 764 5111 suscitaverunt
781 5048 942 5131 falsiloqui
962 5050 1130 5114 adversum
1179 5128 1182 5133 Ι
1476 5055 1640 5131 Hymnus.

239 5144 273 5186 ¹⁰·
386 5168 438 5212 me
453 5144 736 5211 contradictionem
750 5169 758 5225 ;
775 5145 971 5228 collegerunt
988 5147 1129 5213 furorem
1285 5150 1389 5229 Salve,
1406 5149 1539 5228 Christe,
1557 5149 1650 5231 cujus
1664 5150 1773 5215 vultus

385 5245 527 5309 suumin
546 5264 608 5323 me,
625 5252 658 5307 et
676 5244 907 5309 comminantes
926 5246 1017 5326 mibi,
1033 5246 1131 5313 infre·
1266 5249 1452 5311 lmmutatus
1467 5254 1498 5309 et
1512 5246 1652 5311 incultus
