4309 6259
469 459 529 525 tes
758 480 799 527 os
819 480 1021 529 sacrasacra
1040 480 1250 529 memarsrns
1271 482 1428 532 smonss
1449 484 1517 532 sss.
1538 502 1579 515 -
1599 485 1699 533 sanare
1720 486 1731 534 1

469 646 662 731 theologiam
676 659 848 734 utcumque
861 661 1020 735 expertos,
1036 654 1128 717 decet
1142 672 1215 717 cau-
1229 653 1256 717 Α
1271 672 1360 719 reum
1383 674 1495 738 capere
1516 658 1636 739 nequit,
1652 675 1748 739 quem
1770 657 1842 721 aoeli
1862 658 1998 723 coelomm

469 752 502 809 te
519 755 551 810 et
564 750 763 831 appropriate
778 751 864 833 loqui
878 752 918 815 de
939 752 1000 832 his,
1017 760 1049 815 ct
1062 753 1214 817 obscuros
1269 754 1531 819 circumscribere
1554 756 1588 818 in
1612 756 1737 819 deitatis
1752 765 1864 819 natura
1881 757 1998 821 nullate

470 864 632 909 sermones
652 848 822 928 elucidare,
839 868 880 912 ne
901 849 1153 914 scandalizentur
1171 850 1215 914 le-
1270 872 1331 915 nus
1345 853 1462 931 valent,
1478 854 1512 915 in
1526 863 1691 936 assumpta
1704 862 1828 933 natura,
1841 855 1899 919 suh
1912 874 1999 919 sacm-
2095 858 2096 937 ,

468 952 579 1025 gentes
601 964 657 1008 seu
675 947 851 1011 audientes.
867 946 946 1011 Nam
966 949 1048 1012 etin
1068 968 1215 1014 sermone
1270 951 1400 1014 mentali
1419 953 1602 1034 permodica
1621 952 1735 1032 ferma,
1752 962 1860 1017 nostra
1878 954 1998 1036 ingredi-

468 1043 635 1123 cujusdam
664 1045 727 1127 legi
754 1046 822 1109 haec
850 1047 947 1109 verba
978 1071 985 1109 ι
1016 1048 1215 1129 Impossibile
1270 1058 1400 1130 lurore,
1418 1058 1452 1113 ut
1466 1058 1498 1113 et
1513 1050 1558 1113 sic
1573 1050 1741 1133 gratiosius
1760 1060 1869 1115 nostra
1882 1052 1997 1116 musar

467 1150 551 1204 esset
564 1142 727 1207 hominem
741 1154 827 1207 recte
848 1145 909 1209 hoc
930 1147 1025 1209 modo
1043 1146 1077 1207 in
1098 1166 1132 1208 se
1146 1146 1216 1227 ipso
1270 1148 1376 1226 corda,
1407 1148 1515 1229 sicque
1543 1149 1719 1211 animarum
1749 1157 1925 1213 nostramm
1946 1171 1997 1213 me

468 1239 686 1321 liquefactum,
704 1243 905 1306 submersum
921 1264 976 1307 seu
991 1244 1213 1325 annihilatum,
1268 1248 1381 1309 deatur
1405 1246 1622 1329 languoribus,
1646 1247 1844 1311 intellectum
1872 1257 1996 1313 nostmn
2095 1300 2096 1305 ι

467 1358 487 1401 a
508 1339 573 1402 Deo
591 1339 731 1404 finaliter
752 1342 939 1425 derelinqui.
956 1344 1130 1426 Propositio
1155 1344 1215 1407 ista
1270 1345 1430 1427 sapientiae
1445 1364 1509 1409 suae
1524 1345 1694 1427 perlustret
1707 1345 1900 1428 impleatque
1914 1346 1997 1428 splen

467 1436 592 1501 videtur
606 1439 731 1503 incaute
746 1440 868 1522 prolata
881 1465 888 1503 ε
901 1461 1017 1523 nempe
1032 1442 1215 1524 hujusmodi
1269 1443 1409 1520 dorihus,
1427 1443 1623 1507 voluntatem
1637 1444 1736 1507 divim
1751 1446 1867 1509 amoris
1886 1464 1997 1509 succen-

467 1534 563 1599 homo
578 1536 616 1599 ad
633 1556 667 1599 se
682 1538 837 1620 relapsus,
849 1540 1025 1604 elevatione
1040 1540 1095 1604 illa
1110 1548 1216 1603 actua·
1269 1542 1323 1605 dat
1336 1542 1512 1621 ardoribus,
1529 1542 1714 1605 memoriam
1731 1542 1902 1607 confirmet
1919 1552 1995 1624 atque
2095 1596 2096 1605 ,

467 1633 490 1696 li
513 1643 670 1715 cessante,
685 1636 790 1700 adhuc
814 1657 879 1701 non
899 1647 983 1701 esset
1007 1638 1214 1703 confirmatus
1269 1640 1407 1703 stabiliat
1430 1640 1463 1702 in
1488 1659 1534 1719 se,
1560 1641 1625 1705 imo
1649 1660 1706 1703 nos
1735 1649 1817 1705 totos
1840 1650 1993 1719 convertat,
2095 1640 2096 1699 3

465 1732 499 1794 in
522 1732 634 1814 gratia,
649 1734 713 1797 imo
738 1744 846 1816 posset
869 1756 1003 1818 peccare
1028 1737 1212 1817 mortaliter,
1269 1737 1484 1816 transformet,
1507 1738 1607 1820 rapiat
1629 1738 1662 1799 in
1686 1757 1732 1817 se,
1753 1738 1909 1819 possideat
1930 1758 1995 1801 sem

466 1831 550 1893 sicut
563 1839 594 1894 et
616 1832 730 1915 saepius
752 1834 893 1917 contigit,
909 1835 1087 1917 Augustino
1107 1836 1214 1898 dicen·
1231 1834 1255 1896 B
1270 1855 1337 1917 per,
1353 1844 1385 1899 et
1399 1837 1437 1899 ad
1454 1836 1503 1899 sui
1519 1836 1618 1918 ipsius
1634 1835 1816 1899 beatificam
1833 1836 1994 1901 insitionem

465 1936 496 1991 te
513 1952 520 1991 :
538 1928 609 1991 Vidi
629 1931 740 1994 cedros
763 1932 873 1996 Libani
891 1934 1059 2013 corruisse,
1075 1934 1115 1997 de
1136 1952 1213 2015 quo-
1269 1937 1431 2017 perducat.
1449 1935 1526 2016 lieu,
1544 1952 1600 1999 cor
1612 1936 1738 2013 durum,
1753 1953 1809 1999 cor
1822 1936 1893 2014 vile,
1909 1936 1996 2017 ingra-

466 2046 536 2089 rum
566 2047 642 2091 casu
677 2048 741 2091 non
777 2031 877 2112 magis
906 2032 1091 2113 suspicabar
1118 2051 1213 2113 quam
1268 2042 1346 2109 tum,
1363 2034 1447 2114 quod
1469 2040 1556 2095 muta
1579 2033 1694 2096 caritas
1715 2052 1780 2097 non
1800 2034 1946 2114 accendit,
1959 2042 1995 2097 tot

465 2124 646 2208 Hieronymi
674 2135 769 2208 atquc
802 2129 970 2194 Ambrosii.
996 2130 1085 2193 Certe
1116 2130 1213 2193 David
1269 2141 1300 2196 et
1324 2140 1411 2195 tanta
1433 2132 1591 2195 beneficia
1609 2150 1675 2195 non
1694 2131 1860 2196 emolliunt
1878 2142 1907 2196 et
1925 2152 1994 2196 con

467 2242 531 2302 rer,
548 2225 602 2306 qui
625 2244 645 2287 a
667 2226 803 2307 pueritia
823 2247 890 2306 sua,
913 2247 1013 2309 quum
1035 2230 1138 2292 adhuc
1161 2249 1215 2312 pa·
1269 2239 1424 2313 pungunt,
1442 2239 1528 2293 tanta
1542 2230 1693 2311 dignatio,
1709 2230 1774 2294 imo
1793 2240 1826 2295 et
1839 2231 1994 2294 humiliatio

466 2331 569 2385 sceret
591 2342 713 2406 greges,
739 2325 772 2388 in
797 2326 924 2408 pascuis
947 2328 1046 2409 gratia
1065 2329 1213 2392 theorice
1268 2330 1381 2393 Christi
1397 2328 1540 2391 altissimi
1554 2346 1619 2393 non
1634 2330 1840 2393 vehementer
1856 2330 1992 2405 humiliat,

465 2420 741 2503 contemplationis
761 2443 798 2486 ac
817 2424 955 2488 motibus
970 2427 1152 2507 anagogica
1170 2427 1215 2488 in·
1268 2435 1355 2490 unta
1370 2427 1544 2490 liberalitas
1564 2428 1602 2489 ad
1618 2426 1870 2491 munificentiam
1888 2445 1945 2491 non
1957 2428 1993 2487 in-

466 2518 694 2584 flammationis
714 2519 775 2583 fnit
787 2530 980 2604 praeventus,
998 2531 1068 2605 post
1082 2532 1128 2587 tot
1142 2544 1214 2605 pro
1267 2526 1371 2589 ducit!

465 2616 608 2699 pheticas
627 2618 885 2700 illuminationes,
901 2631 974 2703 post
994 2630 1040 2685 tot
1059 2642 1213 2704 supernas
1308 2623 1385 2699 Quid
1407 2622 1616 2685 retribuemus
1637 2623 1770 2687 Domino
1791 2642 1847 2705 pro
1865 2622 2081 2687 omnihusamu

467 2718 749 2799 contemplationes
778 2720 960 2799 altissimas,
984 2730 1056 2803 post
1090 2730 1136 2785 tot
1167 2723 1214 2784 di·
1268 2742 1337 2804 quae
1357 2722 1502 2785 retribuit
1519 2722 1634 2785 nobisl
1655 2721 1777 2785 Gratias
1796 2721 1992 2803 praecordiales

466 2815 611 2877 vinarum
641 2817 846 2881 dulcedinum
875 2819 1120 2900 degustationes,
1143 2830 1213 2902 post
1268 2821 1297 2885 ei
1311 2821 1507 2882 incessanter
1520 2839 1650 2901 agamus
1667 2844 1674 2881 ε
1692 2819 1758 2883 ἰιιιο
1778 2821 1838 2883 hoc
1855 2820 1992 2883 indefesse

464 2920 511 2976 tot
534 2914 673 2995 mysticae
694 2915 860 2996 theologiae
884 2916 1034 2996 visiones,
1051 2937 1212 2982 amorosos
1269 2927 1301 2983 et
1328 2919 1419 2981 anxie
1447 2919 1655 2999 deprecemur
1682 2926 1717 2980 ut
1742 2918 1804 2980 sibi
1828 2938 1884 2981 nos
1905 2926 1992 2999 gratos

464 3031 612 3075 excessus
635 3032 673 3075 ac
698 3013 1002 3095 transformationes,
1022 3017 1162 3096 ardores,
1179 3018 1249 3082 inC
1270 3015 1403 3093 efficiat,
1421 3016 1465 3077 ita
1484 3024 1518 3077 ut
1539 3015 1571 3077 in
1592 3016 1679 3079 omni
1695 3025 1824 3095 eventu,
1839 3017 1871 3078 in
1884 3034 1992 3098 prospe

464 3109 651 3189 gravissima
665 3111 813 3193 delapsus
829 3122 878 3175 est
893 3114 1023 3192 scelera,
1036 3134 1134 3195 quum
1145 3116 1211 3197 jam
1270 3115 1311 3177 ris
1327 3122 1358 3176 et
1373 3112 1525 3191 adversis,
1543 3122 1575 3175 et
1589 3114 1751 3194 potissime
1766 3114 1799 3175 in
1815 3114 1992 3193 adversis,ia

465 3227 561 3271 senex
577 3216 608 3271 et
623 3228 703 3290 pene
723 3211 945 3292 sexagenarius
964 3221 1058 3292 esset,
1074 3233 1135 3276 nec
1154 3214 1213 3276 im-
1268 3212 1541 3295 persecutionihus
1564 3220 1596 3273 et
1620 3211 1770 3293 flagellis,
1787 3212 1819 3273 in
1844 3211 1991 3293 correptio

463 3306 613 3389 possibile
629 3316 712 3370 esset
727 3308 830 3371 taliter
844 3309 967 3391 lapsum
984 3318 1016 3372 et
1029 3318 1093 3372 tam
1110 3311 1214 3391 ingra-
1268 3309 1361 3373 nibus
1390 3307 1536 3372 fraternis
1565 3309 1880 3392 castigationibusque
1905 3318 1991 3391 pater-

461 3412 529 3465 tnm
558 3424 595 3467 ac
626 3404 721 3468 vilem
756 3405 909 3469 effectum
938 3407 1075 3489 relinqui
1104 3428 1122 3471 a
1149 3409 1213 3473 Deo
1268 3408 1328 3485 nis,
1341 3427 1414 3470 cum
1429 3406 1517 3469 omni
1536 3407 1772 3488 tranquillitate,
1786 3408 1935 3489 patientia,
1946 3408 1991 3468 hu-

465 3500 615 3565 finaliter.
1269 3505 1403 3568 militate
1421 3513 1526 3587 grates
1544 3524 1609 3567 suae
1629 3505 1835 3586 providentie
1852 3506 1929 3569 circa
1945 3523 1990 3567 nos

504 3599 559 3661 llis
580 3600 720 3663 breviter
741 3602 844 3681 tactis,
862 3603 1059 3665 redeundum
1083 3604 1122 3666 ad
1142 3603 1214 3666 dili·
1268 3604 1463 3682 referamus;
1480 3622 1540 3665 nec
1564 3602 1666 3666 solum
1692 3604 1732 3683 ei,
1754 3606 1809 3667 sed
1834 3613 1864 3666 et
1885 3603 1991 3667 vicariis

463 3705 591 3777 gentem
610 3706 641 3761 et
662 3697 846 3761 affectivam
866 3701 1150 3765 considerationem
1166 3702 1213 3763 in·
1268 3704 1339 3785 ejus
1354 3710 1385 3765 et
1400 3701 1548 3783 proximis
1563 3702 1691 3779 nostris,
1709 3722 1767 3783 per
1780 3722 1856 3785 quos
1870 3703 1931 3784 ipse
1944 3720 1990 3763 nos

463 3794 601 3858 dicibilis
617 3796 766 3877 caritatis,
775 3798 924 3878 piissimae
938 3799 1213 3880 dignationis,mu-
1267 3800 1301 3863 in
1318 3800 1463 3882 praesenti
1478 3800 1824 3883 corripere,corrigere,
1835 3800 1988 3873 humihare,

462 3892 710 3957 nificentissimae
727 3895 1021 3959 communicationis
1036 3906 1067 3960 et
1083 3917 1212 3961 summe
1268 3918 1414 3982 purgare,
1432 3918 1555 3979 sanare,
1572 3900 1637 3961 imo
1656 3906 1687 3961 et
1706 3898 1829 3962 salvare
1851 3899 1987 3979 dignatur.

462 3991 659 4054 liberalitatis
674 3993 798 4055 Domini
816 3994 871 4057 Dei
891 3995 990 4057 nostri
1011 4004 1140 4077 propter
1154 4016 1212 4059 nos
1266 3999 1301 4061 ln
1317 3998 1367 4060 bis
1383 3997 1466 4060 sicut
1480 3998 1512 4059 in
1532 3997 1679 4061 omnihus
1693 3997 1813 4060 divitiis
1826 3998 1986 4079 gloriemur,

462 4088 628 4167 incarnati,
645 4090 700 4171 qui
724 4098 824 4153 totum
848 4094 933 4173 quod
958 4112 994 4155 ex
1015 4101 1124 4157 nostro
1144 4102 1175 4157 et
1193 4116 1212 4157 a
1267 4096 1340 4178 quia
1355 4115 1465 4159 revera
1481 4114 1631 4178 prospera
1646 4096 1752 4176 potius
1767 4115 1859 4177 quam
1876 4095 1989 4157 adsfersa

463 4188 555 4250 nohis
583 4188 766 4269 assumpsit,
796 4191 888 4253 nobis
916 4191 1081 4274 impendit,
1113 4200 1145 4254 et
1173 4194 1211 4255 ad
1227 4193 1252 4255 D
1267 4203 1340 4257 sunt
1362 4194 1462 4258 nobis.
1485 4193 1597 4257 Nonne
1619 4191 1827 4257 ineffabiliter
1846 4190 1989 4256 saluberri-

463 4294 607 4349 nostrum
622 4288 779 4350 convertit
794 4287 983 4369 profectum.
997 4290 1098 4368 Certe,
1114 4309 1211 4371 quum
1267 4312 1326 4355 maa
1350 4292 1529 4355 consistunt
1551 4293 1600 4355 hat
1624 4291 1801 4373 medicine,
1819 4312 1872 4374 per
1892 4306 1988 4372 quasa

335 4411 348 4439 o
383 4398 411 4409 ·’
464 4384 589 4461 caritas,
606 4393 642 4447 ut
665 4384 792 4448 divinus
816 4386 982 4469 Dionysius
1007 4396 1209 4469 protestatur,
1268 4391 1350 4453 vitiis
1381 4399 1412 4452 et
1438 4390 1576 4471 peccatis
1603 4389 1890 4471 incomparabiliter
1913 4386 1986 4449 nohis

465 4482 563 4546 virtus
579 4483 620 4545 sit
634 4484 765 4562 unitiva,
784 4493 907 4547 constat
920 4485 1032 4547 Filium
1054 4486 1110 4548 Dei
1124 4494 1211 4550 tanto
1267 4489 1389 4551 nocivis
1418 4488 1560 4551 eruimur
1588 4495 1623 4551 et
1652 4508 1812 4567 curamur,
1841 4488 1986 4570 gratiarum

463 4581 654 4645 viscerosius
678 4600 736 4645 nos
760 4601 895 4659 amasse,
917 4590 1004 4647 tanto
1028 4585 1210 4646 aestuantius
1266 4586 1509 4650 charismatibus
1539 4586 1761 4667 adimplemur,
1783 4587 1824 4649 ab
1846 4582 1986 4648 horrendis

463 4696 521 4740 nos
537 4678 693 4758 dilexisse,
710 4698 773 4760 quo
788 4699 822 4741 se
837 4680 929 4743 nohis
945 4681 1079 4743 vicinius
1093 4682 1208 4763 junxit,
1266 4694 1297 4747 et
1320 4683 1583 4746 inestimabiliter
1603 4684 1679 4746 diris
1701 4692 1733 4747 et
1753 4682 1911 4746 afflictivis
1929 4698 1987 4761 pur

463 4792 526 4855 quo
549 4775 650 4857 magis
674 4776 844 4857 dignanter
862 4797 895 4839 se
915 4777 1006 4840 nohis
1026 4779 1209 4859 applicavit,
1265 4780 1378 4863 gatorii
1402 4782 1516 4863 paenis,
1542 4782 1606 4845 imo
1629 4780 1669 4844 ab
1700 4780 1819 4843 inferni
1848 4775 1986 4861 suppliciis

463 4889 526 4952 quo
542 4892 576 4935 se
594 4873 699 4955 ipsum
714 4882 746 4937 et
765 4894 822 4936 sua
841 4875 999 4956 copiosius
1018 4876 1110 4939 nobis
1126 4896 1211 4940 eom·
1265 4898 1506 4962 praeservamur,
1527 4887 1560 4942 et
1583 4879 1894 4960 compendiosissimo
1915 4892 1987 4938 secu·

462 4970 638 5033 manicavit
660 4991 696 5035 ac
719 4972 815 5035 dedit.
834 4972 912 5047 Quid
931 4982 1036 5036 autem
1056 4982 1120 5036 tarn
1141 4995 1211 5056 pro
1266 4978 1456 5058 rissimoque
1490 4977 1603 5041 itinere
1637 4977 1676 5039 ad
1712 4985 1838 5041 emme
1865 4973 1986 5039 bravium

463 5068 605 5150 pinquat,
637 5076 701 5130 tam
730 5070 841 5134 intime
873 5071 1016 5153 jungitur
1044 5072 1145 5153 alteri,
1177 5082 1211 5135 ut
1265 5074 1427 5138 felicitatis
1442 5075 1683 5137 transferimurl

463 5166 552 5229 cibus
573 5167 689 5244 edenti,
707 5175 742 5230 ut
759 5177 853 5251 potus
875 5170 1005 5247 bibenti,
1023 5179 1058 5232 ut
1080 5172 1211 5235 medici·
1305 5172 1403 5236 Nemo
1425 5180 1568 5236 nostrum
1590 5181 1655 5235 tem
1676 5174 1809 5237 obtusus
1829 5180 1860 5235 et
1882 5164 1988 5251 imped-

462 5284 505 5333 na
526 5265 684 5329 sumentit
701 5265 738 5329 Et
757 5285 831 5330 ecce
853 5287 948 5350 quern
967 5270 1084 5333 coelum
1103 5289 1211 5354 empy-
1266 5278 1328 5350 tus,
1346 5279 1409 5333 mm
1430 5279 1603 5335 excecatus
1624 5279 1657 5334 et
1676 5271 1848 5335 obduratus
1869 5268 1984 5340 exsistat
