4309 6259
450 471 512 536 dli
746 490 787 537 ur
807 488 963 537 rancomo
983 487 1020 534 nr
1040 486 1204 535 oromrsm
1224 486 1341 547 usura,
1363 488 1452 535 crass
1473 489 1517 535 ru.
1540 508 1581 519 -
1601 490 1669 536 aar.
1692 490 1713 535 x

453 658 993 838 tttlltt:ttltltlfl¹⁵
1014 655 1243 738 ¹³⁹⁰‘¹⁰¹¹¹¹¹¹'⁸
1478 714 1723 781 aeucues
1740 717 1784 779 x.

494 853 649 934 lienique,
666 860 834 935 pretectus
849 860 960 930 status,
976 849 1140 931 originalis
1153 849 1205 930 ju·
1273 862 1365 928 Quod
1402 864 1498 939 Virpo
1531 863 1623 922 beata
1656 865 1835 923 moralibus
1865 868 1979 925 cuncte

454 952 539 1014 stitia
562 952 666 1013 dietus
690 959 738 1013 est
759 968 845 1031 :qua
869 948 998 1027 amissa,
1023 946 1203 1010 intellectus
1311 949 1491 1009 virtutibus
1501 953 1602 1025 plena
1615 961 1798 1030 ornataque
1811 956 1942 1015 exstitit.

454 1050 640 1132 ignorantie
660 1047 801 1112 tenebris
822 1047 984 1110 involutus
1005 1053 1074 1121 θεῖς
1092 1044 1204 1107 volun-

453 1156 500 1209 tas
524 1164 651 1227 quoque
680 1167 699 1208 a
725 1143 810 1209 bono
837 1142 1039 1206 declinabilis
1062 1150 1157 1223 atque
1185 1160 1204 1203 a
1318 1140 1394 1204 UNT
1409 1150 1561 1223 preterea
1581 1144 1713 1207 virtutes
1735 1146 1871 1209 morales
1886 1148 1987 1229 passie

454 1252 541 1307 recto
556 1245 595 1306 de
610 1243 697 1306 facili
717 1242 904 1318 avertibilis,
922 1242 1054 1322 ipsaque
1072 1239 1202 1301 demum
1331 1259 1409 1302 num
1433 1241 1668 1319 moderatrices,
1697 1261 1750 1305 eas
1774 1244 1883 1325 utique
1909 1246 1987 1307 recti-

453 1340 607 1405 memoria
620 1358 701 1421 vaga
717 1339 938 1420 instabilisque
954 1338 1127 1401 constituta
1141 1346 1200 1416 est,
1257 1336 1391 1401 ficantes
1407 1338 1583 1420 rationique
1599 1340 1781 1403 subdentes.
1797 1342 1876 1423 lpse
1889 1362 1986 1425 nempe

453 1448 484 1503 et
511 1439 671 1501 sensitive
695 1438 845 1519 potentie
869 1436 983 1500 rationi
1010 1444 1085 1499 sunt
1109 1436 1202 1499 facte
1256 1436 1420 1517 passiones
1444 1438 1618 1499 secuudum
1643 1456 1677 1499 se
1702 1456 1806 1519 neque
1829 1439 1986 1503 laudabiles

454 1537 599 1601 rebelles
609 1536 764 1613 Quoniam
779 1536 885 1617 itaque
900 1534 1031 1598 rationis
1047 1534 1202 1616 perfectio
1257 1542 1331 1596 suut
1353 1552 1412 1597 uec
1437 1534 1692 1615 vituperabiles:
1719 1537 1774 1599 sed
1800 1537 1826 1599 si
1852 1540 1986 1601 excedant

453 1643 502 1699 est
522 1635 687 1717 sapientia,
704 1634 880 1715 presertim
902 1651 972 1714 que
993 1653 1031 1695 ex
1045 1632 1112 1695 fide
1131 1650 1202 1713 pro-
1257 1641 1310 1695 aut
1337 1631 1500 1713 deficiant,
1527 1634 1752 1717 vituperabiles
1776 1644 1870 1715 sunt3
1894 1656 1983 1719 porro,

453 1733 626 1811 ficiscitur3
642 1732 813 1796 voluntatis
828 1730 1065 1811 vero,dileetio,
1084 1730 1200 1793 ettalis
1257 1730 1282 1791 si
1319 1730 1440 1793 ratione
1476 1732 1669 1812 regulentur,
1700 1732 1875 1796 laudabiles
1904 1733 1984 1797 fiunt.

454 1849 524 1912 que
548 1850 586 1894 ex
610 1831 711 1913 gratia
733 1829 886 1911 profluit3
903 1828 1063 1891 memorie
1082 1837 1200 1907 autem,
1218 1832 1241 1895 B
1256 1828 1410 1903 Quoniam
1424 1828 1531 1909 igitur,
1546 1830 1635 1910 juxta
1656 1831 1751 1913 paulo
1766 1838 1840 1893 ante
1861 1832 1984 1913 inducta,
1996 1866 2077 1919 ,qma

454 1930 488 1993 in
503 1938 636 2012 utraque
651 1929 746 1992 firma
761 1928 928 2008 stabilitas,
944 1928 1029 2009 quod
1044 1928 1112 1991 sine
1132 1947 1202 1990 sen·
1257 1927 1295 1989 ad
1317 1927 1479 2008 originalis
1504 1927 1731 2011 perfectionem
1755 1930 1885 2011 justitie
1906 1931 1987 1993 Maria

454 2028 620 2091 sitivarmu
647 2026 865 2091 moderamine
892 2027 1045 2089 virtutum
1078 2026 1203 2089 contin·
1257 2026 1411 2106 pervenit,
1437 2024 1559 2106 fuitque
1582 2026 1616 2088 iu
1640 2046 1678 2089 ea
1701 2027 1906 2092 intellectuali
1929 2048 1988 2112 por-
2101 2092 2102 2095 ,

453 2144 528 2208 gere
557 2126 668 2206 nequit
699 2149 706 2187 :
738 2125 814 2187 satis
842 2124 889 2204 (ni
915 2123 1022 2204 fallor)
1050 2124 1203 2187 elucescit
1256 2126 1335 2189 tioni
1351 2144 1424 2208 pars
1446 2125 1599 2189 sensitiva
1619 2146 1744 2190 summe
1765 2128 1918 2210 subjecta,
1932 2148 1988 2191 cer-
2101 2096 2102 2167 Ῑ

454 2224 605 2305 quoniam
628 2224 762 2305 quibas
792 2223 933 2285 internas
958 2221 1203 2284 intellectuales-
1257 2230 1324 2284 tum
1352 2241 1481 2304 prorsus
1505 2230 1554 2285 est
1580 2224 1748 2287 moralium
1773 2234 1914 2289 catenam
1937 2227 1989 2289 vir-

454 2341 516 2404 que
530 2321 742 2403 perfectiones
758 2321 885 2383 sortitus
904 2328 962 2397 est,
979 2321 1019 2383 ad
1038 2319 1202 2401 originalis
1259 2328 1361 2383 tutum
1383 2339 1453 2383 eam
1475 2320 1652 2385 eminenter
1674 2322 1828 2387 sortitam.

455 2418 710 2483 conformitatem
736 2419 867 2500 justitie
896 2418 999 2495 rediit,
1026 2418 1203 2480 Trinitatis-
1297 2419 1479 2500 Enimvero,
1494 2419 1583 2501 juxta
1597 2420 1863 2504 pbilosophorum
1878 2424 1991 2505 dogma

455 2537 517 2600 que
538 2517 621 2580 inse
642 2516 901 2580 reformationem
916 2517 1049 2596 adeptus
1070 2524 1127 2577 est.
1145 2514 1204 2595 lgi-
1259 2525 1301 2596 ta,
1322 2517 1491 2580 duodecim
1511 2517 1668 2581 exsistunt
1685 2520 1819 2583 virtutes
1839 2523 1991 2585 morales:

455 2624 506 2679 tur
529 2616 555 2678 si
581 2634 619 2677 ea
642 2634 713 2697 que
736 2616 776 2676 de
803 2614 955 2694 qualitate
980 2612 1144 2695 sapientie
1170 2613 1203 2674 in
1260 2615 1413 2679 fortitudo
1433 2615 1596 2697 videlicet,
1611 2618 1833 2701 temperantia,
1850 2619 1992 2683 bonomm

375 2752 405 2791 .ι,
432 2716 606 2793 ,secunde
633 2724 727 2795 atque
756 2713 896 2776 caritatis
924 2714 1035 2777 ardore
1064 2712 1204 2793 Virginis
1259 2713 1407 2793 amative,
1421 2714 1678 2795 magnanimitas,
1692 2715 1875 2799 liberalitas,
1888 2718 1995 2798 magni·

367 2854 439 2885 mm,
455 2813 601 2877 fecunde
615 2814 796 2895 pauloante
809 2812 1017 2874 determinata
1036 2819 1121 2889 sunt,
1137 2810 1203 2892 jam
1258 2811 1401 2891 ficentia,
1425 2814 1648 2893 mansuetudo,
1671 2814 1800 2895 veritas,
1821 2814 1992 2893 affabilitas,

456 2914 561 2975 denuo
576 2912 738 2993 paulisper
757 2911 972 2988 intendantur,
987 2909 1110 2991 patebit
1126 2926 1205 2989 quo-
1259 2909 1434 2991 eutrapelia
1453 2928 1510 2973 seu
1531 2910 1703 2989 socialitas,
1719 2912 1888 2993 prudentia
1907 2922 1937 2976 ct
1953 2914 1994 2994 ju-

454 3010 541 3073 niam
555 3028 619 3091 quo
640 3009 755 3072 ceteris
776 3008 900 3073 cunctis
919 3007 1095 3090 sapientior
1113 3007 1204 3069 item·
1223 3007 1354 3071 (lstitia.
1376 3007 1493 3070 Harum
1518 3010 1688 3090 prudentia
1712 3020 1761 3073 ost
1784 3011 1818 3072 in
1843 3011 1993 3075 intellectu

454 3127 517 3190 que
540 3108 747 3171 affectuosior
773 3107 892 3170 exstitit
919 3106 1029 3168 mundi
1057 3106 1201 3185 Domina,
1258 3105 1409 3187 practico,
1436 3105 1560 3186 justitia
1588 3108 1721 3171 veroin
1746 3108 1994 3185 voluntate;ee

455 3207 528 3270 coeli
556 3207 687 3287 Regina,
718 3214 749 3269 et
777 3206 874 3287 (quod
909 3206 1111 3287 prestantius
1142 3205 1203 3284 est)
1259 3212 1332 3265 tere
1346 3211 1452 3266 autam
1467 3204 1500 3265 in
1516 3204 1659 3286 appetitu
1670 3206 1825 3270 sensitiva
1838 3207 1906 3271 site
1920 3216 1992 3283 sunt,

454 3304 572 3368 summi
596 3305 651 3367 ilai
675 3304 816 3367 Genitrix
839 3323 926 3381 vera,
952 3322 990 3367 eo
1015 3303 1125 3384 utique
1152 3322 1204 3365 ex·
1259 3309 1290 3362 θῖ
1304 3301 1390 3365 circa
1408 3300 1634 3366 delectationes
1653 3302 1861 3386 tristitiasque
1881 3324 1995 3367 versan-

454 3403 623 3466 cellentius
647 3404 686 3465 ad
709 3402 876 3485 originalis
899 3402 1048 3465 virtutem
1071 3402 1203 3483 justitie
1259 3402 1464 3461 molestatio
1478 3418 1604 3481 quoque
1619 3401 1840 3481 operationum
1853 3402 1995 3466 directim
2104 3424 2105 3427 ¹

454 3499 601 3583 profecit.
1258 3504 1317 3576 est,
1340 3504 1372 3560 et
1391 3500 1575 3574 prudentia
1599 3516 1705 3560 rerum
1730 3499 1899 3581 agibilium
1923 3508 1996 3563 recta

494 3598 648 3680 Denique,
669 3606 800 3661 eatenus
826 3597 859 3658 in
884 3596 1047 3679 sapientie
1065 3597 1204 3679 plenitu-
1259 3596 1338 3658 ratio
1362 3604 1519 3659 censetur.
1542 3596 1599 3659 Est
1622 3605 1729 3659 autem
1752 3601 1919 3675 fortitudo
1942 3616 1996 3661 me

454 3697 530 3759 dine
555 3696 758 3777 caritatisque
785 3694 911 3758 fervore
938 3694 1097 3757 universis
1126 3696 1204 3757 emi·
1258 3694 1358 3757 dietas
1385 3695 1530 3775 quedam
1559 3695 1683 3759 timoris
1711 3704 1744 3759 et
1771 3697 1924 3776 audacie,
1951 3716 1998 3778 pe

454 3794 564 3873 nebas,
590 3811 610 3856 o
634 3793 740 3873 Virgo,
766 3800 802 3854 ut
829 3793 868 3854 de
892 3799 923 3853 te
946 3791 1134 3873 dignissime
1158 3792 1203 3855 fa·
1258 3791 1381 3855 tissime
1396 3792 1480 3855 circa
1491 3794 1632 3875 pericula
1645 3794 1769 3857 mortis.
1779 3799 1997 3873 Temperantia

453 3891 549 3954 tearis
579 3912 586 3951 ε
617 3891 683 3972 Ego
716 3889 893 3972 (inquiens)
927 3899 1027 3952 mater
1061 3890 1203 3971 pulchre
1258 3907 1334 3953 vero
1362 3889 1447 3953 eirca
1476 3891 1709 3955 irrationabiles
1737 3892 1905 3973 passiones
1937 3911 1997 3955 ver-

453 3988 647 4066 dilectionis,
674 3996 707 4051 et
733 3988 869 4065 timoris,
899 3996 931 4050 et
958 3988 1144 4068 agnitionis,
1172 3996 1203 4051 et
1259 3996 1356 4066 satur,
1385 3996 1488 4051 tactus
1518 3988 1641 4053 scilicet
1668 3998 1843 4072 gustusque
1872 3992 1998 4054 delceta-

435 4094 570 4150 .sanete
595 4086 685 4168 spei,
710 4085 744 4147 in
764 4104 816 4149 me
837 4085 939 4166 gratia
959 4084 1065 4149 omnis
1092 4087 1151 4150 vie
1171 4096 1203 4150 et
1257 4085 1361 4149 tiones
1396 4085 1560 4149 refrenans
1588 4094 1620 4150 ot
1653 4088 1835 4151 moderans.
1864 4089 1996 4170 Denique

452 4185 617 4262 veritatis;
638 4184 672 4246 in
696 4202 747 4246 me
771 4184 876 4247 omnis
901 4202 973 4265 spes
998 4185 1071 4249 vite
1089 4194 1120 4248 et
1140 4186 1203 4249 vir·
1218 4189 1242 4252 D
1258 4187 1418 4245 donorum
1446 4189 1604 4257 amative,
1633 4186 1734 4249 virtus
1761 4193 1811 4249 est
1844 4207 1908 4269 qua
1934 4186 1997 4269 quis

452 4284 540 4348 tutis.
565 4282 723 4365 Amplius,
746 4281 791 4345 sic
819 4282 853 4344 in
882 4282 993 4345 matris
1020 4284 1122 4346 adbuc
1152 4303 1203 4346 ex·
1259 4282 1345 4346 eirca
1368 4283 1545 4347 mediocres
1569 4284 1708 4348 bonores
1732 4285 1879 4349 ordinate
1903 4285 1998 4349 aflici-

452 4382 568 4446 sistens
595 4390 697 4459 utero,
728 4380 929 4443 sanctificata
963 4382 1126 4463 gratiaque
1155 4402 1203 4446 re-
1257 4390 1329 4457 tur3
1354 4384 1612 4459 magnanimitas
1636 4390 1741 4445 autem
1765 4382 1850 4445 circa
1875 4401 1997 4465 magnos

451 4482 538 4564 pleta
551 4490 609 4561 est,
626 4488 661 4543 ut
681 4497 839 4559 nusquam
860 4480 1012 4560 deinceps
1033 4480 1202 4561 culpabilis
1257 4478 1380 4542 exsistit
1393 4477 1752 4541 honores.Ltberala'tas
1766 4480 1909 4561 demum,
1922 4482 1997 4545 circa

451 4580 700 4661 inordinateque
728 4585 851 4640 motum
886 4578 1044 4659 passionis
1072 4588 1201 4660 experta
1257 4584 1402 4657 sumptus
1424 4576 1612 4655 mediocres,
1632 4581 1880 4657 emanificentia
1901 4589 1997 4643 auum

451 4679 514 4756 sit3
540 4679 609 4760 ipse
636 4695 763 4759 quoque
790 4675 895 4739 fomes
919 4676 1041 4757 peccati
1069 4686 1201 4741 eatenus
1257 4676 1341 4738 circa
1369 4692 1501 4756 magnos
1530 4683 1675 4758 sumptus
1703 4685 1761 4740 est.
1787 4682 1998 4741 Mansaetado

450 4779 485 4841 in
510 4795 558 4857 ea,
580 4776 795 4858 preveniente
819 4775 930 4856 gratia,
952 4794 1116 4855 repressus
1140 4785 1199 4856 ost,
1255 4794 1381 4857 quoque
1402 4774 1486 4837 iuter
1508 4774 1589 4837 iram
1610 4783 1642 4839 et
1664 4776 1997 4858 improvocabilitatem

450 4884 485 4939 ut
513 4874 618 4937 carnis
641 4892 806 4955 nunquam
834 4871 1030 4955 pruriginem
1058 4874 1202 4939 mundis·
1256 4874 1374 4937 mediat
1395 4880 1467 4936 :est
1488 4873 1575 4936 enim
1597 4874 1697 4937 virtus
1719 4875 1774 4939 ire
1795 4876 1995 4941 moderativa.

451 4974 532 5039 sima
546 4972 641 5054 Virgo
660 4970 864 5056 persenserit,
880 4978 974 5052 atque
994 4971 1033 5034 ad
1053 4990 1201 5035 consum-
1264 4976 1389 5037 Veritas
1403 4978 1508 5035 autem
1531 4981 1566 5034 ut
1586 4990 1672 5035 nunc
1693 4974 1879 5055 suscipitur,
1902 4974 1997 5037 virtus

449 5079 568 5136 matam
596 5072 787 5154 penitusque
815 5068 990 5151 perfectam
1022 5070 1199 5134 castitatem
1255 5080 1303 5134 est
1329 5090 1392 5151 qua
1419 5090 1453 5133 se
1481 5072 1554 5152 quis
1582 5070 1688 5134 verbis
1716 5080 1748 5134 et
1778 5070 1875 5135 factis
1910 5072 1996 5135 talem

450 5190 524 5234 cum
547 5170 708 5234 alacritate
732 5167 915 5250 profecerit,
932 5187 992 5231 nec
1012 5168 1126 5231 rationi
1143 5169 1199 5232 ali·
1254 5169 1393 5233 ostendit
1413 5168 1517 5250 qualis
1531 5178 1590 5249 est,
1607 5188 1647 5231 ne
1662 5168 1704 5231 sit
1716 5168 1864 5249 jactator,
1882 5180 1935 5233 aut
1947 5170 1998 5250 bp-

450 5270 577 5356 quando
598 5266 787 5331 sensualitas
806 5265 962 5329 reluctata
979 5265 1031 5328 sit.
1253 5267 1376 5351 poerita
1393 5266 1445 5329 vel
1467 5267 1598 5331 velator.
1615 5268 1749 5350 lnsuper
1767 5271 1949 5347 affabilitas
1967 5267 1997 5329 in
