4309 6259
471 447 532 513 tot

760 469 800 515 uc
821 466 1021 515 sacaauauro
1042 466 1251 513 aucaanvsrra
1272 454 1436 513 semones
1451 466 1518 512 sm.
1542 483 1582 495 —
1603 465 1733 513 suaaor

473 636 610 699 centiam
628 637 676 699 sui
692 637 804 701 recolit
818 635 1125 717 SalvatoriS,gratias
1141 635 1216 717 agit,
1232 636 1258 697 Α
1273 633 1409 699 affectus
1424 635 1457 697 in
1471 634 1654 717 hujusmodi
1666 636 1920 701 meditationibus
1931 654 2097 721 erar-amq

473 734 582 797 laudes
606 735 758 813 concinit,
785 736 953 818 ipsumque
978 735 1217 798 Sacramentum
2096 722 2097 737 ¹

473 833 697 915 dignissimum
725 842 908 898 reverenter
935 833 1119 897 circumfert
1146 851 1219 915 pro-

473 932 703 1011 cessionaliter,
720 952 792 995 cum
808 933 946 1014 supplici
961 931 1144 995 adoratione
1164 932 1218 994 de-

472 1029 620 1108 ducit,et
640 1032 793 1112 usquein
814 1031 920 1093 locum
942 1048 1035 1092 suum
1057 1030 1217 1112 prosequi-

343 1148 413 1192 met.
427 1163 456 1193 tv.
472 1136 523 1190 tur
552 1152 559 1189 :
589 1129 674 1210 quod
707 1129 740 1191 in
774 1129 993 1210 deportatione
1021 1128 1216 1191 tabernaculi

469 1225 584 1308 Moysis
614 1234 646 1289 et
672 1246 753 1290 arcae
781 1227 962 1290 testamenti
990 1226 1067 1289 olim
1095 1226 1215 1289 exstitit

469 1323 654 1405 figuratum.

508 1422 670 1503 Praeterea,
685 1423 767 1485 sicut
780 1424 814 1486 in
835 1423 1054 1504 deportatione
1074 1423 1130 1486 illa
1150 1430 1214 1485 tres

467 1521 655 1583 exstiterunt
673 1520 801 1584 ordines
821 1521 1040 1583 ministrorum
1060 1521 1144 1603 quod
1167 1522 1213 1583 eis

467 1620 673 1682 commissum
687 1618 791 1681 fuerat
806 1619 1056 1700 exsequentium,
1077 1638 1213 1700 quorum

465 1715 576 1780 officia
599 1718 644 1780 sic
671 1725 761 1780 erant
785 1717 947 1794 distincta,
973 1718 1059 1799 quod
1084 1718 1212 1799 quidam

1273 734 1374 797 deseit
1395 734 1468 816 igne
1486 733 1615 798 amoris.
1631 734 1689 810 Qui
1710 754 1783 797 cum
1802 736 1946 819 Apostolo
1962 726 2026 798 dil
2096 746 2097 797 t

1273 851 1345 917 cere
1365 840 1509 914 queunt:
1527 830 1660 895 Psallam
1683 833 1810 916 spiritu,
1831 834 1957 916 psallam
1975 812 2097 900 eticae.1

1272 938 1388 993 mente.
1405 929 1462 1005 Qui
1486 931 1623 1013 gratiose
1642 931 1848 1013 experiuntur
1865 934 1944 1014 quod
1962 922 2032 994 la·¹²
2096 992 2097 1017 ,

1272 1036 1355 1091 tetur
1375 1028 1426 1091 vir
1446 1036 1574 1091 sanctus
1592 1053 1598 1089 :
1615 1029 1826 1093 Exsultabunt
1843 1031 1923 1094 labia
1942 1050 1998 1093 mea
2008 1034 2097 1103 rima]

1272 1145 1370 1207 quum
1390 1136 1558 1190 cantavem
1575 1128 1653 1205 tibi3
1670 1128 1830 1210 itemque:
1846 1130 1890 1192 Ad
1908 1130 1996 1211 ipsun
2006 1106 2097 1192 rieul

1272 1242 1326 1287 ore
1348 1243 1419 1287 meo
1440 1225 1585 1307 clamavi,
1602 1233 1635 1289 et
1654 1226 1809 1290 exsultavi
1831 1226 1997 1309 sublingua

1271 1342 1353 1385 mea.
1366 1323 1403 1385 lli
1418 1323 1513 1406 plane
1526 1324 1691 1406 psallendo
1706 1325 1840 1388 virtutes
1854 1326 1996 1408 experiun·
2096 1330 2097 1333 ’

1271 1428 1322 1482 tur
1346 1422 1552 1503 psalmorum,
1580 1430 1612 1485 et
1639 1430 1768 1505 gustant
1795 1443 1889 1505 quam
1910 1424 2089 1490 dulc-ismael

1271 1527 1319 1580 est
1342 1520 1505 1582 Dominus.
1523 1520 1664 1602 Denique
1688 1521 1768 1583 tales
1794 1522 1827 1583 in
1851 1522 1996 1603 psallendo

1270 1626 1301 1679 et
1320 1618 1438 1681 orando
1458 1617 1585 1699 fatigari
1605 1618 1657 1681 vix
1680 1628 1839 1700 poterunt.
1856 1619 1997 1683 Deficiun-

1269 1724 1321 1777 tur
1339 1736 1475 1798 namque
1494 1717 1620 1780 assidue
1640 1716 1725 1779 dulci
1746 1737 1857 1800 sapore
1874 1718 1998 1781 dulcedi

465 1816 635 1897 grossiora,
663 1816 795 1897 quidam
824 1816 1036 1897 spiritualiora
1061 1834 1213 1896 exseque-
1230 1813 1254 1875 B
1269 1814 1319 1875 nis
1346 1814 1504 1893 increatae,
1526 1814 1677 1879 bonitatis
1699 1817 1862 1879 immensa
1883 1817 1996 1879 Deitatis

465 1914 599 1989 bantur,
631 1913 675 1975 ita
709 1913 743 1975 in
771 1914 975 1994 processione
1011 1913 1211 1976 deductionis

465 2012 653 2073 sacramenti
681 2011 774 2073 istius
809 2012 906 2092 (quod
935 2030 1046 2073 verum
1081 2030 1212 2074 summae

463 2108 594 2171 Deitatis
628 2108 871 2171 tabernaculum
905 2109 964 2171 rite
992 2116 1151 2189 censetur,
1182 2118 1213 2171 ct

463 2225 538 2268 arca
561 2206 634 2269 novi
661 2206 864 2284 Testamenti,
889 2206 1212 2288 supersuavissimum

464 2303 632 2367 continens
647 2324 763 2367 manna
779 2306 918 2382 coeleste,
927 2303 1093 2367 verissime
1108 2305 1213 2387 appel-

464 2402 559 2481 latur)
584 2402 715 2484 quidam
743 2402 1008 2465 christifidelium
1039 2404 1212 2486 corporali-

462 2518 529 2578 ora,
550 2500 697 2563 nonnulli
721 2499 958 2580 ooeliformiora,
984 2500 1082 2563 ceteri
1106 2501 1212 2563 medio

463 2598 558 2660 modo
574 2617 608 2660 se
621 2597 771 2661 habentia
789 2598 953 2678 obsequia,
970 2599 1139 2679 praeconia,
1157 2600 1213 2663 ho

462 2695 673 2759 locautomata
694 2695 837 2759 offerunt
857 2696 1072 2777 Redemptori.

502 2794 576 2856 Tres
604 2813 741 2876 namque
769 2801 843 2855 sunt
869 2795 986 2875 gradus
1014 2794 1210 2856 laudantium

462 2892 578 2973 ipsum.
595 2892 729 2972 Primus,
747 2911 856 2955 eorum
875 2891 930 2973 qui
950 2892 983 2953 in
1003 2892 1210 2955 exterioribus

1269 1912 1608 1994 superpulcherrimat3
1639 1913 1722 1995 fugit
1754 1916 1794 1978 ab
1821 1915 1866 1978 eis
1894 1915 1996 1977 acedia

1269 2010 1410 2091 spiritus,
1432 2010 1652 2075 somnolentia
1678 2020 1795 2094 torpor,
1821 2012 1995 2095 negligentia

1267 2108 1340 2171 vilis
1355 2128 1392 2172 ac
1408 2109 1506 2192 impia
1523 2133 1530 2187 ;
1546 2127 1682 2191 quorum
1698 2111 1812 2174 animae
1825 2111 1902 2174 sicut
1915 2112 1994 2193 adipe
2005 2140 2081 2183 ntia,

1267 2215 1299 2268 et
1317 2206 1512 2289 pinguedine
1533 2207 1748 2290 adimplentur
1767 2209 1887 2273 interno
1900 2209 1994 2271 dulce

1268 2324 1312 2380 re,
1328 2313 1436 2367 sancta
1450 2305 1631 2387 devotione,
1643 2306 1745 2369 divini
1761 2308 1875 2371 amoris
1885 2308 1993 2371 ardore.

1307 2402 1429 2464 Tertius
1453 2403 1568 2484 gradus
1592 2403 1750 2467 cultorum
1776 2404 1831 2467 Dei
1854 2404 1995 2467 ministro

1270 2519 1404 2581 rumque
1418 2499 1545 2579 Christi,
1561 2508 1609 2563 est
1624 2519 1733 2564 eorum
1748 2502 1804 2583 qui
1823 2502 1995 2583 contempla·

1267 2597 1363 2661 tionis
1378 2598 1511 2679 gratiam
1527 2606 1602 2659 sunt
1615 2599 1794 2681 sortiti,qul
1805 2600 1994 2663 ascenderunt
2005 2620 2086 2663 aaa:

1267 2698 1305 2758 ad
1325 2715 1380 2759 cor
1398 2696 1509 2775 altum,
1526 2704 1620 2777 atque
1643 2697 1675 2759 in
1696 2698 1917 2779 speculationis
1933 2717 1994 2761 arce

1268 2802 1341 2855 sunt
1368 2794 1532 2855 constituti
1545 2817 1553 2873 ;
1576 2813 1711 2875 quorum
1737 2796 1827 2858 sinus
1850 2797 1946 2860 cordis
1966 2797 1993 2856 in

1268 2892 1429 2972 regionem
1450 2892 1530 2955 lueis
1553 2892 1838 2977 incircumscriptae
1856 2902 1992 2973 extentus,

462 2990 586 3052 actibus
600 2990 759 3054 Christum
774 2991 942 3067 honorant,
956 3009 1126 3072 campanas
1142 2991 1212 3072 pul·
1230 2989 1402 3070 Gdefixus,
1429 2990 1607 3071 absorptus,
1634 2990 1772 3054 feliciter
1796 2993 1894 3056 cernit
1914 3010 1992 3073 quam

463 3088 572 3165 sando,
586 3089 732 3150 ardentes
744 3107 851 3150 cereos
866 3089 1051 3167 deferendo,
1062 3090 1209 3170 hymnos

463 3185 604 3267 psalmos
628 3194 661 3247 et
688 3186 813 3248 cantica
840 3187 1072 3267 concrepando,
1099 3186 1211 3248 itinera

461 3302 589 3365 quoque
616 3291 648 3344 et
680 3283 799 3364 plateas
827 3285 1021 3361 mundando,
1051 3284 1209 3366 ramisque

460 3384 610 3446 arborum
626 3390 658 3445 et
680 3382 901 3445 consimilibus
920 3384 1061 3447 ornando
1082 3384 1147 3445 haec
1163 3384 1210 3465 ip

462 3500 508 3559 sa,
525 3489 681 3562 quatenus
705 3500 762 3563 per
785 3482 853 3543 haec
872 3482 980 3544 omnia
998 3483 1098 3545 Deum
1121 3482 1210 3563 juata

462 3599 556 3642 suum
577 3579 741 3642 modulum
765 3588 968 3659 venerentur,
989 3588 1021 3641 et
1045 3599 1103 3662 per
1127 3588 1210 3643 eate-

462 3678 547 3739 riora
569 3678 608 3740 ad
631 3677 814 3740 interiorem
837 3677 1118 3740 honorificentiam
1138 3698 1210 3759 pro-

462 3783 625 3839 vocentur.
636 3775 688 3838 Sic
698 3775 732 3837 B.
742 3775 928 3838 Franciscus
943 3775 975 3837 in
992 3777 1210 3840 conversionis

463 3896 527 3938 sua
551 3875 680 3939 exordio
704 3874 870 3938 consuevit
890 3882 1016 3956 sumpta
1037 3894 1133 3957 scopa
1155 3894 1211 3956 per

463 3972 615 4035 ecclesias
646 3972 826 4035 materiales
859 3972 1037 4035 discurrere
1065 3982 1097 4034 et
1125 3974 1210 4055 ipsas

463 4090 605 4153 scopare,
636 4072 674 4132 ad
708 4070 934 4133 insinuandum
967 4071 1051 4152 quod
1079 4072 1209 4134 domum

462 4364 547 4426 mitre
561 4363 632 4445 ejus
646 4361 800 4444 pacificae.

501 4464 665 4526 Secundus
697 4463 824 4544 graduS,
854 4462 915 4525 isto
948 4462 1126 4541 sublimior,
1161 4473 1208 4527 est

461 4580 570 4625 eorum
585 4561 640 4643 qui
655 4561 728 4623 totis
744 4560 866 4623 viribus
880 4559 979 4622 Deum
994 4560 1077 4622 intra
1093 4580 1126 4623 sc
1142 4562 1208 4624 lau-

335 4681 443 4733 reati.
460 4661 547 4741 dant,
563 4679 636 4722 cum
658 4658 824 4720 Psalmista
841 4658 983 4720 dicentes
1001 4681 1007 4719 :
1025 4658 1207 4722 Confitebor

460 4759 530 4835 tibi,
559 4757 690 4820 Domine
717 4756 799 4817 Deus
828 4774 929 4835 meus,
956 4756 988 4818 in
1017 4764 1083 4819 toto
1112 4759 1206 4821 corde

460 4876 542 4934 meo,
572 4856 602 4918 id
631 4862 680 4917 est
706 4862 771 4917 toto
805 4853 968 4916 intellectu
996 4862 1027 4917 et
1054 4855 1204 4919 universo

457 4954 589 5018 affectu.
615 4952 753 5028 Quorum
777 4970 867 5013 mens
893 4959 957 5014 tota
984 4952 1150 5033 diligentia
1174 4962 1205 5016 et

457 5060 579 5130 conatu
596 5050 717 5112 intenta
740 5057 788 5111 est
812 5049 919 5111 sensui
941 5050 1110 5113 verborum
1133 5070 1203 5113 san-

456 5160 591 5229 ctorum,
612 5158 644 5211 et
666 5146 910 5211 considerationi
934 5148 1108 5229 majestatis
1132 5150 1202 5230 ejus

454 5268 548 5332 quem
568 5246 686 5324 laudat,
703 5243 779 5309 colit
797 5252 828 5307 et
849 5244 996 5325 invocat3
1013 5254 1045 5309 et
1066 5264 1200 5329 quorum

1267 3095 1400 3168 angusta
1419 3096 1451 3150 et
1471 3088 1595 3151 modica
1615 3089 1656 3151 sit
1674 3090 1780 3153 omnis
1806 3100 1939 3153 creatura
1956 3110 1993 3151 re

1267 3195 1377 3266 speetu
1401 3194 1432 3248 et
1455 3185 1691 3267 comparatione
1720 3188 1934 3270 superexaltati
1955 3188 1993 3248 in-

1265 3282 1476 3345 terminabilis
1491 3283 1544 3346 Dei
1554 3306 1562 3360 3
1572 3285 1627 3365 qui
1642 3294 1761 3366 quanto
1776 3286 1993 3369 incomprehen-

1266 3381 1395 3443 sibilem
1420 3381 1638 3444 excellentiam
1668 3382 1824 3447 Creatoris
1850 3383 1992 3467 limpidius

1266 3479 1533 3559 contemplantur,
1564 3487 1652 3543 tanto
1685 3482 1847 3564 propriam
1877 3481 1992 3564 parvita-

1265 3584 1340 3656 tem,
1369 3575 1655 3656 defcctuositatem,
1686 3578 1751 3641 imo
1779 3580 1941 3643 vanitatem
1966 3586 1993 3639 et

1266 3674 1475 3737 nihileitatem
1490 3674 1682 3758 profundius
1702 3677 1875 3759 intuentur,
1890 3677 1992 3741 cordia-

1265 3772 1327 3835 lius
1352 3782 1571 3855 aspernantur,
1588 3793 1685 3856 seque
1709 3795 1748 3838 ex
1773 3776 1882 3840 intimo
1904 3775 1991 3839 cordis

1265 3871 1384 3935 affectu
1413 3872 1633 3936 vehementius
1666 3874 1881 3939 indesinenter
1905 3872 1990 3937 humi-

1265 3970 1355 4051 liant,
1372 3990 1444 4033 cum
1468 3971 1623 4052 Propheta
1648 3972 1790 4036 diceutes
1808 3998 1815 4037 ι
1832 3973 1990 4038 Substantia
2001 3996 2082 4038 rema

1266 4089 1336 4131 mea
1355 4077 1505 4151 tanquam
1527 4069 1664 4132 nihilum
1683 4072 1767 4152 apud
1789 4080 1818 4136 te
1836 4082 1900 4150 est,
1914 4062 2082 4164 num-{quw

308 4188 347 4232 aa.
361 4201 409 4240 xer.
427 4193 446 4232 a.
462 4170 530 4249 Dei,
552 4168 647 4232 corda
670 4168 827 4247 fidelium,
850 4170 942 4231 decet
964 4169 1154 4249 sanctitudo,
1178 4178 1209 4233 et
1224 4166 1249 4229 D
1265 4168 1339 4249 quid
1362 4166 1567 4231 confitebitur
1588 4167 1645 4230 tibi
1670 4168 1802 4249 pulvisl
1818 4171 1892 4233 llinc
1911 4188 1941 4232 se
1957 4169 1988 4231 ad

305 4266 547 4348 rm.1·1,rv.quod
567 4265 626 4328 viae
645 4265 715 4346 ejus
735 4264 794 4328 viae
813 4266 965 4345 pulchrae,
982 4273 1013 4328 et
1031 4283 1142 4329 omnes
1161 4286 1209 4329 se-

1264 4268 1479 4349 depromenda
1511 4267 1737 4349 supergloriosi
1767 4270 1823 4333 Dei
1853 4268 1989 4352 preconia

1263 4365 1400 4446 impares
1415 4384 1544 4447 prorsus
1559 4373 1590 4427 et
1609 4366 1741 4430 omnino
1763 4367 1906 4450 indignos
1918 4386 1989 4430 rece

1261 4471 1430 4543 gnoscunt,
1448 4463 1637 4541 exclamant,
1659 4471 1827 4546 testantur,
1843 4466 1986 4529 dicentes:

1262 4561 1335 4637 Quis
1350 4563 1467 4644 poterit
1478 4569 1560 4624 stare
1575 4570 1649 4625 ante
1664 4573 1872 4646 conspectum
1885 4561 1987 4628 Domini
1998 4572 2081 4631 vla-elv

1261 4650 1316 4723 Dei
1342 4660 1442 4723 sancti
1467 4660 1586 4741 hujusl
1606 4659 1731 4724 Etenim
1758 4664 1908 4727 columna
1929 4660 2082 4725 calisam<

1260 4765 1378 4839 pavent
1404 4758 1443 4820 ad
1472 4766 1677 4841 conspectum
1707 4760 1830 4842 ipsius;
1859 4761 1913 4825 sub
1937 4766 2078 4841 quoraael·

1260 4857 1388 4919 demum
1404 4865 1576 4920 curvantur
1590 4857 1646 4939 qui
1665 4867 1794 4939 portant
1808 4860 1922 4925 orbem.

1299 4954 1352 5016 lsti
1377 4955 1416 5017 ad
1442 4954 1496 5016 Dei
1525 4956 1684 5036 praeconia
1712 4975 1746 5019 se
1775 4957 1988 5021 insufficientes

1259 5053 1427 5114 advertunt
1441 5052 1652 5134 indignosque
1665 5053 1812 5135 judicant
1829 5080 1836 5117 ε
1853 5064 1916 5119 tum
1929 5073 1990 5118 con·

1260 5150 1450 5214 sideratione
1483 5151 1685 5232 propriorum
1713 5152 1906 5234 defectuum,
1936 5172 1991 5215 cer-

1260 5248 1283 5310 ti
1298 5249 1382 5330 quod
1397 5267 1461 5311 non
1482 5249 1523 5311 sit
1537 5248 1681 5331 speciosa
1695 5251 1765 5313 laus
1780 5251 1814 5314 in
1829 5272 1881 5317 ore
1895 5247 2078 5336 mora-teht*
