4309 6259
462 468 523 533 508
715 490 755 564 m
776 490 933 538 raacodto
953 490 991 535 ΕΤ
1012 488 1175 537 occurrere
1195 488 1311 545 atam,
1334 487 1421 535 clean
1442 488 1461 535 1.
1484 506 1525 517 -
1545 488 1615 534 All'l'.
1639 485 1757 533 meni

318 672 450 725 Cant-vud-
466 663 645 726 Umbilicus
664 662 794 745 (iuquit)
816 672 893 723 tuas
913 662 997 726 sicut
1015 671 1126 724 crater
1147 670 1211 721 tor·
1226 661 1252 723 A
1267 661 1322 741 qui
1347 680 1407 725 nec
1432 662 1573 745 corporis
1597 661 1646 725 sui
1673 659 1859 741 dignitatem
1882 657 1995 721 deilica-

462 764 579 823 actilis
593 782 763 842 nunquam
778 764 931 839 inciperes
941 764 1086 838 poculis;
1100 770 1213 821 venter
1267 760 1448 841 tionemque
1464 760 1619 844 speculari
1634 778 1744 822 sumus
1758 756 1875 820 idonei.
1886 756 1993 819 Utinam

463 871 541 921 tuus
563 862 648 921 sicut
668 880 804 921 acervam
825 862 934 921 tritici
952 863 1096 919 vallatus
1117 860 1209 919 titiis.
1267 858 1487 941 indignissimo
1502 860 1572 941 ipsa
1594 857 1670 920 mihi
1693 874 1822 939 parcere
1844 854 1992 931 laudatori,

462 960 497 1023 ln
526 978 589 1040 quo
616 959 818 1022 sacratissimi
853 958 932 1022 uteri
962 966 1137 1020 maternam
1166 956 1212 1019 le·
1267 956 1321 1038 qui
1337 976 1377 1020 na
1391 976 1508 1022 nomen
1523 957 1652 1038 quidem
1668 955 1768 1038 ipsius
1783 953 1877 1016 ellari
1896 952 1993 1034 dignus

464 1056 657 1121 cunditatem
681 1056 828 1139 virginali
853 1055 990 1138 puritate
1017 1056 1209 1133 decoratam,
1267 1056 1416 1134 consisto,
1440 1056 1581 1138 piissima
1601 1056 1758 1136 dignetur.

463 1155 648 1218 dulcissime
668 1155 774 1218 innuit
795 1163 889 1237 atque
910 1154 1037 1216 latetur.
1054 1153 1098 1216 De
1118 1152 1212 1233 cujus

464 1253 560 1316 etiam
575 1252 826 1336 fragrantissima
840 1250 1105 1332 desiderabilique
1121 1250 1213 1313 uber-

464 1358 539 1429 tate,
569 1350 822 1432 jucundissimus
856 1358 951 1431 atque
985 1348 1212 1411 mundissimus
1408 1327 1652 1392 ARTICULUS
1679 1324 1872 1389 XXXVIII-

465 1447 695 1512 delectabiliter
728 1447 876 1511 edisserit
909 1466 1056 1528 sponsus.
1088 1446 1211 1527 Virgini
1267 1478 1315 1538 De
1330 1477 1471 1537 bonna„
1485 1476 1666 1535 hamoni„
1685 1483 1715 1533 e,
1730 1474 1992 1551 mmmmm,

465 1547 585 1629 (ΙΠῙΡΡΘ
599 1546 839 1627 Mitrisfliusqufl
853 1553 997 1608 materni)
1013 1544 1129 1625 Vffliflr
1140 1564 1212 1607 ⁰¹¹OE
1303 1566 1468 1641 pieoeionis
1491 1564 1637 1641 Virginis
1658 1564 1833 1623 benedictae
1853 1570 1942 1639 atqua
1956 1564 1992 1618 dt-

317 1660 450 1713 aaauaa.
465 1644 732 1707 excellentissimo
754 1643 887 1725 loquens
908 1643 1065 1725 preconio
1083 1666 1090 1704 :
1108 1646 1213 1704 emta
1309 1656 1404 1714 vam.

464 1746 570 1804 aiones
598 1754 663 1803 tuta
687 1742 818 1824 (inquit)
842 1744 1023 1819 paradisus
1049 1746 1211 1802 matorum

458 1843 659 1918 punicorum
679 1861 753 1902 cum
770 1859 941 1917 pomorum
962 1842 1138 1917 fructibus.
1155 1839 1254 1905 Ve-li
1335 1842 1362 1905 X
1391 1840 1596 1923 praeinductis
1624 1840 1728 1921 palam
1759 1857 1833 1902 reor
1860 1838 1944 1901 mlcur
1967 1837 2035 1903 ina
2054 1873 2079 1903 a

465 1947 654 2015 rumtamen,
680 1939 831 2021 quoniam
859 1940 899 2002 de
925 1938 986 2002 isto
1014 1938 1152 2019 plenius,
1178 1945 1213 1999 ut
1349 1947 1454 2002 mente
1489 1938 1629 2019 itemque
1659 1938 1692 2000 in
1728 1955 1861 2019 corpore
1893 1954 1991 1999 sermm
2002 1936 2031 1963 ¹¹¹¹·

332 2055 374 2094 ιιι
400 2065 451 2103 un,
464 2037 564 2121 quivi,
580 2046 653 2100 ante
676 2036 824 2115 disserui,
845 2055 930 2099 nunc
954 2037 1028 2099 inde
1051 2035 1213 2117 paulisper
1270 2037 1368 2100 luisse
1393 2037 1566 2119 Virginem,
1593 2036 1719 2117 qualem
1747 2036 1802 2098 Dei
1826 2034 1991 2098 Genitriceu

324 2126 384 2157 '¹¹¹¹‘
464 2136 620 2200 subticeo.
1268 2135 1375 2197 decuit
1395 2154 1475 2198 esse.
1492 2134 1604 2197 Docuit
1623 2142 1741 2213 autem,
1763 2151 1946 2215 prorsusque
1957 2132 1991 2207 (ni

504 2234 637 2317 insuper
664 2234 782 2314 itaque,
812 2232 846 2295 in
873 2233 979 2295 ldatris
1013 2232 1147 2313 virginis
1182 2240 1213 2294 ct
1268 2234 1375 2313 lallor)
1395 2233 1543 2314 oportuit,
1566 2232 1694 2315 optima
1715 2232 1803 2294 illam
1829 2228 1993 2313 complexio

464 2333 540 2395 item
569 2351 693 2414 sponsa
721 2331 891 2413 singularis
920 2349 1131 2413 prorumpens
1158 2349 1213 2393 rex
1269 2331 1320 2394 nis
1332 2331 1432 2394 luisse
1451 2330 1603 2408 Puellam,
1620 2328 1993 2408 convenientissimamque

314 2448 449 2503 ,οωιιηιι
464 2430 603 2510 Messias,
618 2429 759 2493 Christus
774 2430 938 2510 Dominus,
955 2429 1210 2492 laudes:Coltam
1270 2429 1411 2493 sortitam
1426 2428 1637 2505 harmoniam,
1654 2428 1747 2509 cujus
1762 2446 1838 2491 caro
1856 2424 1993 2489 Divinitati

463 2529 533 2610 (ait)
549 2538 642 2591 taum
657 2530 741 2589 sicat
757 2530 864 2589 turris
877 2530 1077 2597 eburnea,·et
1091 2527 1210 2589 denuo:
1269 2528 1388 2591 exstitit
1407 2526 1595 2609 copulanda,
1612 2534 1707 2607 atque
1729 2545 1766 2588 ex
1788 2544 1852 2607 qua
1870 2526 1942 2587 Deus
1959 2524 1995 2584 in·

317 2637 375 2681 ΙΜ-
389 2651 418 2689 u.
429 2640 450 2683 t.
463 2631 558 2689 Sicut
587 2629 695 2688 turris
721 2628 831 2690 Dauid
858 2630 976 2686 collam
1007 2635 1113 2695 tuum,
1142 2646 1214 2705 quoe
1270 2626 1392 2689 camari
1407 2624 1503 2706 elegit
1520 2647 1527 2687 :
1544 2624 1696 2705 quoniam
1712 2624 1800 2687 nulla
1825 2633 1934 2686 natura
1950 2622 1995 2683 im·

316 2728 627 2804 rota.v11.s,oedificata
651 2734 698 2785 est
720 2745 794 2785 cum
814 2725 1097 2801 propupnacalis;
1115 2744 1215 2783 nasus
1269 2722 1423 2806 perfectio
1446 2722 1642 2803 congruebat
1666 2722 1720 2784 Dei
1746 2722 1862 2801 Verbo,
1887 2722 1935 2783 sed
1956 2739 1995 2781 su·

318 2799 338 2840 ⁵'
465 2833 543 2885 tuus
570 2825 654 2884 sicut
685 2825 793 2884 turris
818 2824 950 2891 Libani,
981 2842 1053 2900 quaa
1082 2822 1214 2898 respicit
1271 2830 1437 2903 persancte
1452 2819 1730 2901 supermundoque
1748 2820 1839 2900 Filio,
1856 2826 1949 2881 mente
1965 2836 1993 2879 ac

463 2931 578 2982 contra
601 2925 795 2983 Damascum
805 2942 820 2989 ,·
837 2928 934 2996 capot
959 2929 1052 2980 tuum
1076 2928 1113 2979 ut
1137 2922 1215 2980 Car·
1271 2938 1365 2983 carne
1400 2937 1479 3000 pura
1513 2915 1720 2999 perfectaque
1755 2917 1925 2980 debebatur
1952 2935 1994 2996 ge-

464 3023 579 3088 meltis,
594 3028 625 3079 ct
637 3039 734 3079 comoe
753 3020 872 3095 capitis
894 3019 946 3078 tui
963 3020 1047 3077 sicat
1058 3022 1251 3094 purpurat]
1270 3018 1377 3080 ultrix.

330 3118 684 3194 10ar-areqisjuncta
705 3118 1041 3183 canalibus,·statrara
1062 3125 1120 3175 tua
1135 3118 1213 3175 assi·
1308 3117 1470 3192 Praeterea,
1501 3121 1623 3177 certum
1656 3113 1786 3177 omnino
1820 3122 1869 3177 est
1899 3111 1992 3175 Christi

465 3218 582 3276 mitata
597 3224 642 3275 est
656 3219 785 3290 palmae,
801 3224 830 3273 et
853 3216 954 3274 ubera
975 3224 1032 3273 toa
1054 3215 1167 3283 botris,
1184 3224 1214 3273 et
1269 3214 1396 3277 barnem
1411 3212 1954 3289 tenerrimam,convenientissimam
1964 3229 1991 3271 ac

465 3318 546 3374 odor
559 3314 628 3373 oris
644 3314 696 3373 tui
709 3314 793 3372 sicat
807 3311 886 3374 odor
899 3315 1081 3379 maloram·
1093 3321 1214 3386 potiar
1268 3332 1392 3375 summe
1406 3310 1590 3374 naturaliter
1604 3309 1702 3373 luisse
1717 3310 1900 3392 dispositam
1909 3334 1916 3371 :
1925 3310 1992 3371 ideo

464 3423 560 3473 tuum
580 3412 664 3471 sicat
685 3413 797 3471 vinum
820 3411 1144 3487 optimam,dipnum
1165 3414 1214 3470 di·
1268 3430 1329 3493 que
1350 3410 1436 3473 carni
1462 3417 1526 3472 tam
1551 3409 1662 3487 nobili,
1682 3409 1913 3491 proportionale
1934 3426 1993 3471 con·

465 3514 543 3571 tecto
573 3529 640 3569 meo
668 3512 712 3569 ad
735 3511 928 3584 potandam.
954 3507 1093 3570 Tandem
1117 3506 1213 3587 igitur
1268 3526 1445 3591 gruumque
1460 3507 1633 3571 debebatur
1647 3506 1992 3570 alimentumUndevir-

465 3609 504 3671 de
526 3626 649 3690 sponsa
670 3606 820 3689 qualitate
841 3605 1035 3668 concludens
1050 3625 1210 3689 sponsus:
1268 3606 1373 3689 ginala
1385 3604 1575 3667 felicissima
1591 3605 1640 3667 lac
1651 3602 1818 3667 Genitricis
1833 3604 1893 3667 tale
1904 3604 1991 3683 utique

360 3714 449 3758 rama.
466 3710 568 3775 Quam
591 3708 732 3782 pulchra
760 3725 792 3764 es
814 3704 884 3782 (ait)
908 3713 938 3764 et
961 3726 1059 3784 quara
1083 3708 1211 3775 decora,
1268 3705 1338 3783 luit,
1364 3711 1519 3785 quatenus
1547 3702 1678 3783 dignum
1702 3711 1875 3785 aptumque
1896 3701 1992 3764 divina

464 3807 636 3865 carissima
651 3806 688 3864 ia
707 3805 859 3863 deliciis!
872 3802 965 3865 Porro
987 3802 1212 3882 gratitudinem
1267 3803 1351 3866 foret
1373 3801 1478 3865 carnis
1504 3799 1690 3862 alimentum
1719 3822 1726 3861 :
1753 3801 1793 3863 ad
1819 3800 1877 3864 boc
1906 3806 1991 3861 auten

346 3916 451 3961 tata-¹⁰.
465 3902 784 3983 vicissitudinemque
812 3900 872 3963 ista
900 3901 1077 3981 rependens
1109 3924 1115 3961 :
1144 3904 1212 3978 Epo
1267 3902 1388 3983 optima
1407 3898 1587 3962 necessaria
1608 3906 1675 3961 crat
1696 3907 1818 3961 natura
1836 3896 1990 3980 dispositio.

465 4001 593 4082 (inquit)
613 4003 731 4061 dilecto
756 4020 834 4069 meo,
854 4008 884 4059 et
908 4002 952 4059 ad
974 4019 1024 4058 me
1046 4001 1212 4060 conversio
1306 3996 1450 4081 Amplius
1465 4004 1582 4075 autem,
1595 3996 1699 4060 omnis
1714 3996 1743 4059 ei
1758 4005 1827 4059 erat
1841 3994 1993 4078 prestanda

464 4103 546 4178 ejus.
1268 4096 1419 4159 naturalis
1434 4094 1599 4178 perfectio,
1615 4113 1782 4177 perquam
1798 4097 1938 4158 universa
1953 4113 1993 4155 er-

503 4197 594 4261 Nunc
618 4214 693 4277 ergo
717 4195 785 4257 hec
810 4195 857 4258 sic
882 4195 1070 4275 induxerim,
1092 4214 1156 4259 non
1177 4204 1213 4257 ut
1228 4198 1253 4260 D
1268 4195 1345 4257 stitit
1373 4194 1548 4275 reparanda
1571 4203 1603 4257 et
1630 4195 1707 4257 item
1737 4194 1927 4258 melioranda
1951 4208 1993 4250 na·

465 4296 592 4379 plenam
607 4303 702 4377 atque
723 4293 884 4373 subtilem,
902 4294 1100 4375 spiritualem
1122 4294 1212 4355 item·
1267 4303 1348 4356 tura.
1367 4294 1427 4356 Sed
1443 4294 1469 4354 si
1491 4292 1686 4375 preinducta
1707 4292 1765 4355 rite
1780 4293 1911 4356 deducta
1924 4295 2065 4364 suntne

464 4414 527 4475 que
541 4392 686 4457 altiorem
700 4392 971 4455 divinissimorum
986 4392 1100 4454 horum
1122 4392 1213 4453 intel·
1267 4412 1325 4475 per
1358 4391 1487 4455 Mariam
1523 4390 1675 4454 coelorum
1714 4401 1878 4472 reparatur
1908 4388 1991 4460 ruina,

465 4493 627 4576 ligantiam
639 4491 808 4555 verborum
823 4490 946 4571 aperire
959 4490 991 4551 in
1007 4490 1075 4552 istis
1086 4500 1214 4573 putave-
1268 4492 1405 4554 mundus
1425 4490 1604 4568 redimitur,
1622 4490 1747 4572 ipsique
1767 4489 1861 4552 inferi
1881 4482 1994 4551 remedi·

467 4592 527 4655 rim
542 4590 744 4671 (altissimum
759 4590 878 4670 quippe
893 4597 941 4651 est
954 4589 1015 4652 hoc
1037 4590 1210 4670 negotium,
1268 4598 1371 4653 antur.
1382 4590 1416 4651 ln
1431 4588 1629 4652 naturalibus
1641 4608 1716 4671 ergo
1731 4589 1861 4653 omnino
1875 4585 1993 4670 perlecta

467 4699 498 4753 et
518 4689 649 4770 maioris
663 4708 760 4769 egens
780 4686 960 4766 scrutinii),
977 4689 1044 4766 sed,
1059 4689 1213 4769 quemad·
1268 4688 1397 4751 exstitit.
1427 4688 1467 4749 At
1495 4705 1582 4766 vero,
1612 4705 1708 4768 quam
1739 4688 1768 4749 ei
1798 4704 1909 4769 negare
1940 4698 1995 4763 per·

466 4789 596 4852 modum
617 4787 720 4849 lassus
743 4805 824 4865 sum,
844 4785 921 4847 hinc
945 4786 1005 4848 ista
1029 4785 1214 4868 superficia—
1269 4786 1441 4850 lectionem
1462 4786 1562 4863 vales,
1579 4804 1650 4866 quaa
1671 4785 1828 4848 universae
1848 4780 1995 4866 perfectio

466 4887 539 4949 liter
562 4884 747 4967 conscripsi,
772 4891 808 4945 ut
834 4883 1010 4965 prebeatur
1037 4883 1213 4948 affectuoso
1268 4885 1319 4947 nis
1334 4885 1464 4947 Fontem
1481 4884 1628 4965 concepit
1647 4891 1679 4946 et
1698 4884 1817 4947 ediditt
1831 4882 1933 4945 Adhuc
1952 4896 1995 4940 au-

466 4983 589 5061 lectori,
615 4984 727 5045 devote
755 4980 1047 5063 delectabiliterque
1074 4982 1114 5044 de
1142 5002 1214 5044 san·
1269 4990 1344 5060 tem,
1371 4981 1639 5062 quemadmodum
1661 4980 1695 5043 in
1716 4981 1810 5044 donis
1827 4978 1939 5063 gratia,
1958 4974 1995 5035 sie

467 5081 608 5145 ctissime
622 5079 751 5160 Virgine
766 5078 1001 5160 contemplandi
1016 5081 1152 5143 occasio.
1170 5082 1213 5145 De
1269 5099 1398 5164 prorsus
1419 5080 1453 5142 in
1476 5088 1596 5143 naturae
1620 5098 1747 5160 quoque
1769 5074 1995 5161 perfectionibus

466 5177 666 5261 quantique,
682 5196 741 5239 nec
764 5176 857 5258 pleno
879 5195 939 5238 nec
959 5176 1055 5258 digne
1076 5176 1135 5239 lari
1158 5198 1213 5241 seu
1269 5176 1432 5239 simillima
1451 5175 1532 5238 Filio
1554 5193 1612 5238 suo
1633 5183 1700 5238 erat
1721 5175 1824 5237 llaria.
1841 5174 1888 5236 llli
1907 5177 1995 5233 autem

469 5277 608 5342 scribere
624 5275 674 5340 vel
688 5274 896 5357 contemplari
910 5276 1053 5338 valemus
1071 5299 1078 5337 :
1095 5275 1213 5360 quippe
1270 5284 1390 5342 nature
1418 5275 1508 5339 nulla
1533 5276 1636 5340 deluit
1664 5276 1814 5340 nobilitas
1838 5281 1891 5339 aut
1910 5268 1996 5355 perle
