4309 6259
496 514 536 562 nn
557 514 656 563 sacua
676 513 874 564 consumas
893 514 1148 573 snnousumum.
1171 534 1210 545 -
1231 517 1301 564 mr.
1325 517 1367 563 vu
1645 496 1701 560 ttf

163 688 289 760 propter
309 680 530 763 indignitatem
552 691 607 747 aut
628 683 904 767 indispositionem
918 686 944 747 Α
959 694 1037 765 tum,
1053 686 1128 767 quia
1150 685 1289 749 incertus
1308 693 1357 749 est
1379 704 1419 747 an
1444 690 1545 747 exstet
1569 684 1601 745 in
1627 681 1707 746 cari-

162 777 313 857 ipsarum,
325 779 377 842 rel
392 788 428 842 ut
442 781 570 843 interim
585 781 712 863 plenius
727 802 906 865 preparen-
960 791 1033 845 tate.

161 881 213 935 tur
225 874 263 937 ad
278 875 414 957 illud‚ac
428 879 623 943 fructuosius
636 889 732 961 atque
746 880 905 942 salubrius
999 881 1161 961 Preterea,
1177 901 1271 945 nemo
1289 881 1384 944 debet
1408 881 1447 943 ad
1472 888 1706 943 sacramentum

162 992 218 1035 suo
242 981 384 1055 tempore
411 977 472 1039 hoc
501 978 607 1059 ipsum
631 978 818 1060 suscipiant,
844 979 905 1041 hoc
960 979 1044 1041 istud
1060 980 1231 1061 procedere
1246 980 1316 1041 sine
1334 978 1480 1060 diligenti
1502 977 1707 1041 examinatio

161 1089 219 1133 nec
242 1069 320 1153 ipse
338 1092 397 1137 nec
416 1074 485 1137 alie
503 1075 622 1137 debent
639 1075 723 1139 male
747 1076 903 1158 accipere,
959 1095 1001 1139 ne
1015 1076 1219 1140 conscientie
1234 1095 1308 1139 sue.
1326 1075 1446 1139 ldcirco
1467 1074 1616 1157 religiosa
1637 1093 1708 1157 per-

160 1188 218 1231 nec
234 1178 352 1234 temere
366 1172 521 1253 judicare,
538 1192 642 1255 neque
657 1174 856 1256 interpretari
872 1175 906 1237 in
960 1193 1039 1237 sona
1056 1174 1096 1237 de
1117 1174 1178 1238 hoc
1200 1172 1429 1237 conscientiam
1450 1192 1539 1235 suam
1562 1172 1708 1254 speciali-

161 1266 263 1349 pejus‚
289 1270 344 1331 sed
368 1269 402 1332 in
427 1271 522 1334 ovina
544 1271 749 1353 simplicitate
777 1274 837 1336 sub
859 1273 907 1336 di·
961 1280 1009 1335 ter
1029 1272 1188 1336 discutere
1207 1272 1312 1352 dehet,
1328 1291 1368 1334 an
1390 1271 1431 1334 sit
1445 1290 1519 1335 vere
1541 1270 1705 1351 obediens,

97 1394 125 1424 ,ι
161 1364 300 1430 rectione
330 1368 529 1450 presidentis
556 1370 717 1433 deservire
744 1370 906 1435 Altissimo
960 1379 992 1434 et
1005 1390 1043 1433 ex
1057 1378 1123 1434 toto
1138 1370 1233 1434 corde
1247 1371 1286 1433 ad
1301 1370 1515 1434 obediendum
1534 1377 1653 1451 parata,
1669 1387 1707 1432 ac

56 1474 62 1487 ·
162 1482 233 1526 cum
254 1466 433 1530 reverentia
454 1474 485 1530 et
507 1468 633 1531 timore.
961 1470 1010 1532 sui
1039 1468 1211 1551 superioris
1245 1476 1277 1531 et
1304 1466 1495 1533 confessoris
1523 1486 1562 1531 ac
1589 1467 1708 1549 judicis

197 1561 361 1644 Praeterea,
382 1564 465 1627 sicut
484 1567 665 1630 communis
686 1574 773 1629 tenet
790 1566 906 1631 doctri·
958 1567 1116 1650 judicium
1131 1566 1259 1650 proprio
1276 1566 1399 1648 judicio
1420 1565 1604 1649 preferens.
1620 1566 1707 1642 Quod

158 1680 209 1738 na,
225 1661 361 1725 virtutes
376 1671 450 1725 sunt
464 1666 608 1746 quedam
622 1664 808 1728 medietates
823 1665 906 1727 inter
960 1667 986 1729 si
1002 1686 1036 1729 se
1051 1685 1115 1729 non
1130 1666 1289 1729 invenerit
1303 1664 1411 1743 talem,
1427 1684 1465 1727 eo
1484 1665 1555 1747 ipso
1577 1665 1709 1747 indigna

157 1759 233 1821 vitia
251 1768 416 1824 extrema:
433 1762 701 1843 quemadmodum
722 1782 794 1845 spes
819 1771 906 1825 tenet
960 1772 1008 1827 est
1022 1773 1053 1827 et
1068 1764 1231 1844 indignam
1247 1782 1280 1826 se
1297 1771 1442 1845 reputare
1457 1763 1552 1825 debet
1565 1762 1627 1825 hoc
1646 1781 1709 1826 coe·

156 1858 297 1921 medium
313 1859 396 1923 inter
410 1860 542 1924 nimiam
563 1861 843 1944 presumptionem
865 1863 905 1925 de
919 1861 942 1923 B
960 1863 1031 1927 lasti
1047 1863 1154 1926 edulio
1169 1861 1528 1943 supersubstantialique
1544 1880 1636 1943 pane,
1649 1880 1708 1924 nec

156 1955 376 2021 misericordia
400 1959 467 2037 Ilei,
488 1968 521 2022 et
543 1960 628 2023 inter
651 1960 905 2042 desperationem
960 1962 1030 2025 sine
1058 1961 1252 2025 confessoris
1281 1960 1329 2022 sui
1359 1959 1493 2024 consilio
1521 1960 1561 2022 ad
1591 1959 1707 2021 summi

156 2074 193 2117 ar
206 2055 308 2120 nimio
323 2065 356 2119 et
369 2056 577 2123 immoderato
599 2058 713 2123 timore
732 2060 772 2121 de
787 2059 905 2122 divine
960 2060 1053 2141 Regis
1074 2079 1219 2123 mansam
1241 2058 1404 2122 accedere.

157 2152 257 2233 rigore
276 2154 422 2235 justitie.
438 2156 651 2221 conformiter
669 2157 784 2220 Christi
810 2157 905 2220 mini-

156 2252 210 2313 stri
224 2272 261 2315 ac
276 2253 436 2334 religiose
450 2274 594 2338 persone
609 2256 696 2320 circa
709 2255 905 2320 desiderium
999 2254 1083 2336 llaec,
1107 2252 1299 2317 venerabilis
1323 2260 1355 2315 et
1379 2250 1585 2316 devotissime
1606 2250 1706 2327 Pater,

157 2359 186 2412 et
207 2352 443 2435 susceptionem
469 2373 567 2417 sacre
590 2353 826 2418 communionis
850 2355 907 2417 ha·
960 2370 1017 2435 pro
1038 2352 1185 2435 presenti
1205 2359 1378 2415 occurrunt
1403 2350 1487 2413 circa
1513 2350 1709 2433 propositam

157 2447 229 2511 bere
258 2469 292 2512 se
321 2451 439 2514 debent
467 2452 573 2516 medio
601 2453 707 2530 modo,
734 2452 778 2515 ita
806 2461 841 2515 ut
868 2471 907 2515 ex
960 2449 1179 2533 questionem.
1215 2449 1439 2517 Verumtamen
1473 2449 1513 2511 da
1548 2448 1606 2511 hac
1640 2449 1709 2530 ipsa

158 2546 411 2612 consideratione
439 2551 640 2633 propriarum
674 2550 842 2632 culparum
875 2559 907 2613 et
960 2547 1094 2611 materia
1116 2547 1182 2628 jam
1207 2547 1380 2611 scriberem
1403 2547 1506 2629 plura,
1532 2546 1708 2629 presertim

157 2644 435 2711 defectuositatum
449 2647 623 2711 formident
636 2648 844 2729 acciperem
858 2648 906 2712 in·
960 2647 1000 2709 de
1015 2645 1204 2710 sacramenti
1217 2645 1315 2727 hujus
1330 2644 1540 2721 institutione,
1554 2642 1708 2724 dignitate

158 2744 320 2825 spectione
340 2764 416 2809 vero
436 2746 664 2811 misericordie
687 2747 755 2828 Dei,
771 2755 804 2810 et
825 2746 906 2810 cari·
961 2753 992 2808 et
1025 2742 1186 2822 efficacia,
1215 2751 1310 2825 atque
1344 2743 1383 2805 de
1412 2742 1641 2824 preparatione
1668 2742 1710 2803 ad

157 2843 227 2905 tatis
240 2843 358 2907 Christi
373 2844 668 2926 beneficiommque
682 2845 764 2927 ejus,
780 2846 820 2908 ad
835 2865 906 2908 san-
961 2842 1079 2925 ipsum,
1095 2849 1126 2905 et
1140 2841 1179 2904 da
1194 2840 1264 2922 ejus
1280 2838 1460 2917 effectibus,
1477 2846 1571 2920 atque
1585 2838 1624 2901 de
1646 2838 1709 2901 fre-

158 2948 238 3003 ctam
260 2941 446 3006 alliciantur
467 2944 739 3007 communionem.
960 2939 1091 3021 quentia
1105 2937 1287 3002 celebrandi
1306 2944 1338 3000 et
1357 2936 1626 3016 communicandi,
1643 2935 1706 2997 nisi

195 3038 328 3120 Rursus,
341 3059 438 3123 quum
453 3040 631 3104 mortaliter
644 3050 756 3124 peccet
770 3042 824 3123 qui
841 3060 906 3105 non
923 3040 945 3103 C
961 3047 1034 3101 ante
1048 3037 1169 3120 aliquot
1182 3054 1283 3099 annos
1304 3036 1344 3098 de
1365 3034 1416 3097 his
1437 3035 1476 3097 ad
1497 3034 1707 3115 quorumdam

158 3136 311 3199 exsistens
326 3136 360 3199 in
377 3139 506 3201 caritate
521 3147 553 3202 et
567 3140 669 3221 gratia
687 3139 743 3202 Dei
764 3158 906 3203 commu·
961 3134 1145 3198 instantiam
1179 3134 1370 3216 opusculum
1402 3133 1477 3196 inde
1515 3133 1664 3195 fecissem
1681 3133 1706 3213 ¹,

42 3247 145 3300 saeua.
158 3234 261 3314 nicat3
277 3243 311 3299 et
332 3235 481 3300 Salomon
506 3245 707 3319 protestetur,
724 3238 804 3300 Sunt
825 3237 904 3319 justi
960 3234 1044 3315 quod
1072 3232 1168 3295 simul
1203 3252 1275 3295 cum
1311 3232 1372 3295 isto
1407 3228 1574 3294 tra'ctatulo
1604 3230 1705 3310 mitto,

158 3340 188 3394 et
200 3334 375 3414 sapientes,
391 3342 422 3397 et
435 3352 531 3416 opera
546 3354 656 3399 eorum
677 3336 711 3397 in
730 3353 827 3398 manu
849 3335 904 3398 Dei
960 3331 1223 3396 recommendans
1238 3350 1289 3393 me
1304 3329 1501 3394 orationibus
1520 3338 1632 3392 vestre
1654 3327 1710 3392 Pa-

158 3438 239 3511 sunt,
256 3439 288 3494 et
306 3440 415 3495 emen
430 3432 533 3496 nescit
552 3433 649 3497 homo
670 3442 776 3496 utrum
797 3452 905 3497 amore
959 3430 1118 3493 temitatis
1137 3437 1169 3492 et
1187 3430 1331 3493 omnium
1351 3427 1467 3510 quibus
1491 3428 1642 3510 preestis.
1660 3428 1707 3492 Ad

157 3545 196 3588 an
218 3528 292 3591 odio
317 3528 435 3611 dignus
458 3530 528 3593 sit:
555 3538 679 3594 constat
702 3531 787 3614 quod
809 3531 906 3594 homo
959 3528 1087 3591 laudem
1110 3537 1141 3591 et
1166 3526 1298 3610 gloriam
1318 3526 1561 3607 Omnipotentis,
1582 3525 1638 3607 qui
1660 3533 1708 3587 est

158 3642 230 3689 vere
252 3626 465 3708 illuminatus,
482 3647 547 3693 non
568 3628 638 3693 sine
656 3629 768 3711 grandi
788 3648 906 3711 pavore
960 3646 1056 3710 super
1090 3626 1198 3690 omnia
1231 3626 1312 3688 Deus
1346 3622 1489 3687 sublimis
1517 3630 1549 3686 et
1579 3622 1707 3686 benedi-

158 3724 244 3805 cupit
269 3733 337 3787 tam
366 3744 526 3789 summum
554 3726 699 3810 accipere
728 3746 907 3791 sacramen·
961 3734 1041 3789 ctus.
1057 3726 1171 3787 Amen.

201 3913 211 3953 t
228 3911 369 3963 Videlicet
383 3915 535 3965 tractatum
550 3913 584 3965 de
600 3914 783 3967 Sacramamo
800 3913 898 3966 altaris
912 3912 1044 3979 superius
1058 3911 1175 3973 aditum,
1190 3924 1255 3977 pag.
1268 3910 1324 3961 383.

338 4466 433 4519 FlNlS
464 4468 686 4523 amoturum
722 4467 769 4521 DE
803 4469 918 4521 SAGRA
952 4468 1187 4524 COMMUNIONE
1222 4466 1518 4532 uuuoumnanna.
