4309 6259
332 1946 471 2003 Sapunto.

338 2332 421 2376 loono.
442 2345 471 2383 rr,

339 2398 413 2440 tto-so.

383 3900 456 3944 and.

330 3974 389 4012 xxix.
400 3966 469 4015 Μῦς

330 4026 471 4077 Nummus,

487 463 548 528 41ss
633 480 673 527 llll
694 476 897 527 submisere
917 478 1047 524 AL'l'AlllS
1069 476 1107 523 ΕΤ
1127 476 1225 522 1leAE
1246 473 1473 523 Gllbllblld'l'loll!
1494 478 1653 527 olutocus.
1676 498 1717 509 -
1737 480 1807 527 All'l'.
1829 484 1889 530 ml

486 660 556 715 stus
569 648 723 715 Dominus
739 648 920 713 continetur
937 656 1089 729 tanquam
1110 646 1144 709 in
1166 644 1275 709 locoll
1294 655 1400 711 mento
1422 648 1579 712 credenda
1600 650 1694 713 tradit
1708 650 1868 731 Ecclesia,
1884 673 1950 717 cum
1969 676 2013 737 spe

489 749 735 813 mirabilissimae
750 747 936 823 mansionis,
953 745 1016 808 imo
1032 754 1063 808 et
1076 744 1238 827 gloriosis-

488 849 578 911 sime
591 846 807 923 habitationis,
824 852 855 908 et
870 844 953 907 sicut
971 844 1005 904 in
1025 842 1097 905 aula
1118 842 1236 905 duleis-

487 946 576 1009 simae
600 944 794 1022 relectionis,
810 951 842 1006 et
863 950 1012 1023 tanquam
1036 941 1069 1002 in
1095 940 1173 1003 atrio
1198 958 1234 1001 ac

488 1042 639 1126 mysterio
653 1040 825 1123 spiritualis
841 1037 1042 1102 mactationis
1056 1043 1088 1099 et
1107 1036 1237 1100 oblatio·

487 1141 549 1220 nis,
566 1150 598 1203 et
612 1139 699 1203 velut
720 1139 754 1201 in
776 1157 858 1200 nexu
879 1136 1082 1199 amicissimae
1102 1134 1236 1215 conjun-

487 1238 603 1303 ctionis
625 1237 679 1300 Dei
703 1246 734 1299 et
754 1235 906 1300 hominis.

526 1338 561 1399 ln
583 1337 644 1400 boc
664 1335 782 1398 etenim
802 1340 998 1396 sacramento
1023 1330 1165 1394 Christus
1190 1338 1235 1393 to·

487 1444 550 1513 tus,
567 1453 662 1498 verus
677 1434 759 1495 lleus
774 1440 805 1494 et
821 1432 915 1494 bomo
935 1428 1109 1511 perlectus,
1126 1427 1235 1489 certis-

486 1534 567 1597 sime
582 1532 773 1608 continetur,
791 1528 1004 1592 infallibiliter
1018 1526 1190 1605 iuvenitur,
1204 1533 1236 1587 ct

488 1628 826 1713 incomprehensibilia
846 1627 983 1709 plurima
1004 1633 1163 1707 operatur.
1181 1623 1236 1686 Est

486 1732 561 1793 item
577 1729 697 1793 ibidem
713 1728 796 1790 sicut
811 1727 843 1787 in
859 1725 931 1788 aule
945 1724 1140 1786 dulcissimae
1155 1721 1236 1785 refe

1291 744 1413 827 ingenti
1438 747 1638 810 liberalitatis
1667 750 1793 827 divinae,
1820 760 1925 833 utputa
1945 756 2012 834 quod

1291 842 1383 920 Deus,
1400 844 1454 925 qui
1471 844 1514 907 ita
1531 845 1620 908 vobis
1635 865 1669 907 sc
1685 846 1790 928 ipsum
1811 848 1925 927 tribuit,
1940 870 2011 932 para-

1292 938 1431 1003 tissimus
1456 950 1504 1003 est
1528 942 1674 1006 conlerre
1697 943 1790 1007 vobis
1817 946 1945 1027 gratiosa
1968 969 2011 1011 sua

1291 1037 1418 1117 auxilia,
1435 1047 1466 1101 et
1480 1039 1646 1103 universos
1661 1041 1740 1103 tanti
1756 1044 1939 1106 sacramenti
1953 1045 2011 1107 elle
2095 1049 2096 1065 ¹

1291 1142 1360 1196 ctus
1388 1154 1425 1198 ac
1453 1136 1587 1217 gloriam
1615 1138 1789 1221 copiosam.
1814 1140 1930 1205 Idcirco
1954 1163 2009 1205 cum
2095 1124 2096 1141 ¹

1290 1233 1401 1313 grandi
1417 1233 1537 1297 liducia
1559 1243 1591 1297 et
1610 1236 1805 1317 gratitudine
1827 1240 2008 1321 precordiali,
2095 1242 2096 1291 1

1290 1332 1469 1394 cumomni
1492 1333 1672 1396 humilitate
1693 1343 1787 1416 atqua
1809 1336 1950 1401 instantia
1968 1358 2009 1420 pro

1290 1429 1414 1491 cunctis
1436 1430 1514 1492 tanti
1537 1432 1726 1494 sacramenti
1751 1432 1919 1497 ellectibus
1938 1436 2010 1498 Altis

1290 1525 1405 1589 simum
1429 1527 1656 1610 deprecemini.
1678 1530 1872 1595 Sumendum
1891 1543 1936 1595 est
1953 1535 2009 1596 itan

1289 1624 1350 1687 boc
1375 1635 1607 1689 sacramentum
1632 1646 1705 1691 cum
1731 1629 1861 1693 caritate
1885 1629 2008 1709 ferventi,

1289 1742 1362 1786 cum
1384 1743 1492 1787 amore
1513 1724 1755 1803 fraternorum
1778 1730 1934 1793 excessivo
1950 1730 2010 1791 alle

486 1829 613 1906 ctionis,
643 1827 719 1908 quia
748 1826 782 1887 in
809 1826 871 1888 boc
900 1831 1110 1899 sacramento,
1140 1824 1354 1899 omneBctu,
1381 1841 1452 1885 cum
1482 1822 1632 1886 aviditate
1656 1824 1791 1903 interna,
1818 1846 1891 1889 cum
1917 1836 2009 1891 sancta

487 1926 652 2010 spirituale
666 1925 933 1987 delectamentum
948 1929 980 1983 et
993 1920 1098 1983 omnis
1113 1918 1234 2000 saporis

486 2025 624 2089 suavitas
638 2044 657 2087 a
671 2024 767 2104 digne
782 2020 943 2103 dispositis
958 2020 1175 2101 degustantur.
1187 2016 1234 2079 Ad

486 2122 670 2204 hujusmodi
700 2119 885 2183 convivium
912 2116 1154 2180 liberalissimus
1179 2116 1236 2177 bo-

486 2242 559 2303 spcs
587 2220 731 2284 Christus
759 2218 925 2280 universos
955 2216 1081 2296 inritat,
1110 2215 1175 2276 imo
1204 2221 1235 2277 et

486 2320 637 2383 accedere
651 2318 761 2398 jubet3
778 2335 842 2379 non
857 2314 1083 2378 accedentibus
1103 2312 1234 2376 commi-

486 2425 591 2496 natur,
607 2417 703 2497 digne
718 2412 919 2477 venientibus
934 2410 1165 2493 pretiosissima
1180 2411 1235 2473 do-

486 2536 528 2578 na
541 2515 650 2597 gratia
665 2533 701 2577 ac
716 2512 825 2595 gloriae
840 2511 1009 2593 pollicetur
1023 2518 1054 2572 et
1068 2508 1232 2588 elargitum

486 2614 531 2677 ibi
549 2634 582 2676 se
597 2613 703 2695 ipsum
719 2611 839 2694 praebet
859 2610 892 2672 in
914 2608 1033 2685 cibum,
1050 2608 1084 2668 in
1105 2607 1233 2689 signum

485 2712 603 2775 amoris
618 2710 808 2792 plenissimi,
824 2726 861 2771 ac
877 2705 974 2769 futuri
998 2705 1137 2768 coelestis
1159 2724 1234 2768 con-

485 2810 575 2889 vivii,
593 2810 626 2871 in
643 2827 706 2891 quo
721 2807 873 2871 beatilica
888 2825 952 2868 sue
973 2804 1101 2867 deitatis
1122 2801 1232 2867 lruitio

485 2910 545 2972 erit
570 2908 681 2971 ultima
701 2915 733 2970 et
751 2915 869 2969 aeterna
889 2902 1028 2967 relectio
1045 2902 1080 2963 ln
1100 2902 1160 2965 hoc
1180 2902 1234 2965 dc-

1289 1920 1469 1983 dilectionis
1485 1920 1739 1987 inflammatione
1760 1933 1854 2006 atque
1876 1926 2007 2009 proiectu.

1289 2015 1517 2098 decipiendum
1532 2026 1580 2080 est
1594 2036 1720 2100 quoque
1736 2039 1809 2083 cum
1823 2040 1926 2084 amara
1944 2040 2010 2083 con·

1290 2114 1462 2195 punctione
1487 2134 1525 2176 en
1550 2116 1719 2181 dominicae
1747 2118 1903 2200 passionis
1928 2119 2011 2181 consi·

1290 2212 1464 2291 deratione,
1486 2214 1748 2297 propriarumquc
1774 2217 1932 2298 culparum
1953 2236 2011 2280 con-

1291 2310 1510 2388 tritionc,cum
1526 2312 1719 2375 indesinenti
1734 2322 1767 2375 ct
1781 2314 1914 2378 maxima
1927 2314 2009 2377 cordis
2096 2380 2097 2397 χ

1289 2410 1444 2487 custodia,
1461 2428 1498 2472 ac
1513 2411 1669 2493 spirituali
1686 2412 1904 2493 degustatione
1923 2412 2010 2475 deliri·

1289 2527 1378 2569 arum
1394 2508 1582 2571 sacramenti
1597 2509 1702 2588 istius,
1721 2528 1801 2591 quas
1821 2511 2010 2575 indubitanter

1288 2606 1467 2687 experietur
1481 2606 1608 2689 copiose
1621 2608 1817 2690 quicumque
1830 2610 1917 2691 juata
1934 2610 2010 2673 docu-

1288 2712 1396 2766 menta
1419 2704 1602 2786 praehabita,
1624 2706 1664 2768 ad
1688 2726 1811 2770 sacram
1834 2726 1870 2771 se
1894 2726 2009 2771 commu-

1288 2820 1415 2865 monem
1439 2803 1608 2883 paraverit.

1328 2900 1469 2981 Denique
1491 2902 1530 2964 ad
1549 2902 1722 2984 praebabita
1746 2904 1935 2968 reducuntur
1954 2922 2008 2985 qua

487 3028 574 3069 mum
601 3014 799 3069 sacramento
824 3012 975 3084 tanquam
999 3001 1033 3062 in
1064 2999 1144 3063 atrio
1175 3000 1233 3062 im·
1252 2998 1417 3079 liquidam
1445 3000 1484 3061 de
1514 3010 1712 3065 sacramento
1735 3002 1797 3066 boc
1821 3004 1927 3067 devote
1951 3020 2009 3064 con·

486 3104 678 3182 molationis,
701 3102 842 3166 Christus
866 3100 1007 3181 quotidie
1032 3098 1233 3162 sacrificatur

487 3212 636 3283 tanquam
652 3199 941 3283 acceptabilissima
961 3197 1066 3261 hostia
1086 3216 1159 3259 vere
1179 3216 1233 3279 pa-

485 3300 591 3381 cifica,
608 3320 627 3362 a
646 3318 724 3382 pace
748 3298 886 3381 pectoris
910 3297 948 3359 ad
972 3314 1084 3377 pacem
1109 3294 1233 3357 aeterni-

485 3398 559 3461 tatis
586 3398 786 3481 perducens;
811 3396 1031 3459 holocaustum
1057 3393 1130 3474 igne
1155 3393 1233 3455 cari-

485 3497 558 3558 tatis
574 3493 713 3558 totaliter
726 3491 972 3569 inflammatum,
987 3509 1051 3571 quo
1073 3510 1107 3552 se
1128 3508 1234 3573 prom-

485 3593 629 3677 ptissime
653 3592 770 3655 obtulit
797 3591 861 3653 Deo
888 3589 970 3651 Patri
999 3587 1032 3649 in
1060 3588 1147 3650 omni
1177 3607 1233 3650 sua

486 3692 741 3769 conversatione,
756 3689 857 3752 Patris
881 3706 1007 3769 semper
1030 3704 1174 3767 querens
1196 3706 1232 3749 ac

485 3810 661 3874 procurans
680 3790 857 3864 honorem3
873 3805 910 3849 ac
935 3785 1066 3849 victima
1085 3803 1142 3865 pro
1161 3803 1235 3867 pec-

485 3899 568 3965 cato,
594 3889 758 3970 designata
782 3905 839 3969 per
866 3885 942 3967 juga
971 3882 1177 3963 sacrificium,
1203 3892 1234 3946 et

485 4007 604 4070 agnum
623 3986 679 4067 qui
696 3983 838 4066 quotidie
862 4001 955 4045 mane
981 3981 1176 4044 oflerebatur
1196 4001 1233 4045 ac

1288 3096 1442 3177 scribunt,
1459 3097 1602 3162 dicentes
1616 3100 1701 3179 quod
1722 3100 1807 3163 sicut
1826 3104 1866 3165 ad
1885 3102 2008 3165 thronum

1287 3194 1465 3259 Salomonis
1485 3216 1539 3259 sax
1558 3197 1709 3278 gradibus
1733 3201 1962 3275 ascendebatur,
1974 3198 2094 3261 iustruit

1287 3294 1326 3356 ad
1342 3293 1617 3376 participationem
1633 3296 1829 3360 Sacramenti
1851 3298 1949 3361 altaris
1967 3276 2040 3357 sex¹’'

1287 3392 1547 3474 praeparamentis
1560 3393 1718 3475 gradatim
1732 3395 1892 3459 distinctis
1906 3414 1938 3458 ac
1956 3412 2009 3455 sur·

1288 3508 1358 3551 sum
1373 3490 1574 3569 ducentibus,
1591 3490 1632 3553 sit
1645 3492 1893 3573 procedendum.
1908 3492 2008 3554 Primus

1288 3588 1403 3669 gradus
1428 3596 1476 3649 cst
1494 3587 1675 3671 fidesque
1697 3590 1730 3652 in
1750 3591 1812 3654 hoc
1837 3598 2009 3655 sacramento

1289 3692 1375 3750 tanto
1403 3685 1475 3767 plus
1502 3680 1682 3750 necessaria
1710 3696 1822 3769 exstat,
1853 3696 1960 3772 quanto
1981 3704 2009 3748 ca
2097 3720 2098 3735 κ

1287 3801 1358 3863 quae
1372 3783 1411 3845 de
1425 3784 1486 3846 hoc
1501 3794 1699 3850 sacramento
1713 3788 1889 3865 traduntur,
1903 3803 2007 3850 omnen

1289 3900 1429 3959 sensum,
1460 3882 1615 3946 rationem
1643 3893 1676 3947 et
1703 3884 1898 3951 intellectum
1928 3882 2009 3963 magis

1290 3980 1526 4043 transcendunt.
1544 3979 1607 4044 Nec
1622 3982 1751 4063 expedit
1768 3982 1802 4045 in
1818 3980 1879 4048 bac
1897 4002 1928 4046 re
1945 3978 2010 4044 curi-

331 4092 435 4143 ma·
485 4104 628 4168 vespera.
655 4085 788 4165 lnsuper
814 4081 956 4144 Christus
979 4080 1012 4142 in
1036 4087 1234 4142 sacramento
1288 4097 1342 4142 ose
1368 4079 1501 4143 scrutari
1525 4087 1580 4143 aut
1607 4098 1733 4145 morose
1762 4082 1870 4146 rimari
1898 4079 2010 4163 qualiter

486 4184 547 4247 isto
562 4181 707 4246 censistit
721 4188 871 4261 tanquam
886 4178 920 4240 in
935 4198 1018 4241 nexu
1033 4177 1234 4240 amicissimae
1250 4174 1273 4234 D
1289 4176 1430 4239 Christus
1446 4177 1479 4239 in
1493 4178 1554 4241 hoc
1570 4188 1769 4242 sacramento
1785 4180 1885 4263 pessit
1898 4180 1939 4243 sic
1952 4194 2011 4239 con-

486 4278 736 4363 conjunctionis.
752 4277 864 4341 Omnia
888 4295 1025 4357 namque
1047 4294 1116 4357 quae
1138 4274 1234 4355 hujus

485 4389 561 4443 sunt
584 4376 787 4456 sacramenti,
810 4375 974 4439 caritatem
996 4374 1186 4453 accendunt,
1203 4381 1234 4435 et

485 4476 590 4560 ipsum
606 4496 644 4539 ex
658 4493 782 4537 summa
797 4471 928 4536 caritate
947 4470 1038 4535 vobis
1057 4470 1234 4533 communi-

487 4585 586 4641 catur.
604 4574 649 4637 lbi
674 4574 744 4655 ejus
768 4569 928 4635 beneficia
952 4570 1145 4648 recoluntur,
1162 4568 1232 4649 ejus

486 4673 644 4759 promissa
658 4676 958 4747 commemorantur,
975 4686 1065 4731 amor
1077 4666 1178 4749 ipsius
1193 4668 1232 4729 ad

480 4792 542 4846 ,vos
564 4778 595 4834 et
614 4769 720 4853 passio
739 4768 809 4850 ejus
833 4786 890 4850 pro
914 4766 1005 4830 vobis
1028 4765 1233 4829 devotissime

486 4868 759 4935 commendantur.

526 4966 667 5047 [lenique
692 4965 864 5027 sumendus
887 4970 937 5027 est
960 4960 1050 5024 cibus
1074 4960 1135 5024 iste
1158 4980 1232 5023 cum

485 5064 617 5150 speciali
633 5063 727 5125 trium
743 5062 896 5123 virtutum
916 5060 1164 5141 theologicarum
1187 5060 1233 5122 vi-

484 5182 572 5246 gore,
593 5162 654 5225 boc
678 5168 726 5223 est
752 5182 758 5221 :
785 5178 858 5222 cum
883 5158 949 5220 lida
974 5166 1059 5220 certa
1086 5166 1118 5220 et
1147 5158 1233 5221 clara

484 5260 630 5329 omnium
658 5278 728 5341 quaa
755 5259 795 5321 da
821 5258 882 5321 boe
910 5255 1100 5339 dignissimo
1128 5276 1232 5321 sacra-

1290 4274 1383 4337 tineri
1399 4282 1434 4337 ut
1447 4276 1542 4338 tradit
1556 4275 1713 4356 Ecclesia3
1730 4278 1785 4341 sed
1801 4287 1904 4342 mente
1918 4278 1947 4339 in
1959 4274 2010 4337 lrdc

1289 4383 1405 4437 sanctae
1419 4374 1570 4438 Ecclesiae
1583 4375 1722 4439 firmiter
1736 4378 1876 4441 stabilita
1888 4397 1923 4441 eu
1936 4373 2010 4439 ratio

1289 4471 1383 4534 nibus
1398 4474 1626 4537 credendorum
1646 4482 1677 4537 et
1699 4474 1928 4539 illuminatione
1946 4470 2011 4535 diri-

1288 4590 1341 4649 na,
1366 4579 1459 4652 atque
1485 4571 1663 4635 certissime
1690 4574 1919 4657 prasupposito
1943 4568 2009 4653 quod

1287 4669 1483 4750 omniaque
1503 4671 1543 4733 de
1564 4670 1625 4733 hoc
1647 4681 1845 4738 sacramento
1865 4674 1950 4736 docet
1966 4668 2011 4731 Ec·

1288 4768 1396 4847 clesie,
1413 4788 1487 4831 vera
1511 4768 1585 4846 sint,
1601 4769 1724 4831 debetis
1749 4771 1947 4834 vehementer
1966 4764 2010 4828 mi-

1287 4864 1362 4943 rari,
1389 4865 1619 4947 sapientialitcr
1643 4869 1863 4951 contemplari,
1888 4880 2009 4932 amorosa

1287 4964 1448 5045 amplecti,
1465 4964 1601 5046 totisque
1621 4963 1740 5029 viribus
1763 4986 1837 5030 cum
1858 4966 1939 5032 omni
1955 4980 2010 5043 gra

1287 5060 1401 5123 tiarum
1416 5063 1541 5126 actione
1555 5062 1699 5126 venerari
1716 5073 1779 5127 tam
1796 5062 2010 5147 incompreban

1287 5159 1411 5222 sibilem
1436 5159 1620 5240 bonitatem,
1645 5163 1821 5245 caritatem,
1842 5161 2009 5227 munificen-

1285 5258 1374 5339 tiam,
1401 5256 1663 5341 misericordiam,
1689 5263 1917 5346 providentiam
1939 5259 2009 5325 circa
