4309 6259
662 514 820 563 rxrosrrm
839 514 947 562 unsar.
968 532 1010 544 -
1029 515 1100 561 aar.
1123 516 1176 562 xri
1639 502 1699 566 349

168 689 226 765 llei,
241 688 270 750 id
290 693 336 750 θεῖ
355 704 503 766 magnam
525 684 595 767 ejus
617 691 816 766 potestatem,
832 684 936 748 col-d
991 684 1068 748 Cum
1083 685 1134 747 his
1148 704 1224 768 ergo
1246 686 1346 750 beatis
1368 686 1533 769 spiritibus
1545 691 1697 765 depreca-

168 786 558 853 laudant.l)aminationes,
572 783 603 845 id
619 792 667 845 est
681 783 817 865 angelici
833 782 897 864 spi·
950 802 1028 842 mar
1056 782 1183 845 laudem
1211 793 1351 847 nostram
1381 793 1413 847 θῖ
1439 803 1566 866 precem
1595 782 1697 847 audiri

168 887 238 947 ritus
254 883 305 965 qui
323 890 397 945 sunt
411 881 506 964 primi
522 881 556 942 in
578 882 683 943 media
704 881 894 959 hierarchia,
951 899 970 940 a
990 880 1053 943 lieo
1074 900 1111 942 ac
1134 882 1266 963 suscipi,
1281 884 1423 959 supplici
1441 886 1649 959 consessione,
1666 881 1698 944 id

167 983 348 1063 majestatem
370 980 446 1042 item
466 979 567 1041 Patris
580 982 734 1039 adorant.
752 982 896 1041 Potesta-
951 985 997 1039 est
1024 996 1089 1041 non
1114 988 1364 1061 praesumptuosa
1390 980 1444 1043 sed
1468 980 1582 1042 humili
1607 1000 1697 1058 voce,

167 1091 207 1140 tes
222 1097 350 1161 quoque,
367 1078 399 1139 id
420 1085 468 1139 est
489 1076 594 1157 angeli
616 1076 671 1157 qni
694 1084 768 1137 sunt
788 1075 895 1137 infimi
951 1077 1095 1136 dicentes
1110 1098 1122 1136 .·
1137 1076 1280 1155 Sanctus,
1299 1077 1443 1155 Sanctus,
1462 1078 1607 1141 Sanctus.

60 1200 154 1243 amma
166 1178 196 1237 in
209 1176 304 1239 media
313 1174 502 1250 hierarchia,
511 1174 686 1237 secundnm
697 1174 895 1256 Dionysium,

52 1264 154 1305 mill·
166 1283 309 1344 tremant,
323 1272 356 1334 id
379 1279 438 1348 est,
455 1290 528 1334 cum
548 1270 641 1333 iiliali
663 1270 840 1333 reverentia
865 1279 897 1332 et

165 1370 267 1433 humili
287 1370 505 1445 admiratione,
522 1369 592 1431 sine
606 1368 694 1431 omni
710 1368 827 1450 poenali
850 1368 896 1430 al·
1147 1384 1392 1449 ARTffiULUg
1411 1386 1502 1449 xpp,

164 1468 289 1531 sectione
302 1468 460 1531 honorant
475 1486 561 1531 :non
576 1466 662 1529 enim
678 1466 793 1528 timent
806 1486 897 1547 sepa-

165 1568 218 1629 rari
239 1587 358 1649 possea
373 1567 449 1645 Deo,
464 1585 563 1647 quum
578 1566 644 1627 sint
657 1565 839 1629 confirmati
860 1566 894 1627 in
1036 1562 1084 1621 De
1099 1562 1196 1619 laude
1210 1569 1240 1619 et
1254 1561 1380 1619 cantico
1394 1578 1609 1636 supernorum

162 1666 246 1729 bono·
263 1668 351 1736 Coegg
368 1664 400 1727 jd
415 1672 464 1727 θεῖ
477 1664 608 1743 Thmui,
624 1664 680 1744 qui
695 1672 769 1725 sung
788 1662 893 1726 infimi
969 1650 1150 1725 spirituum
1166 1668 1177 1707 .·
1192 1651 1345 1719 Sanctus,
1356 1652 1510 1719 Sanctus,
1524 1652 1675 1713 Sanctus,

162 1763 190 1824 in
205 1782 346 1845 suprema
360 1761 551 1842 hierarchia,
558 1766 775 1841 caelorumque
790 1765 896 1824 Virta·

162 1873 211 1932 tes,
227 1863 256 1923 id
269 1870 315 1924 est
328 1860 468 1943 angelici
483 1860 615 1942 spiritus
629 1859 685 1941 qui
705 1868 779 1922 sunt
798 1860 895 1921 medii
913 1859 936 1921 B
1018 1863 1265 1923 uNuulClru
1295 1863 1446 1931 Domino,
1474 1865 1585 1939 capeti
1611 1865 1695 1940 ejas,
1710 1889 1749 1934 p,
1760 1893 1837 1941 wo,

99 1979 150 2023 aa.
162 1960 191 2021 in
213 1961 348 2022 secunda
371 1958 562 2036 hierarchia,
583 1958 759 2021 secundnm
783 1958 897 2039 Diony·
1025 1968 1171 2036 potentes
1187 1958 1391 2021 virtatelloe
1404 1957 1606 2022 dulcisonum
1622 1978 1697 2022 can-

161 2058 307 2136 siurn‚cni
323 2058 358 2119 in
373 2059 435 2120 hoc
449 2057 581 2120 omnino
596 2057 777 2120 consentire
791 2057 893 2134 decet,
950 2056 1061 2134 licum,
1091 2057 1175 2136 quod
1203 2055 1382 2119 Praeiationi
1411 2056 1627 2139 subjungitur,
1657 2078 1696 2121 ex

160 2178 194 2215 ac
207 2159 293 2216 beata
307 2158 497 2232 Seraphim,
508 2154 540 2217 id
555 2162 604 2217 est
617 2154 721 2237 angeli
737 2156 776 2217 de
792 2154 895 2236 primo
951 2156 1056 2219 verhis
1070 2154 1158 2217 lsaiae
1172 2162 1334 2236 sumptum
1354 2154 1489 2233 videtur,
1505 2156 1560 2218 ubi
1581 2157 1621 2219 de
1642 2157 1696 2221 Se

160 2262 187 2315 et
200 2273 318 2317 summo
331 2254 446 2317 ordine
466 2271 621 2333 supreme
635 2252 832 2331 hierarchia,
848 2274 896 2313 ro-
950 2254 1074 2336 raphim
1096 2253 1234 2334 legitur:
1251 2252 1435 2315 Clamahant
1454 2253 1534 2316 alter
1556 2256 1596 2317 ad
1620 2256 1697 2320 alte·
1711 2282 1742 2328 1..
1753 2296 1782 2335 ῃ,
1793 2288 1813 2327 a,

159 2354 204 2411 cia
217 2354 434 2413 exsultatione
447 2354 681 2421 concelebrant,
698 2350 804 2429 idest,
820 2369 896 2415 con·
951 2372 1031 2430 rom,
1049 2352 1194 2431 Sanctus
1210 2351 1355 2429 Sanctus,
1376 2351 1521 2431 Sanctus,
1545 2353 1696 2417 Dominus

159 2452 237 2513 cordi
257 2450 365 2513 latitia
385 2458 577 2513 venerantur
599 2450 733 2531 parique
754 2450 851 2512 cultu.
950 2451 1032 2513 Deus
1056 2449 1264 2527 exercituum,
1291 2449 1385 2532 plene
1410 2457 1458 2511 est
1481 2450 1585 2513 omnis
1613 2459 1697 2515 terra

193 2550 413 2630 intelliguntur
434 2568 493 2631 per
516 2548 631 2611 coelnm
657 2547 775 2612 Throni
801 2549 895 2611 coele-
949 2548 1051 2631 gloria
1061 2548 1147 2629 ejus;
1162 2547 1211 2610 vel
1227 2555 1312 2610 certe
1327 2566 1364 2609 ex
1379 2566 1417 2611 eo
1432 2548 1516 2629 quod
1533 2548 1565 2611 in
1580 2551 1697 2631 Apoea-

158 2657 215 2710 stcs
230 2672 237 2709 :
254 2666 326 2709 nam
343 2646 428 2709 sicut
443 2647 526 2708 inter
539 2645 719 2728 corporales
734 2653 894 2709 creaturas
949 2647 1031 2730 lypsi
1056 2646 1201 2725 hahetur,
1218 2645 1273 2707 uhi
1298 2646 1344 2707 sic
1370 2646 1524 2728 scriptum
1549 2655 1597 2710 θεῖ
1614 2672 1620 2709 :
1638 2650 1697 2711 lie·
1710 2676 1841 2731 spana,

159 2746 264 2809 coelnm
278 2745 463 2828 specialiter
477 2744 567 2807 sedes
582 2744 637 2806 Dei
652 2753 793 2822 vocatur,
806 2744 895 2825 juxta
949 2745 1056 2826 quiem
1072 2762 1136 2807 non
1159 2743 1328 2821 habehant,
1345 2743 1397 2805 die
1417 2763 1453 2807 ac
1473 2752 1565 2809 nocte
1589 2746 1696 2809 dicen-

47 2842 492 2922 1nm¹;ittud1saiae‚0oetum
516 2841 596 2904 mihi
620 2842 711 2905 sedes
735 2850 794 2922 est,
811 2850 895 2905 terra
951 2844 1004 2921 tia,
1028 2843 1173 2921 Sanctus,
1200 2842 1344 2919 Sanctus,
1373 2842 1518 2924 Sanctus,
1545 2844 1696 2907 Dominus

47 2916 253 3004 ³“''¹¹'⁴⁹'autem
273 2942 450 3005 scabellum
465 2940 581 3022 pedum
597 2958 762 3019 meorum
779 2940 825 3003 sic
847 2941 895 3003 in·
949 2942 1032 3005 Deus
1045 2942 1260 3023 omnipotens,
1277 2948 1338 3003 θῖθ.

157 3048 199 3100 ter
217 3040 378 3121 angelicos
397 3038 527 3120 spiritus
550 3037 668 3100 Throni
692 3038 932 3119 singulariterll
989 3040 1024 3101 ln
1039 3041 1099 3103 hoo
1116 3039 1212 3120 igitur
1233 3038 1357 3102 cantico
1379 3039 1524 3102 laudatur
1545 3041 1697 3105 divinitas

157 3138 238 3199 sedes
261 3138 316 3199 llei
341 3136 505 3213 dicuntur,
529 3136 796 3217 quemadmodum
821 3137 895 3199 scri·
951 3138 1004 3201 Dei
1028 3136 1209 3216 benedicti3
1226 3146 1257 3199 et
1277 3138 1394 3201 dicitur
1415 3147 1473 3215 ter,
1490 3142 1644 3211 Sanctus,
1659 3160 1697 3205 eo

60 3245 237 3315 aegiptum
265 3245 313 3298 est
345 3258 353 3298 ε
384 3234 499 3296 Sedisti
528 3252 625 3315 super
653 3235 814 3312 thronum,
840 3235 895 3317 qui
951 3236 1083 3318 quodin
1100 3234 1338 3317 simplicissima
1359 3235 1539 3301 Divinitatis
1560 3240 1698 3303 essentia

154 3332 270 3413 judicas
294 3332 465 3415 justitiam.
487 3330 604 3395 Throni
632 3332 752 3394 etenim
776 3331 893 3410 Graece,
950 3334 992 3396 sit
1013 3332 1177 3395 verissima
1196 3332 1322 3395 trinitas
1341 3352 1560 3416 personarum.
1577 3337 1699 3400 Dicitur

155 3431 256 3493 Latine
270 3432 364 3493 sedes
379 3436 544 3493 vocantur.
559 3429 672 3510 Angeli
693 3447 819 3511 quoque
841 3430 895 3511 qni
951 3433 1057 3512 itaque
1072 3440 1129 3510 ter,
1142 3431 1286 3509 Sanctus,
1301 3432 1340 3495 ad
1355 3432 1508 3496 honorem
1523 3434 1696 3517 Trinitatis,

155 3529 191 3590 ad
209 3528 348 3592 medium
368 3528 513 3591 ordinem
538 3530 686 3591 secundae
709 3528 896 3591 hierarchiae
951 3530 1102 3611 quoniam
1118 3535 1182 3591 tota
1197 3528 1334 3590 Trinitas
1349 3538 1396 3591 est
1412 3550 1493 3593 unus
1509 3532 1590 3594 Deus
1605 3552 1699 3596 unus-

155 3628 318 3707 pertinent,
334 3628 392 3708 qai
413 3634 445 3689 et
464 3626 602 3688 Virtutes
622 3626 834 3708 appellantur,
851 3627 898 3689 id·
952 3646 1013 3709 que
1039 3627 1291 3690 Dominus.1deo
1315 3626 1347 3689 in
1373 3627 1527 3709 singulari
1551 3629 1698 3713 adjungi-

156 3725 234 3788 eirco
258 3726 411 3789 dicuntur
435 3724 574 3786 Virtutes
597 3724 763 3803 emiorum,
783 3734 818 3787 ut
841 3724 897 3787 ali·
952 3735 1003 3788 tur
1020 3749 1027 3787 :
1042 3726 1204 3789 Dominm
1218 3728 1307 3787 Deua
1320 3728 1474 3797 Sabaoth,
1490 3726 1522 3788 id
1543 3736 1592 3789 θεῖ
1612 3748 1701 3793 exer-

154 3824 204 3903 qui
217 3824 401 3906 opinantur,
422 3821 574 3905 quotum
594 3830 698 3885 motus
719 3821 897 3885 coelestium
952 3824 1085 3888 cituum.

155 3940 316 4004 corporum
340 3922 383 3984 ah
409 3920 457 3984 eis
486 3928 645 3983 causatur.
672 3920 897 3983 Verumtamen
991 3923 1098 3999 Porro,
1119 3920 1203 4001 quod
1229 3920 1383 4001 sequitur,
1405 3924 1506 3983 Pleni
1526 3934 1602 3985 sunt
1627 3928 1701 3987 caeli

155 4038 207 4099 per
225 4021 284 4083 hoc
306 4020 393 4103 quod
414 4018 542 4095 dicitur,
558 4017 648 4096 (loeli,
665 4017 801 4099 intelligi
827 4038 898 4099 pos-
952 4030 982 4080 et
999 4031 1090 4081 terra
1101 4022 1211 4097 gloria
1227 4018 1474 4101 tua,tripliciter
1489 4029 1592 4103 potest
1607 4023 1700 4087 intel-

154 4127 221 4180 sunt
238 4138 353 4182 omnes
374 4117 462 4181 cives
477 4124 509 4179 et
522 4116 655 4199 spiritus
676 4117 832 4195 coelestes,
850 4116 896 4178 illi
952 4117 1020 4199 ligi.
1036 4116 1142 4179 Primo
1157 4114 1203 4178 sic
1221 4139 1227 4177 :
1245 4138 1262 4175 a
1278 4115 1355 4179 (loeli
1372 4139 1401 4196 a,
1418 4116 1450 4179 id
1465 4127 1513 4180 θεῖ
1527 4119 1615 4183 cives
1637 4140 1700 4185 coe-

154 4218 323 4294 prasertim
352 4216 408 4297 qni
437 4214 471 4277 in
495 4214 681 4278 Prolatione
705 4233 769 4277 non
793 4214 898 4297 expri-
913 4216 938 4278 D
953 4216 1059 4293 lestes‚
1075 4236 1093 4274 u
1109 4222 1140 4277 θῖ
1155 4222 1237 4276 terra
1253 4236 1282 4295 a,
1299 4214 1332 4276 id
1351 4222 1399 4276 est
1419 4215 1565 4280 homines
1586 4217 1699 4282 fideles

152 4324 276 4377 muntur
292 4339 300 4377 ε
317 4315 374 4396 qui
400 4322 507 4377 tamen
529 4312 664 4394 intelligi
687 4321 822 4395 possunt
841 4333 898 4395 per
952 4313 1131 4375 habitantes
1158 4310 1190 4373 in
1216 4321 1310 4391 terra,
1337 4334 1354 4372 a
1381 4322 1454 4376 sunt
1483 4317 1568 4396 pleni
1598 4318 1700 4398 gloria

152 4414 283 4493 Angelos
318 4422 350 4476 et
386 4412 483 4475 etiarn
517 4430 574 4492 per
602 4411 751 4475 Virtutes.
781 4411 897 4475 Omnes
951 4420 1005 4477 tua
1025 4436 1053 4493 n,
1070 4411 1103 4474 id
1123 4418 1172 4474 θεῖ
1196 4410 1281 4473 clara
1302 4411 1415 4473 notitia
1438 4420 1500 4475 tua.
1518 4415 1604 4477 Unde
1627 4416 1699 4480 Pro·

152 4511 232 4572 enim
247 4511 382 4593 spiritus
397 4510 543 4574 coelestes
557 4510 662 4591 angeli
679 4510 896 4588 nominantur,
952 4512 1047 4593 pheta
1057 4511 1103 4574 ait
1119 4534 1125 4571 ε
1143 4509 1272 4592 Repleta
1286 4517 1336 4571 est
1349 4518 1433 4573 terra
1447 4512 1580 4574 scientia
1595 4514 1699 4577 Domi·
1715 4542 1745 4585 1..
1758 4555 1787 4593 a,
1802 4545 1822 4586 θ,

47 4609 298 4688 rar.1‚a.quoniam
313 4629 426 4672 omnes
441 4618 515 4671 sunt
528 4608 789 4671 administratorii
806 4610 899 4690 spiri·
952 4608 996 4685 ni,
1014 4606 1137 4669 scilicet
1156 4607 1332 4669 secundum
1354 4605 1544 4687 exigentiam
1566 4610 1614 4672 sui
1637 4619 1699 4673 sta·

152 4715 211 4785 tus,
227 4708 258 4770 in
274 4707 492 4770 ministerium
512 4706 602 4768 missi
622 4706 895 4787 propterelectos.
952 4714 1014 4784 tus,
1037 4705 1120 4767 etin
1141 4723 1207 4785 spe.
1230 4704 1317 4767 Beati
1342 4724 1418 4768 vero
1441 4706 1475 4767 in
1499 4708 1600 4789 patria
1625 4719 1699 4772 sunt

152 4805 262 4868 Omnes
286 4824 415 4887 qnoque
439 4804 503 4867 dici
527 4812 660 4885 possunt
683 4804 830 4882 virtutes,
850 4825 899 4869 εθ-
953 4804 1039 4885 pleni
1065 4802 1177 4867 notitia
1201 4802 1256 4865 uei
1282 4822 1340 4884 per
1362 4805 1501 4886 speciem
1526 4806 1559 4867 in
1584 4826 1628 4870 re.
1646 4810 1700 4873 Se-

47 4918 142 4991 renae.
152 4906 288 4966 cundum
303 4904 503 4984 Dionysium,
511 4910 640 4984 propter
655 4902 896 4966 indeficientem
953 4902 1057 4965 cundo
1072 4902 1119 4963 sic
1137 4924 1143 4963 :
1161 4923 1177 4959 a
1193 4901 1271 4964 coeti
1286 4910 1318 4964 θῖ
1333 4910 1416 4965 terra
1431 4927 1459 4983 a,
1477 4904 1510 4967 id
1531 4914 1579 4968 θεῖ
1593 4908 1698 4970 omnis

47 4994 100 5029 Μ
110 5002 136 5032 ¹¹·
153 5021 240 5063 sunm
256 5002 403 5083 vigorem
418 5009 449 5063 et
463 5000 562 5062 animi
577 5000 897 5084 firmitatemqnihus
952 5008 1106 5076 creatura,
1124 5008 1187 5061 tam
1210 5017 1362 5080 corporea
1383 5020 1476 5083 qnam
1499 5003 1696 5086 incorporee,

152 5099 301 5163 eliicaces
323 5108 357 5162 et
380 5106 525 5179 potentes
550 5098 724 5159 redduntur
747 5100 786 5161 ad
811 5119 899 5162 exse-
952 5121 968 5158 u
985 5106 1059 5160 sunt
1072 5097 1159 5179 pleni
1173 5097 1275 5179 gloria
1296 5106 1350 5161 tua
1365 5121 1394 5177 a,
1411 5098 1442 5160 id
1464 5109 1512 5161 est
1532 5103 1697 5182 majestate

152 5199 273 5278 quenda
298 5197 411 5260 divina
433 5194 585 5277 obsequia
607 5212 678 5277 que
705 5195 810 5258 ordini
840 5216 898 5261 sno
951 5196 1070 5272 divina,
1087 5196 1353 5277 quemadmodum
1373 5215 1431 5277 per
1451 5196 1618 5261 ieremiam
1639 5201 1698 5265 Do
1720 5260 1738 5305 Ι

152 5295 357 5361 conveniunt.
951 5294 1059 5358 minus
1073 5293 1299 5357 dicitzssoelum
1315 5302 1346 5357 et
1360 5303 1476 5359 terram
1491 5315 1550 5379 ego
1565 5298 1695 5383 impleo.
1711 5274 1768 5371 nn.
1786 5276 1844 5320 xxa,
