4309 6259
446 502 486 547 on
505 499 663 549 rnacomo
684 501 723 547 ar
742 500 906 547 oreurrarn
926 499 1043 557 naara,
1065 501 1154 549 arara
1176 504 1195 547 r.
1219 520 1259 531 -
1279 502 1348 549 mr.
1372 502 1448 548 xxxi
1660 482 1717 549 tot

168 669 960 852 tullefelt}tttlllttztltl
1148 730 1392 797 lencona
1422 732 1549 795 xxxi.

170 869 261 931 enim
285 876 351 931 tam
374 868 559 932 admiranda
585 876 635 931 est
661 868 772 931 mundi
802 867 920 930 creatio
975 891 1067 958 Quod
1076 890 1256 964 pulchrum
1275 889 1319 947 ,ic
1333 896 1430 967 arque
1441 890 1644 966 jucundum,
1659 889 1723 951 Der

170 966 441 1049 quemadmodum
463 966 520 1030 Dei
544 986 615 1048 qum
638 967 672 1028 ln
694 986 743 1047 eu,
766 985 804 1029 ex
827 984 866 1029 08
889 973 922 1027 θῐ
1013 978 1403 1054 sapientiam,bonitatem
1418 986 1448 1037 et
1459 979 1722 1054 potentiomcon·

169 1084 315 1147 peream
330 1064 415 1127 facta
429 1072 477 1128 est
491 1064 678 1144 incarnatio,
695 1064 728 1126 in
743 1083 806 1146 qna
820 1064 921 1126 multa
1015 1068 1170 1143 temptari
1185 1066 1221 1125 in
1236 1068 1359 1127 Maria.

168 1163 318 1225 miranda
336 1162 494 1243 speculari
512 1170 644 1243 quanm,
660 1170 772 1244 utputa
788 1186 795 1225 :
811 1160 920 1223 infini-

168 1270 201 1324 te
225 1260 412 1323 distantium
436 1259 618 1323 immediata
641 1260 728 1338 unio,
753 1259 920 1341 praesubsi-
1052 1261 1153 1324 tribus
1168 1260 1346 1342 perfectum
1361 1268 1409 1323 est
1422 1261 1671 1343 unumquodque
1691 1268 1723 1325 et

168 1360 284 1423 stentis
298 1377 442 1441 personae
461 1378 537 1421 vera
556 1358 730 1439 generatio,
746 1358 861 1421 divinae
881 1377 918 1421 ac
1027 1360 1177 1423 idoneum
1192 1360 1231 1421 ad
1246 1360 1441 1442 operandum
1460 1384 1466 1421 :
1484 1359 1516 1421 in
1533 1359 1626 1439 scire,
1639 1359 1722 1424 velle

166 1459 318 1521 bumana
345 1465 465 1519 naturae
494 1456 692 1537 hypostatica
721 1456 916 1537 coniunctio,
973 1468 1005 1522 et
1023 1478 1129 1540 posse,
1146 1465 1181 1519 ut
1199 1457 1239 1519 sit
1259 1458 1393 1521 scicntia
1417 1476 1481 1521 non
1505 1457 1720 1536 obtenebrata,

167 1556 288 1618 infiniti
303 1554 791 1636 circumscriptio,atqueetemi
807 1573 919 1616 recens
972 1558 1120 1621 voluntas
1145 1575 1209 1620 non
1239 1556 1408 1636 invidiosa,
1435 1564 1466 1619 et
1491 1556 1634 1638 potentia
1658 1576 1721 1621 non

168 1654 346 1737 productio.
376 1651 538 1734 Nusquam
571 1652 741 1735 comperiri
776 1671 919 1734 eompre—
973 1656 1136 1737 impedita.
1158 1656 1183 1717 Α
1207 1672 1322 1736 magno
1347 1654 1512 1736 nobilique
1536 1654 1664 1718 Platone
1689 1654 1721 1717 id

167 1752 306 1815 bendive
330 1750 415 1813 valet
439 1758 475 1812 ut
497 1768 567 1831 quae
596 1748 804 1831 personaliter
831 1749 920 1811 unita
972 1756 1077 1835 ipsum
1098 1754 1220 1817 dictum
1245 1761 1304 1816 est.
1320 1752 1415 1817 Porro
1439 1752 1472 1815 in
1497 1752 1585 1817 omni
1612 1771 1722 1835 opera-

168 1858 256 1928 sunt,
273 1868 307 1911 se
321 1856 432 1911 mutuo
446 1848 611 1927 excedant,
627 1865 692 1910 uno
707 1847 855 1909 videlicet
870 1866 918 1909 ex·
936 1852 959 1915 B
973 1853 1060 1916 tione
1074 1852 1129 1915 Dei
1146 1852 1213 1915 baee
1235 1852 1296 1914 tria
1318 1851 1473 1915 relucent.
1489 1852 1523 1913 ln
1543 1870 1581 1915 eo
1601 1852 1720 1934 quippe

168 1950 300 2013 sistente
328 1946 384 2011 ubi
417 1946 548 2010 alterius
576 1946 623 2007 nil
652 1945 777 2028 penitus
805 1952 917 2024 exstat,
972 1952 1057 2032 quod
1079 1970 1146 2013 rem
1166 1951 1205 2012 de
1230 1968 1295 2014 non
1319 1968 1389 2013 osse
1414 1950 1453 2012 ad
1479 1968 1549 2013 esse
1573 1948 1719 2027 traducit,

169 2049 236 2111 imo
250 2047 321 2129 ipsa
334 2064 471 2128 persona
486 2063 560 2107 vera
574 2053 669 2127 atque
688 2044 831 2126 perfecta
852 2043 918 2107 illic
973 2048 1193 2111 manifestatur
1207 2048 1350 2131 potentia
1363 2071 1371 2127 3
1388 2048 1421 2110 in
1436 2047 1548 2111 ordine
1570 2066 1657 2128 vero,
1674 2066 1723 2109 sa-

168 2144 381 2210 essentialiter
408 2143 602 2207 consistente
625 2143 678 2206 ubi
704 2142 833 2207 counita
857 2142 918 2205 sibi
973 2147 1113 2229 pientia;
1129 2155 1222 2228 atque
1243 2147 1275 2209 in
1295 2166 1333 2209 eo
1354 2147 1439 2228 quod
1461 2146 1568 2209 omnia
1593 2154 1723 2227 propter
1736 2170 1872 2219 emula.

168 2253 284 2307 natura
297 2242 429 2305 minime
448 2241 582 2305 exsistit.
599 2241 660 2304 Sed
682 2242 715 2303 in
734 2242 799 2304 Deo
817 2242 921 2303 incar-
974 2246 1182 2327 semetipsum
1197 2246 1280 2325 (sine
1295 2246 1418 2308 meritis
1433 2244 1583 2307 videlicet
1602 2246 1722 2325 rerum)

164 2350 257 2422 nato,
273 2341 307 2403 in
322 2340 423 2403 Mariae
445 2340 476 2401 id
491 2339 570 2403 Filio
591 2339 729 2421 reperire
749 2339 917 2421 contingit,
974 2344 1128 2423 condidit,
1145 2343 1271 2407 bonitas
1293 2343 1450 2425 splendet.

165 2546 277 2601 autern
291 2535 472 2599 humanitas
486 2542 660 2617 assumpta,
675 2535 794 2616 ubique
813 2544 872 2614 est,
888 2543 921 2599 et
974 2540 1121 2622 templari
1144 2558 1201 2621 par
1225 2547 1282 2602 est.
1301 2538 1420 2621 Nempe
1441 2538 1474 2600 in
1493 2538 1617 2619 primia,
1635 2538 1724 2601 nulla

165 2633 448 2715 incircumscripta
482 2634 712 2714 immutataque
744 2633 776 2695 in
806 2641 922 2697 semet·
974 2648 1024 2701 est
1044 2658 1124 2720 pura
1148 2645 1292 2701 creatura
1314 2637 1346 2699 in
1371 2656 1434 2718 qua
1459 2645 1590 2699 eatenus
1615 2637 1660 2699 uti
1690 2636 1724 2698 in

166 2736 241 2818 ipse
261 2740 452 2815 perseveret·
974 2738 1069 2800 ldaria
1083 2736 1151 2799 haec
1166 2737 1226 2798 tria
1242 2737 1438 2799 elucescunt.
1447 2735 1576 2797 Bonitas
1587 2753 1725 2816 namque

210 2831 382 2895 Enimvero
405 2829 469 2893 alia
493 2847 620 2910 quoque
644 2847 771 2910 magna,
791 2829 846 2891 sed
871 2830 921 2892 his
974 2835 1041 2914 Dei,
1057 2834 1091 2897 in
1116 2834 1209 2897 donis
1234 2834 1310 2909 suis,
1328 2852 1398 2915 qnae
1422 2834 1560 2914 gratuito
1584 2840 1723 2915 praestat,

167 2931 309 3008 minora,
326 2927 504 2991 contuenda
528 2934 602 2989 sunt
623 2926 656 2989 in
675 2927 804 3008 Virgine
827 2927 923 2989 bone-
975 2940 1120 3016 patenter
1139 2931 1310 2995 innotescit
1327 2955 1334 2993 :
1350 2930 1503 3012 quoniam
1525 2951 1558 2995 se
1583 2949 1726 2995 eommu-

169 3029 260 3093 dicta
276 3052 283 3090 :
300 3034 336 3089 ut
349 3026 434 3108 quod
449 3025 514 3088 fide
529 3025 569 3087 de
584 3025 703 3106 Spiritu
718 3025 832 3088 Sancto
848 3028 958 3092 con-C
976 3030 1084 3091 nicare
1108 3037 1201 3109 atque
1226 3027 1422 3107 diffundere,
1448 3028 1523 3091 boni
1547 3027 1725 3109 proprietas

169 3126 282 3209 cepit3
297 3124 383 3206 quod
408 3124 477 3186 sine
500 3142 598 3187 onere
620 3130 714 3203 atque
738 3123 922 3204 gravamine
976 3133 1033 3189 est.
1053 3126 1201 3207 Ideoque,
1223 3144 1286 3207 quo
1309 3125 1463 3188 divinitus
1486 3144 1583 3189 sacrae
1604 3125 1725 3206 Virgini

170 3244 292 3307 corpus
307 3242 418 3285 verum
432 3221 525 3299 tulit3
541 3222 625 3303 quod
640 3240 756 3303 corpus
771 3221 921 3283 sensibile
976 3224 1068 3306 plura
1092 3224 1263 3306 gratiarum
1286 3224 1370 3287 dona
1394 3224 1556 3305 impertita
1580 3232 1664 3302 sunt,
1687 3242 1724 3287 eo

170 3332 205 3387 et
230 3320 393 3405 passibile,
419 3321 526 3383 clausa
550 3318 687 3397 elfudit;
712 3320 797 3401 quod
822 3338 921 3399 quum
976 3323 1086 3403 utique
1111 3323 1165 3384 bei
1195 3323 1321 3385 bonitas
1350 3322 1487 3385 lucidius
1518 3320 1550 3382 in
1580 3322 1649 3402 ipsa
1678 3340 1725 3383 re-

169 3423 281 3503 justus
297 3419 413 3502 septies
428 3418 461 3480 in
475 3418 527 3479 die
548 3418 651 3495 cedat,
668 3417 737 3499 ipsa
759 3436 921 3498 nunquam
977 3422 1132 3502 splendet.
1149 3420 1187 3482 Et
1205 3420 1347 3502 quidem,
1364 3420 1390 3481 si
1413 3420 1635 3482 universorum
1661 3428 1724 3482 tam

50 3534 56 3545 '
170 3520 293 3583 necin
318 3518 451 3580 minimo
475 3516 645 3593 ceciderit,
665 3517 752 3597 quod
773 3515 806 3577 in
831 3516 922 3579 terris
977 3528 1096 3581 naturae
1120 3537 1215 3599 quam
1240 3518 1347 3599 gratiae
1370 3518 1454 3580 dona
1475 3524 1722 3598 perscrutemur,

171 3618 280 3682 adbuc
295 3616 419 3695 virens,
434 3614 677 3695 supercaelestes
691 3614 815 3678 animos
836 3614 923 3695 puri·
977 3635 1041 3679 non
1057 3616 1254 3698 comparebit
1269 3615 1483 3696 comparabile
1499 3614 1621 3677 illi.Cui
1636 3614 1723 3676 enim

169 3718 247 3781 tatis
263 3712 502 3795 sanctitatisque
517 3713 630 3776 merito
644 3713 850 3794 precesserit.
868 3713 923 3775 Co·
977 3723 1191 3777 creaturarum
1207 3715 1314 3776 datum
1329 3721 1377 3775 est
1391 3712 1545 3775 Creatoris
1560 3720 1722 3793 parentem

169 3826 241 3879 tera
264 3832 360 3896 porro
389 3812 559 3875 familiaria
582 3820 676 3893 atque
700 3831 816 3874 arcana
840 3812 923 3874 inter
976 3832 1056 3889 esse,
1075 3832 1148 3874 cnm
1168 3819 1284 3875 aeterno
1304 3812 1391 3873 Patre
1412 3811 1559 3873 eumdem
1584 3810 1724 3891 itemque

169 3932 310 3998 puerum
325 3912 444 3987 lesum,
459 3910 560 3973 Deum
574 3928 697 3989 verum,
713 3909 830 3990 atejus
852 3908 923 3972 leli·
977 3929 1179 3975 communem
1194 3910 1309 3971 Filium
1326 3909 1453 3989 habere,
1471 3917 1503 3971 et
1517 3907 1602 3970 hunc
1622 3927 1641 3970 a
1660 3927 1723 3989 qno

169 4011 337 4077 cissimam
360 4008 565 4086 Genitricem,
582 4008 623 4071 ab
647 4007 783 4070 infantia
807 4006 922 4069 Christi
977 4009 1111 4091 Spiritus
1136 4008 1268 4069 Sanctus
1292 4006 1423 4088 profluit
1446 4007 1588 4088 gignere,
1611 4008 1723 4069 mundi

169 4112 300 4175 adeam
316 4114 554 4189 usqueaetatem
569 4126 631 4187 qna
645 4106 923 4187 praedicareorsns
977 4109 1044 4171 fore
1079 4106 1292 4183 salvatricem,
1326 4104 1511 4187 angelorum
1549 4106 1721 4184 dominam,

169 4218 234 4288 est,
249 4208 329 4289 quid
353 4206 504 4269 videlicet
523 4206 551 4267 ei
572 4205 712 4267 vicissim
736 4204 920 4281 ostenderit,
937 4208 962 4269 u
977 4207 1130 4270 coelorum
1148 4204 1344 4285 reginamlfl
1361 4204 1542 4267 llominator
1556 4202 1722 4283 altissime,

170 4308 251 4390 quid
278 4304 442 4381 infuderit,
469 4304 546 4385 quid
570 4304 603 4366 in
627 4303 727 4383 ipsius
755 4304 923 4383 praesentia
976 4324 1071 4387 quam
1091 4323 1166 4366 vere
1192 4304 1292 4365 bonus
1318 4322 1362 4379 es,
1380 4320 1474 4382 qnam
1500 4301 1604 4382 largus
1630 4310 1724 4381 etque

171 4405 299 4482 fecerit,
319 4405 396 4466 dum
419 4402 506 4465 buno
525 4401 580 4465 illa
603 4401 819 4464 maternaliter
844 4401 924 4465 fovit
976 4405 1146 4484 benignus,
1176 4401 1229 4483 qui
1264 4407 1441 4463 creaturam
1476 4406 1560 4461 tuam
1590 4400 1647 4461 tibi
1677 4400 1723 4464 sio

58 4530 71 4556 u
111 4530 155 4567 -a
170 4515 271 4586 atque
300 4500 672 4581 lactavit,du1nipsum
698 4500 730 4559 in
755 4500 923 4581 AEgyptum
977 4502 1182 4564 vehementer
1204 4497 1409 4561 conformasti
1425 4506 1456 4559 et
1471 4505 1500 4559 te
1516 4497 1562 4559 illi
1584 4505 1648 4559 tam
1671 4518 1725 4579 pa·

53 4582 107 4625 '²'
171 4601 265 4667 duxit
287 4620 325 4663 ac
349 4599 482 4676 reduxit,
508 4616 636 4661 omnem
660 4616 786 4678 quoque
810 4608 925 4660 mater·
978 4620 1044 4661 rem
1065 4596 1246 4677 exhibuisti,
1262 4596 1317 4677 qui
1338 4596 1494 4657 illustrem
1520 4595 1612 4657 istam
1636 4595 1725 4658 Puel-

172 4720 250 4764 nam
265 4697 573 4762 administrationem
595 4696 817 4759 ardentissimo
836 4716 924 4759 reve·
978 4699 1053 4778 lam,
1069 4704 1210 4760 nostram
1231 4695 1339 4778 utique
1362 4694 1518 4774 virginem
1545 4693 1670 4755 llatrem
1693 4702 1725 4756 et

172 4798 367 4878 rentialique
400 4794 519 4859 aflectu
548 4794 716 4876 impendit,
746 4796 822 4857 dum
850 4815 924 4857 cnm
978 4814 1130 4873 sororem,
1147 4802 1211 4855 tam
1226 4792 1426 4855 deiformiter
1440 4790 1726 4853 sublimastitLau-

172 4898 275 4961 unico
309 4895 405 4957 unica
436 4894 470 4956 in
504 4892 691 4956 abscondito
726 4893 923 4972 comedebat,
978 4894 1054 4956 dant
1069 4901 1100 4955 te
1115 4892 1169 4973 qui
1186 4910 1256 4953 eam
1271 4888 1544 4971 diligunt;etqui
1560 4888 1630 4969 ejus
1650 4908 1726 4953 con-

36 5004 157 5056 tat-au·
172 4997 254 5059 dnm
270 4994 403 5075 insuper
416 4990 479 5074 ipsi
499 4992 559 5053 iste
581 4990 727 5053 subditus
748 4991 877 5068 exstitit,
894 5001 926 5055 et
979 4991 1177 5073 gratulantur
1205 4988 1403 5067 beatitudini,
1429 4988 1599 5069 gratiarum
1629 4988 1726 5051 actio·

172 5092 319 5159 filialiter
345 5090 455 5171 utique
485 5087 658 5169 sepissime
691 5087 886 5150 ministravit
916 5114 923 5151 :
980 5109 1053 5151 nem
1070 5090 1127 5152 tibi
1143 5096 1174 5152 et
1188 5087 1442 5151 benedictionem
1459 5085 1663 5149 concinnant.

173 5191 263 5274 quis,
280 5189 423 5270 inquam,
439 5187 507 5249 bac
532 5186 639 5249 rimari
663 5195 768 5268 queat,
786 5196 926 5249 contem·
1019 5189 1182 5265 Preterea,
1208 5187 1240 5248 in
1269 5205 1307 5249 eo
1330 5184 1385 5248 Dei
1411 5183 1565 5265 sapientia
1590 5185 1726 5267 refulget

174 5289 260 5375 plari
282 5296 337 5351 aut
355 5286 500 5371 profarif
980 5285 1014 5349 in
1028 5286 1136 5365 Maria,
1149 5285 1299 5366 qnoniam
1319 5303 1377 5367 per
1396 5301 1467 5346 eam
1488 5282 1726 5349 ordinatissimo
