4309 6259
442 504 482 551 n!
502 506 649 553 PASSlONB
669 506 777 553 hortm
797 508 985 556 SALVATORIS
1006 510 1166 557 mutentur.
1190 528 1230 539 -·
1251 511 1320 557 Att'r.
1343 510 1397 558 111

1636 491 1696 559 299

158 675 292 754 Domine,
308 675 418 741 omnia
439 676 509 756 ista,
525 684 555 739 et
576 695 646 757 ego,
663 684 695 739 te
708 676 892 759 adjuvante,
908 676 1134 760 ellectionem,
1151 688 1182 743 et
1198 679 1230 741 in
1253 689 1441 763 perpetuum
1456 700 1492 743 ac
1508 680 1697 746 incessabile

159 774 289 837 inomni
314 782 430 837 eventu
454 776 493 837 ad
515 783 601 837 tuam
622 774 804 857 confugiam
826 795 896 858 pas·

159 872 282 935 sionem.
308 873 382 935 Ture
409 872 622 937 acerbissimas
645 882 677 937 et
704 873 895 955 ignominie

158 969 282 1033 sissirnae
310 970 468 1052 passionis
495 972 649 1035 memoria
673 992 725 1035 me
749 973 783 1034 in
807 973 894 1036 omni

158 1068 357 1151 prosperitate
376 1070 416 1132 ab
435 1069 522 1131 inani
542 1068 717 1133 refrenabit
735 1070 844 1133 laetitia
859 1090 895 1133 ac

158 1167 358 1230 delectatione
383 1168 557 1245 immunda,
581 1167 615 1229 in
640 1168 727 1231 omni
757 1170 896 1231 adversi-

157 1274 246 1327 tatea
263 1265 406 1328 saeculari
428 1275 523 1347 atque
541 1267 748 1330 immoderata
769 1266 896 1329 tristitia

157 1372 339 1443 compescet.
355 1362 457 1427 labor
477 1372 561 1444 tuus,
577 1362 684 1427 fervor
702 1382 740 1427 ac
760 1364 896 1445 diligen-

156 1460 195 1522 tia
220 1479 278 1541 pro
306 1470 413 1524 nostra
441 1461 627 1541 salvatione,
656 1460 697 1523 ab
724 1463 811 1524 omni
844 1482 895 1525 me

156 1566 237 1621 cruat
251 1559 361 1621 acedia
376 1568 408 1621 et
421 1566 558 1640 torpore.
576 1560 649 1623 Tuae
662 1560 895 1623 humiliationis

155 1665 183 1718 et
204 1656 393 1719 obeditionis
415 1677 540 1721 summa
559 1657 725 1739 perfectio,
746 1658 786 1720 ab
807 1659 894 1721 omni

155 1754 306 1817 diabolica
337 1755 474 1819 elatione
502 1775 538 1819 ac
573 1756 746 1819 rebellione
779 1776 830 1820 me
862 1758 894 1817 in

949 778 1134 841 memoriale
1154 786 1214 841 tnoe
1234 780 1273 841 ad
1293 798 1351 843 nos
1371 779 1601 843 ardentissime
1621 780 1699 844 dile

950 875 1065 938 otionis
1079 884 1111 939 et
1125 884 1186 941 tute
1205 895 1263 959 pro
1284 878 1376 941 nobis
1396 877 1609 942 acerbissime
1627 898 1699 962 pas-

950 973 1060 1054 sionis,
1090 982 1184 1057 atque
1212 976 1250 1037 ad
1280 976 1444 1057 copiosum
1473 984 1505 1039 et
1532 977 1699 1059 multiplex

950 1078 1066 1134 nostrae
1087 1072 1198 1135 salutis
1220 1073 1398 1136 subsidium
1416 1097 1422 1135 ε
1439 1082 1595 1156 quatenus
1617 1075 1700 1137 sient

950 1170 1048 1233 semel
1064 1171 1267 1252 temetipsum
1289 1190 1345 1253 pro
1365 1172 1457 1236 nobis
1478 1173 1698 1237 immolaturus

950 1287 1020 1330 eras
1034 1269 1098 1331 Deo
1113 1268 1194 1332 Petri
1210 1270 1243 1331 in
1258 1288 1364 1349 cruee,
1376 1271 1418 1333 ita
1433 1290 1534 1351 usqne
1549 1272 1582 1333 in
1598 1270 1698 1333 finem

950 1364 1058 1427 sarculi
1083 1365 1116 1427 iu
1140 1365 1240 1429 ldissae
1263 1366 1375 1431 officio
1398 1368 1572 1431 immoleris
1594 1368 1698 1431 eidem

950 1462 983 1524 in
999 1463 1059 1525 hoc
1082 1464 1302 1527 sacramentali
1323 1466 1472 1547 mysterio
1491 1484 1548 1547 pro
1570 1466 1698 1547 expian-

950 1562 1000 1624 dis
1014 1562 1132 1624 nostris
1152 1563 1346 1643 quotidianis
1368 1564 1562 1645 excessibus,
1578 1565 1617 1627 ad
1640 1564 1698 1626 irn-

950 1660 1138 1740 petrandum
1154 1660 1246 1723 nobis
1260 1660 1434 1741 gratiarum
1450 1661 1639 1725 charismata
1660 1681 1697 1725 ao

949 1756 1058 1838 gloriae
1077 1759 1171 1837 dona,
1192 1758 1232 1819 ad
1252 1757 1443 1821 laudandum
1466 1767 1497 1821 et
1515 1760 1700 1841 glorifican-

154 1861 301 1915 eternum
325 1862 505 1933 praeservet.
528 1854 601 1916 'lura
625 1854 784 1935 patientiae
808 1874 896 1916 man·
910 1858 934 1920 B
950 1855 1026 1917 dum
1047 1874 1085 1918 ao
1106 1856 1326 1919 honorandum
1347 1857 1444 1919 Deum
1465 1875 1522 1938 pro
1541 1858 1628 1920 omui
1649 1878 1699 1920 ca-

154 1950 390 2032 suetudinisque
409 1949 537 2028 intuitu,
553 1952 594 2014 ab
607 1952 694 2014 omni
715 1952 897 2015 indesinen-

46 2062 101 2105 rer.
111 2078 141 2110 n.
154 2058 198 2111 ter
210 2048 387 2111 abstineam
404 2050 450 2112 ira
460 2050 493 2111 iu
509 2050 580 2111 sinu
596 2051 683 2112 stulti
698 2050 897 2131 requiescen-

40 2128 91 2230 it...
105 2156 191 2239 mte,
225 2156 260 2209 et
293 2148 491 2229 impatientia
529 2148 695 2211 stultitiam
732 2159 893 2230 operante.

39 2255 61 2296 ¹⁷·
152 2245 407 2308 consideratione
427 2251 487 2308 tuo
506 2245 735 2308 ardentissimas
757 2246 896 2309 caritatis

151 2363 210 2425 qua
231 2353 266 2407 et
288 2361 347 2425 pro
371 2343 615 2407 crucifixoribus
639 2346 703 2407 tuis
726 2345 835 2423 orasti,
856 2346 896 2408 ab

149 2442 232 2505 omni
270 2442 413 2505 retrahar
446 2442 677 2525 indignatione,
713 2445 891 2522 aversione,

148 2541 217 2603 odio
232 2548 268 2603 et
282 2558 423 2604 rancore.
440 2540 698 2605 consideratione
713 2550 774 2605 tuae
793 2540 896 2605 fellere

146 2636 316 2699 cibationis
334 2645 367 2699 et
385 2646 518 2701 acetosve
536 2640 709 2720 potationis
730 2639 764 2701 in
787 2658 893 2717 cruce,

145 2734 183 2796 ab
195 2734 286 2797 omni
302 2734 535 2798 incessabiliter
554 2755 685 2799 caveam
706 2737 896 2800 immodera-

144 2832 226 2895 tione
250 2832 317 2895 eibi
342 2851 379 2895 ac
402 2842 495 2914 potus
516 2852 647 2897 excessu
667 2843 699 2897 et
719 2836 892 2917 voluptate.

144 2929 341 2993 Sanctissimi
359 2931 502 3012 eorporis
525 2931 569 2993 tui
593 2932 626 2994 in
641 2952 737 2995 cruce
753 2933 894 2997 confixio

951 1953 1054 2032 ritate,
1071 1954 1187 2035 pietate
1207 1962 1239 2016 et
1260 1953 1483 2017 munificentia
1502 1974 1559 2017 sua
1574 1956 1613 2017 ad
1628 1974 1698 2036 nos,

950 2060 1045 2134 atque
1066 2052 1301 2133 regratiandum
1327 2052 1356 2115 ei
1384 2071 1440 2133 pro
1466 2053 1623 2115 universis
1649 2054 1702 2116 be-

951 2150 1078 2213 neficiis
1093 2150 1159 2212 suis
1182 2151 1223 2213 ab
1245 2151 1313 2231 ipso
1336 2168 1393 2231 per
1409 2158 1439 2213 te
1455 2150 1548 2214 nobis
1564 2151 1698 2215 collatis.

950 2249 985 2311 lu
1014 2250 1074 2311 hoc
1104 2266 1244 2329 qnoque,
1274 2266 1293 2311 o
1321 2248 1453 2312 Domine
1482 2258 1513 2311 et
1546 2249 1699 2330 Salvator,

950 2346 1064 2409 dedisti
1081 2346 1174 2408 nobis
1190 2346 1459 2427 perfectissimum
1475 2347 1572 2410 totius
1584 2354 1700 2411 sanctae

949 2443 1131 2507 dilectionis
1166 2444 1346 2525 exemplum
1382 2462 1419 2507 ao
1459 2445 1697 2525 documentum,

949 2542 1100 2623 quoniam
1129 2561 1253 2605 summa
1281 2542 1410 2606 dilectio
1437 2552 1495 2623 ast,
1526 2563 1560 2607 se
1593 2544 1698 2625 ipsum

948 2641 1066 2705 dilecto
1095 2640 1252 2720 conferre,
1278 2650 1310 2703 et
1334 2660 1367 2705 se
1391 2648 1491 2705 totum
1516 2642 1586 2724 ejus
1614 2643 1698 2705 utili-

949 2740 1077 2818 tatibus,
1095 2740 1338 2803 necessitatibns
1359 2758 1395 2803 ac
1411 2741 1504 2804 saluti
1527 2759 1694 2823 exponere.

947 2838 1027 2900 ilinc
1048 2838 1080 2899 iu
1100 2839 1211 2901 eadem
1232 2856 1323 2901 coena
1342 2846 1374 2901 et
1392 2838 1481 2917 hora,
1498 2840 1583 2919 qnod
1602 2858 1697 2921 opere

948 2935 1183 3015 demonstrasti,
1200 2936 1297 2999 verbo
1317 2936 1441 3017 jussisti
1460 2961 1466 3000 :
1487 2938 1552 3001 lloo
1574 2946 1621 3001 ost
1636 2938 1698 3017 (in-
1716 2963 1843 3013 amm,

143 3047 256 3109 corpus
275 3036 310 3091 et
329 3028 468 3091 animam
487 3048 592 3092 meam
611 3038 665 3093 tuo
687 3039 797 3094 sancto
819 3050 894 3096 corr-
911 3033 933 3096 C
948 3034 1074 3114 quiens)
1089 3042 1282 3116 preceptum
1305 3053 1424 3115 meum,
1440 3045 1475 3098 ut
1495 3035 1634 3117 diligatis
1650 3036 1696 3097 in·
1712 3030 1744 3069 ¹²·

143 3124 218 3206 figat
248 3127 376 3191 timore.
407 3126 523 3207 Sicque
552 3136 605 3191 tuo
634 3147 742 3191 amore
770 3138 802 3191 et
830 3133 894 3214 spi-

142 3224 263 3287 ritualis
287 3224 451 3306 profectus
474 3224 606 3308 affectu,
632 3227 672 3290 ab
696 3227 783 3291 omni
809 3238 894 3291 exte-

142 3321 215 3385 riori
230 3342 385 3385 sensuum
407 3322 587 3386 incustodia
611 3344 662 3387 me
687 3325 894 3404 refrenem,a

140 3420 312 3485 verborum
327 3439 460 3483 excessu
474 3440 526 3485 me
541 3429 727 3503 temperem,
744 3443 762 3485 a
777 3425 893 3487 mentis

140 3519 341 3599 evagatione,
358 3518 398 3581 ab
417 3519 505 3581 omni
526 3519 706 3583 inordinata
721 3520 892 3585 affectione

141 3636 189 3679 me
204 3635 331 3697 eruam,
346 3624 442 3698 atque
457 3616 490 3679 in
505 3618 593 3681 omni
607 3620 709 3699 gratia
723 3638 760 3681 ac
775 3619 893 3683 virtute

141 3732 361 3778 concrescam.

178 3813 356 3877 Ssrvxron.
373 3848 415 3859 -
428 3813 560 3876 Salubre
574 3816 773 3897 propositum
787 3839 794 3876 ι
807 3836 826 3878 a
840 3835 894 3878 cu-

139 3909 190 3990 jus
215 3911 346 3975 fervore
370 3931 434 3975 non
459 3912 659 3994 refrigescas,
684 3933 703 3975 a
727 3914 819 3994 cnjus
842 3934 895 3977 ex·

140 4011 308 4074 secutione
324 4029 389 4073 non
403 4010 547 4092 fatigeris
563 4031 622 4074 neo
637 4031 754 4091 cesses,
767 4032 785 4075 a
801 4013 894 4094 cujus

141 4108 374 4191 adimpletione
396 4126 461 4173 non
484 4109 662 4172 retraharis.

341 4381 586 4446 ARTICULUS
606 4382 700 4446 XIX.

140 4532 300 4597 Qualiter
324 4533 364 4589 cle
389 4550 473 4599 sero,
496 4538 671 4608 antequam
700 4541 751 4591 eat
775 4533 896 4591 ‹tormi-

179 4628 266 4689 tum,
290 4620 405 4679 debeat
428 4638 461 4679 se
484 4620 577 4679 bomo
601 4622 748 4681 excitare
772 4624 808 4681 in
835 4642 897 4680 me-

176 4710 294 4769 moria
309 4710 483 4769 dominice
495 4711 669 4785 passionis.

38 4910 112 4961 varra.
177 4894 358 4958 Sarvnrus.
374 4930 415 4941 -
431 4894 467 4957 ln
488 4912 580 4958 coena
600 4895 785 4977 novissima,
801 4916 895 4979 quam

38 4981 122 5025 Μ
137 5000 183 5069 tu,
208 4994 279 5056 Rex
307 4992 472 5072 coelorum,
498 5012 572 5055 cum
597 4993 660 5056 tuis
684 4994 825 5057 habuisti
850 4996 898 5058 di·

136 5090 290 5173 scipulis,
323 5109 439 5171 corpus
467 5098 557 5153 tuum
585 5092 823 5155 sanctissimum
858 5114 896 5157 ao

135 5188 413 5270 pretiosissimum
443 5188 632 5270 sangninem
660 5191 753 5253 nobis
780 5191 896 5255 dedisti

132 5306 171 5351 ac
196 5286 365 5369 reliquisti
389 5287 422 5349 in
444 5286 624 5351 animarum
647 5297 827 5353 nostrarum
848 5309 897 5353 re·

911 4210 1093 4290 llvirtutes,
1124 4229 1258 4291 quarum
1287 4230 1362 4292 una,
1393 4212 1543 4276 videlicet
1570 4214 1695 4293 coritae,

948 3132 1063 3204 vicem,
1089 3132 1172 3193 sicut
1200 3132 1296 3195 dilexi
1325 3151 1392 3196 vos.
1419 3134 1549 3214 Deinde,
1572 3152 1591 3196 ο
1615 3134 1696 3196 Deus

948 3230 1124 3309 majestatis
1160 3230 1335 3311 immense,
1366 3232 1578 3295 humilitatem
1611 3251 1697 3295 com-

947 3328 1117 3405 mendasti,
1135 3328 1275 3409 implesti
1291 3348 1328 3391 ac
1343 3330 1531 3411 precepisti,
1548 3338 1620 3393 ante
1640 3330 1697 3393 hn-

947 3425 1040 3487 miles
1065 3426 1137 3489 illos
1161 3426 1348 3508 discipulos,
1372 3426 1435 3490 irno
1455 3436 1486 3490 et
1506 3436 1579 3491 ante
1599 3428 1697 3491 scele-

948 3523 1144 3585 ratissimum
1160 3525 1357 3603 traditorem,
1372 3534 1401 3587 te
1421 3527 1581 3589 curvando
1603 3534 1696 3607 atque

948 3640 1058 3685 eornm
1081 3623 1178 3704 pedes
1200 3623 1335 3686 lavando
1357 3631 1388 3685 et
1407 3626 1609 3705 extergendo,
1626 3642 1697 3705 pro-
1710 3648 1844 3695 [smnus.

948 3720 1098 3801 tinnsqne
1121 3729 1243 3783 ‘tantum
1266 3722 1452 3803 exponendo
1477 3723 1661 3803 mysterium
1686 3746 1693 3783 ε

948 3818 1042 3881 Scitis
1060 3819 1236 3901 (inquiens)
1257 3820 1333 3900 quid
1357 3819 1489 3883 fecerim
1511 3820 1624 3884 vobtst
1640 3822 1698 3883 Ex·
1711 3846 1843 3893 praere.

949 3918 1090 3999 emplum
1115 3918 1206 3981 vobis
1231 3917 1371 3996 exhibui,
1388 3926 1423 3980 nt
1448 3926 1479 3982 et
1504 3937 1560 3981 vos
1584 3920 1627 3982 ita
1651 3920 1697 3982 fa-

948 4015 1061 4092 ciatis;
1088 4022 1120 4077 et
1147 4014 1201 4095 qni
1232 4015 1334 4097 major
1361 4024 1409 4078 est
1434 4026 1586 4099 vestrum,
1610 4026 1697 4081 tanto
1723 4046 1776 4089 Luc,
1793 4056 1843 4094 ιω,

950 4112 1021 4193 plns
1045 4112 1195 4174 humiliet
1222 4132 1256 4174 se
1285 4112 1317 4175 in
1347 4114 1506 4177 omnibus
1533 4116 1593 4177 Has
1618 4117 1697 4179 duas
1712 4110 1875 4225 filffflfoe‘l·

949 4318 998 4370 est
1030 4308 1175 4373 omnium
1210 4310 1349 4389 domina,
1380 4320 1499 4390 vertex,
1530 4312 1632 4376 forma
1667 4324 1699 4377 et

949 4407 1027 4469 finis
1052 4407 1216 4485 virtutum,
1238 4407 1346 4485 altera,
1369 4409 1429 4472 hoc
1450 4418 1499 4472 est
1521 4410 1696 4492 humilitas,

950 4505 1055 4567 omnis
1076 4504 1202 4567 virtutis
1224 4514 1270 4567 est
1291 4505 1544 4587 fundamentum,
1565 4516 1610 4586 tu,
1633 4530 1697 4572 ma-

949 4603 1048 4684 gister
1071 4602 1237 4680 virtutum,
1264 4622 1445 4666 recessurus
1470 4624 1488 4666 a
1512 4606 1616 4685 nobis,
1640 4626 1698 4670 nos

951 4702 1134 4784 specialiter
1147 4702 1304 4783 exemplo,
1322 4704 1419 4766 verbo
1433 4723 1470 4766 ao
1485 4704 1630 4785 jussione
1644 4708 1699 4770 do-

951 4799 1057 4881 cuisti,
1077 4808 1112 4862 ut
1135 4800 1327 4881 quicumque
1351 4801 1440 4881 cupit
1463 4810 1537 4865 tuus
1561 4822 1630 4867 esse
1652 4804 1699 4867 di-

951 4898 1094 4981 scipulus
1119 4918 1156 4962 ac
1182 4898 1337 4978 minister,
1355 4898 1388 4961 in
1413 4899 1464 4962 his
1488 4901 1612 4964 duabus
1636 4904 1699 4965 vir-

952 4997 1072 5059 tutibus
1101 4996 1204 5078 primo
1228 5004 1320 5077 atque
1344 4997 1509 5079 potissime
1535 5018 1569 5063 se
1594 5000 1697 5081 ipsum

952 5103 1121 5158 exerceret.
1184 5090 1188 5099 '

991 5193 1110 5256 Deinde
1135 5210 1191 5274 pro
1216 5201 1324 5255 nostra
1348 5194 1519 5277 multiplici
1548 5194 1699 5259 informa-

952 5292 1037 5355 tione
1065 5310 1102 5354 ac
1131 5290 1355 5371 subventione,
1386 5292 1696 5359 vehementissimam
