4309 6259
462 471 521 535 stt
770 484 811 531 nn
831 482 980 531 ressroun
1000 482 1107 531 nomm
1129 479 1312 527 sanvnronts
1334 478 1493 526 nrsnoons.
1516 496 1556 507 -
1576 478 1646 523 nnn.
1670 476 1704 522 ιιι

462 666 578 721 cuncta
600 665 751 741 pratacta
769 639 954 738 plenissime
970 661 1054 732 sunt,
1072 671 1136 716 non
1158 671 1214 733 per
1230 652 1253 713 Α
1271 650 1457 733 pretiatione
1478 657 1510 711 et
1532 667 1639 712 amore
1664 648 1771 712 omnia
1796 645 1882 729 parvi
1905 646 1999 727 pendit

462 756 592 818 modum
620 755 758 832 linitum,
790 755 846 817 sed
879 754 1006 835 penitus
1040 750 1212 829 inlinitum,
1270 757 1301 810 et
1314 749 1405 829 quasi
1421 767 1478 830 pro
1494 747 1592 809 nihilo
1607 747 1777 809 arbitratur
1791 752 1902 823 ereata,
1914 764 1997 825 quum

463 853 753 935 incomparabiliter
781 853 1039 935 praeeminentem
1050 853 1070 929 {l
1097 849 1154 924 Qui
1184 857 1216 909 et
1270 847 1373 909 Deitas
1396 847 1429 907 in
1445 846 1606 907 infinitum
1627 854 1743 908 cuncta
1766 842 1956 907 transcendat
1972 842 1997 902 in

463 972 558 1015 verus
583 961 656 1015 tuus
681 960 770 1033 pater
795 959 855 1029 est,
881 946 1137 1030 incomparabilis
1163 947 1215 1009 be·
1270 946 1354 1008 omni
1382 944 1584 1021 amabilitate,
1605 944 1809 1025 gratiositate,
1826 940 1998 1005 convenien-

464 1050 618 1128 nelactor,
649 1049 833 1111 indesinens
869 1054 1084 1123 conservator,
1115 1044 1215 1106 salva·
1270 1044 1322 1121 tia,
1340 1043 1548 1126 perfectione,
1565 1041 1719 1105 felicitate
1740 1050 1772 1104 et
1792 1040 1900 1122 gloria.

464 1156 523 1226 tor,
545 1148 701 1229 provisor,
721 1146 857 1228 adjutor,
880 1153 1039 1227 protector
1066 1151 1098 1205 et
1122 1141 1214 1224 glori·
1309 1143 1478 1205 Secessus.
1506 1177 1546 1186 —
1572 1142 1651 1203 Vere
1680 1139 1823 1203 amabilis
1851 1148 1883 1200 et
1909 1156 1997 1219 snper·

462 1246 588 1309 ficator.
1270 1239 1414 1301 amabilis
1435 1240 1517 1301 Deus
1531 1239 1564 1299 in
1581 1258 1624 1315 se,
1643 1257 1700 1319 per
1714 1257 1748 1299 se
1763 1245 1794 1299 et
1809 1245 1932 1318 propter
1949 1256 1993 1305 se;

503 1346 673 1407 sinvsms.
690 1380 732 1389 -
753 1344 831 1405 Vere
851 1342 946 1424 plana
967 1350 999 1403 et
1019 1338 1213 1403 rationabilis
1270 1338 1384 1401 deinde
1409 1345 1441 1399 et
1465 1346 1593 1419 propter
1618 1335 1774 1399 beneficia
1798 1354 1864 1411 sua,
1881 1341 1911 1395 et
1932 1352 1996 1413 quc

461 1443 554 1506 valde
573 1442 730 1522 doctrina,
747 1443 786 1504 ad
808 1440 1094 1502 inflammationem
1114 1436 1213 1499 divini
1270 1436 1353 1498 niam
1370 1437 1437 1517 ipsc
1451 1436 1537 1517 prior
1551 1435 1658 1497 dilexit
1671 1452 1741 1513 nos,
1758 1452 1794 1495 ac
1810 1441 1933 1513 propter
1950 1449 2092 1498 sunum.

460 1540 576 1605 emou‘s
596 1539 678 1603 hene
705 1539 959 1602 considerantem
982 1537 1074 1600 valde
1100 1555 1136 1597 ιο
1161 1554 1213 1600 vc·
1270 1534 1423 1616 promissa
1441 1556 1448 1595 ι
1465 1534 1504 1595 de
1529 1532 1644 1614 quibus
1667 1552 1685 1595 a
1706 1540 1748 1609 te,
1770 1530 1909 1607 Domine,
1925 1522 2062 1591 com-¹⁰³⁹*

460 1638 626 1701 hementer
653 1638 843 1700 accendens.
873 1635 975 1713 Modo,
1000 1634 1026 1695 si
1055 1633 1171 1715 placet,
1195 1650 1213 1694 o
1270 1631 1420 1712 pendiose
1443 1631 1535 1711 cupio
1556 1629 1732 1693 informari.

461 1737 603 1816 Domine,
619 1736 737 1817 aliquid
762 1743 855 1816 tange
875 1735 914 1796 de
938 1732 1111 1813 anagogica
1140 1748 1215 1792 con-

464 1834 668 1917 templatione
692 1832 935 1914 simplicissimae
960 1830 1088 1892 Deitatis
1112 1836 1143 1891 et
1167 1824 1251 1888 in-B

461 1931 679 1995 flammaticus
709 1928 1008 2011 contemplationem
1043 1927 1130 1989 illam
1167 1944 1214 1987 se·
1474 1899 1719 1964 ARTICULUS
1742 1900 1803 1964 ῙΠ·

463 2039 591 2112 quenul-
1184 2120 1189 2131 Ι
1270 2049 1491 2109 Consideratio
1519 2048 1756 2123 multiplicium
1787 2047 1999 2122 beneficiorum

503 2128 723 2191 Smrnmm—
737 2124 926 2188 llluminatio
942 2132 973 2185 et
987 2121 1213 2203 contemplatio
1309 2138 1382 2207 pei,
1411 2138 1616 2197 depectionem
1646 2137 1751 2211 ipsiu,
1779 2136 1816 2195 pn
1844 2135 1931 2194 „obss
1955 2152 1999 2192 ac.

461 2226 516 2289 illa
531 2224 685 2306 contingit
698 2223 877 2306 dupliciter.
894 2222 1008 2301 Primo,
1023 2240 1061 2283 ax
1076 2220 1213 2301 gratiosa
1309 2229 1455 2287 cenetens.

462 2332 555 2405 atque
574 2322 715 2405 piissima
734 2322 788 2384 Dei
808 2319 1031 2402 praeventione,
1048 2319 1125 2380 dum
1145 2316 1212 2397 ipse

461 2421 666 2501 Omnipotens
681 2427 820 2482 mentem
836 2418 926 2500 quasi
944 2416 1115 2498 improvise
1135 2433 1213 2495 prae-
1309 2414 1480 2475 Sstrnron.
1494 2448 1534 2458 -
1548 2411 1646 2485 Quam
1661 2430 1786 2493 magne,
1795 2408 1998 2473 desiderabilia

461 2517 597 2599 stringit,
613 2516 782 2594 illuminat,
800 2511 892 2596 rapit,
906 2514 1051 2577 accendit
1065 2521 1097 2575 et
1112 2512 1213 2574 since·
1268 2531 1305 2574 ec
1327 2511 1508 2574 necessaria
1528 2511 1591 2573 sint
1609 2508 1765 2572 beneficia
1784 2528 1855 2571 mea
1873 2509 1903 2568 in
1922 2516 1999 2569 natu-

462 2616 586 2679 rissima
601 2616 673 2678 luce
688 2614 863 2696 perfundit,
880 2632 917 2676 ac
932 2612 1025 2693 erigit
1044 2611 1083 2673 ad
1105 2609 1212 2692 mysti-
1269 2610 1388 2673 ralibus
1404 2610 1506 2689 bonis,
1524 2608 1661 2672 ostendit
1676 2608 1768 2670 unius
1783 2625 1893 2672 eorum
1907 2624 1999 2668 caren-

461 2734 507 2778 eat
527 2713 695 2795 theologie
720 2712 910 2792 unitivaeque
935 2710 1096 2793 sapientiae
1121 2708 1212 2771 visio
1267 2709 1311 2771 tia
1327 2732 1334 2769 :
1352 2716 1386 2770 ut
1402 2708 1428 2769 si
1442 2708 1513 2769 visu
1528 2726 1636 2770 careas
1652 2705 1701 2769 vel
1716 2706 1837 2784 auditu,
1850 2724 1940 2767 mann
1953 2710 1999 2765 aut

461 2832 546 2891 nem,
563 2812 602 2874 ad
618 2811 769 2873 intuitum
785 2810 923 2892 regionis
940 2808 1208 2870 lucisimmensae.
1268 2808 1358 2888 pede.
1385 2806 1423 2869 Et
1452 2814 1557 2868 tamen
1587 2805 1636 2867 his
1665 2804 1882 2887 corporalibus
1910 2802 1999 2865 carior

460 2910 504 2973 hx
537 2927 602 2991 qua
634 2908 901 2989 contemplatione
936 2925 1016 2987 apex
1050 2903 1210 2967 allectiva)
1268 2906 1325 2968 tibi
1352 2913 1401 2967 est
1428 2904 1518 2967 ratio.
1544 2904 1652 2985 ltaque
1679 2902 1833 2984 quidquid
1865 2902 1933 2965 boni
1958 2920 1997 2977 es,

460 3008 666 3071 vehementer
693 3006 888 3084 accenditur,
918 3005 994 3066 dum
1022 3002 1147 3065 animus
1177 3001 1210 3061 in
1229 3008 1250 3070 G
1267 3003 1419 3085 quidquid
1434 3002 1509 3065 boni
1525 3002 1632 3079 habes,
1649 3001 1786 3063 habuisti
1801 3008 1856 3063 aut
1868 2997 1996 3075 habebis,

460 3105 668 3168 admiratione
688 3123 724 3166 ac
744 3102 910 3164 intuitione
934 3100 1110 3182 mejestatis
1131 3098 1210 3161 divi·
1266 3104 1386 3165 donum
1405 3120 1442 3164 ιο
1461 3100 1655 3164 beneficium
1676 3118 1783 3163 meum
1807 3118 1876 3162 esse
1897 3115 1999 3179 cogno

462 3222 512 3265 nae
540 3210 601 3264 stat
625 3220 810 3283 suspensus,
838 3200 924 3262 clare
951 3208 983 3262 et
1010 3199 1209 3260 instantanee
1266 3199 1374 3261 sce.Et
1388 3200 1501 3262 horum
1516 3199 1658 3279 quaedem
1673 3198 2001 3280 suntgeneralia,quc

461 3320 607 3379 cernens,
624 3308 720 3381 prout
734 3299 767 3360 in
783 3298 847 3360 vita
861 3298 920 3360 hac
943 3316 999 3378 per
1020 3298 1139 3359 donum
1162 3315 1210 3357 sa·
1265 3299 1338 3360 dam
1354 3297 1519 3379 specialia,
1533 3298 1677 3378 quaedam
1689 3295 1856 3374 naturalia,
1868 3296 1999 3376 quaedam

461 3398 587 3481 pientiae
611 3418 648 3461 ac
667 3397 833 3479 mysticam
853 3394 1045 3477 theologiam
1065 3393 1208 3475 conspici
1266 3395 1538 3478 supernaturalia,
1559 3396 1702 3477 quaedam
1726 3393 1911 3476 corporalia,
1927 3412 2000 3474 que

459 3505 573 3578 potest,
591 3496 859 3577 quemadmodum
875 3493 943 3574 ipse
957 3494 1040 3555 Deus
1055 3492 1096 3555 sit
1109 3511 1208 3554 unum
1265 3496 1338 3557 dam
1358 3493 1536 3576 spiritualia
1550 3516 1558 3570 3
1578 3495 1722 3575 quedam
1742 3492 1999 3575 comprehensibi-

459 3613 529 3657 esse
544 3592 830 3674 simplicissimum,
846 3590 1108 3670 actualissimum,
1121 3609 1209 3672 pror·
1265 3593 1317 3674 lie,
1334 3594 1478 3674 quaedam
1496 3591 1851 3673 incomprehensibilia;
1868 3592 1998 3673 quedam

459 3712 513 3755 sus
538 3692 739 3770 immensum,
765 3690 889 3752 infinite
918 3688 1107 3772 perlectum,
1135 3708 1208 3751 vere
1264 3691 1336 3754 ritae
1350 3690 1524 3772 praesentis,
1541 3690 1685 3770 quaedam
1700 3689 1772 3751 vitae
1787 3689 1911 3751 luturae.
1926 3689 1999 3763 Quae

459 3790 781 3870 incircumscriptum,
797 3788 828 3850 in
853 3806 917 3869 quo
942 3796 1000 3865 est,
1017 3788 1082 3850 imo
1104 3787 1208 3868 potius
1263 3791 1337 3853 dam
1367 3808 1492 3871 quoquo
1520 3789 1670 3851 dicuntur
1698 3789 1780 3851 bona
1808 3788 1949 3868 lortunae,
1972 3795 1999 3849 ct

460 3888 544 3969 quod
559 3896 607 3951 est
622 3886 726 3951 omnis
746 3884 910 3967 perfectio,
926 3884 1029 3948 omnis
1048 3884 1206 3963 nobilitas,
1263 3889 1407 3969 quaedam
1423 3888 1505 3950 bona
1518 3886 1683 3965 Ecclesiae3
1700 3887 1843 3968 quaedam
1858 3886 1998 3949 extoriom

459 3986 562 4049 omnis
597 3985 768 4062 beatitudo,
803 3983 1005 4064 pulchritudo
1040 3983 1206 4063 immensa,
1263 3995 1294 4049 et
1309 3984 1526 4063 accidentalia,
1542 3986 1686 4066 quaedam
1707 3984 1858 4048 interiora
1883 3992 1914 4047 et
1936 3984 1999 4045 snb

459 4081 594 4145 dulcedo
628 4082 809 4159 illimitata;
839 4081 932 4162 cujus
967 4080 1205 4161 omnipotentia,
1263 4084 1432 4147 stantialia.

459 4179 625 4261 sapientia,
633 4178 806 4260 opulentia,
820 4179 980 4256 sanctitas,
994 4178 1106 4259 gloria,
1119 4180 1206 4241 omni
1223 4184 1247 4246 D
1302 4182 1412 4246 Nonne
1432 4200 1548 4263 corpus
1568 4188 1600 4243 et
1619 4180 1762 4261 corporis
1787 4181 1939 4260 membra,
1958 4198 2000 4243 ro

459 4285 546 4341 caret
575 4278 711 4340 termino
736 4295 772 4339 ac
802 4295 961 4338 mensura.
991 4311 1033 4322 -
1060 4276 1206 4340 Secundo
1263 4282 1333 4357 bur,
1350 4282 1508 4357 decorem,
1527 4279 1706 4359 sanitatem,
1723 4278 1898 4361 agilitatem
1913 4278 1999 4340 habes

458 4375 609 4457 pertingit
643 4375 738 4437 homo
772 4375 812 4437 ad
847 4373 1069 4455 hujuscemodi
1105 4373 1208 4436 Deita—
1263 4382 1363 4443 amel
1379 4380 1424 4441 lta
1438 4388 1470 4442 et
1483 4378 1635 4457 animam,
1652 4396 1717 4441 non
1731 4378 1997 4458 qualemcumque,

459 4474 500 4536 tis
521 4473 821 4554 contemplationem
840 4471 1030 4534 ascensoriis
1044 4471 1205 4552 gradibus,
1263 4479 1317 4540 sed
1338 4476 1524 4540 rationalem
1550 4476 1679 4558 largitus
1705 4495 1775 4537 sum
1800 4476 1870 4555 tibi,
1886 4486 1917 4538 et
1939 4473 2000 4537 nni-

460 4571 713 4633 transcendendo
728 4590 765 4633 ac
780 4568 987 4651 relinquendo
1003 4587 1036 4630 se
1051 4569 1157 4650 ipsum
1176 4578 1208 4633 et
1262 4595 1370 4639 versas
1395 4574 1551 4656 potentias
1577 4574 1658 4655 ejus,
1685 4574 1888 4656 vegetativas,
1911 4573 2000 4636 sensi-

460 4670 609 4732 universa
624 4677 739 4748 creata,
756 4668 864 4749 sicque
878 4666 1085 4748 ingrediendo
1102 4668 1208 4749 caligi-
1263 4674 1344 4736 tivas
1370 4682 1401 4736 et
1425 4672 1648 4735 intellectivas.
1676 4672 1786 4735 Nonne
1813 4673 1845 4735 in
1871 4672 2000 4735 ministe-

460 4786 547 4847 nem,
564 4767 624 4829 hoc
646 4775 694 4828 est
719 4766 758 4828 ad
783 4765 1145 4846 supersplendidissimae
1169 4787 1206 4831 ac
1263 4772 1344 4833 rium
1370 4780 1458 4834 tuum
1485 4772 1589 4833 creavi
1616 4771 1708 4833 orbes
1734 4772 1890 4851 coelestes,
1907 4772 2000 4833 sidera

461 4884 591 4948 prorsus
605 4863 932 4946 incomprehensibilis
947 4863 1076 4926 Deitatis
1097 4865 1208 4945 praela-
1262 4879 1294 4933 et
1315 4870 1470 4952 planetas,
1487 4869 1552 4931 imo
1574 4876 1606 4931 et
1626 4869 1793 4947 elementa,
1816 4868 2000 4933 irrationalia

461 4973 525 5027 tam
541 4960 683 5025 notitiam
703 4960 911 5041 pertingendo
931 4978 987 5041 per
1005 4980 1132 5025 omnem
1153 4982 1208 5025 ne·
1262 4987 1387 5051 quoque
1408 4986 1477 5049 quae
1502 4968 1534 5029 in
1558 4976 1641 5029 terra
1666 4975 1846 5046 moventur,
1862 4987 1931 5049 que
1953 4986 2002 5028 na-

458 5060 620 5157 gationem
645 5060 684 5122 ab
710 5079 757 5123 ea.
779 5059 894 5139 Sicque
914 5077 977 5140 quo
996 5059 1113 5123 clarius
1133 5082 1207 5126 eon·
1264 5076 1330 5129 tant
1359 5067 1391 5128 in
1422 5066 1522 5148 aquis,
1548 5084 1619 5146 quae
1648 5066 1755 5128 volant
1784 5065 1818 5127 in
1843 5084 1925 5143 aere,
1949 5063 1999 5126 tibi

459 5160 553 5241 spicit
571 5178 661 5221 mens
686 5157 814 5221 Deitatis
838 5166 994 5237 naturam,
1010 5177 1048 5221 co
1071 5160 1206 5225 validius
1262 5165 1385 5246 subjeci
1414 5172 1446 5227 et
1473 5164 1545 5226 usui
1574 5172 1628 5228 tuo
1658 5164 1823 5227 concessit
1848 5163 1999 5245 Numquid

458 5258 600 5325 allicitur
622 5258 662 5321 ad
685 5256 842 5335 eamdem,
858 5275 895 5320 ae
918 5256 988 5337 ejus
1009 5256 1137 5339 intuitu,
1154 5280 1206 5345 ap·
1262 5262 1484 5326 munificentia
1508 5282 1589 5342 mea,
1617 5263 1732 5325 caritas
1756 5281 1827 5325 mea
1851 5272 1882 5326 et
1905 5262 1999 5345 pietas
