4309 6259
423 455 461 522 ld
1116 474 1288 523 nummu

278 663 407 713 ramae.
422 660 534 725 pereas
549 660 586 706 ac
601 640 754 707 intereos
768 642 962 725 computeris
977 644 1146 725 dequibus
1161 664 1219 727 per
1231 644 1345 707 lsaiam
1359 652 1549 727 protestatus
1563 652 1612 707 est
1624 640 1974 725 Deuszdppropinquat

423 748 561 833 populus
576 748 636 813 iste
650 768 705 813 ore
720 768 778 814 suo
791 758 824 813 et
837 750 930 814 labiis
945 749 1012 813 suis
1025 750 1187 832 glorificat
1208 770 1271 832 me,
1288 770 1343 815 oor
1356 760 1462 815 autem
1476 752 1547 834 ejus
1562 752 1718 833 longeest
1733 768 1832 828 ame;
1848 748 1971 813 etitem

274 867 408 971 ¹{er-vat·
424 876 482 939 per
504 856 673 919 Ieremiam
690 880 697 919 ε
714 856 807 935 Audi,
824 857 940 939 popule
962 857 1068 937 stulte,
1089 857 1144 940 qui
1165 877 1231 921 non
1252 858 1351 922 hahes
1372 877 1438 939 cor,
1458 878 1510 922 me
1531 876 1596 922 non
1618 856 1782 935 timebitis,
1802 856 1858 939 qui
1879 854 1971 937 posui

304 960 310 973 '
426 978 555 1023 arenam
569 962 741 1025 terminum
756 962 857 1025 merit

284 1079 355 1125 icor.
366 1092 410 1131 nv.
485 1067 659 1131 Psallamus
673 1069 770 1151 igitur
784 1069 910 1151 spiritu,
925 1071 1100 1153 psallamus
1117 1080 1151 1134 et
1170 1080 1297 1151 mente3
1312 1074 1397 1154 quod
1418 1091 1473 1137 ore
1494 1072 1665 1155 profertur,
1681 1078 1787 1133 mente
1808 1076 1969 1151 pensetur.

278 1146 312 1187 ¹⁵⁸
425 1174 472 1236 hd
486 1175 571 1255 quod
586 1174 795 1257 implendum,
803 1176 890 1257 ipsos
905 1176 1040 1258 hymnos
1056 1176 1235 1258 intelligere
1249 1186 1298 1239 est
1311 1178 1499 1241 necessezin
1514 1176 1630 1259 quihus
1645 1184 1751 1239 tamen
1766 1193 1830 1239 non
1847 1174 1972 1236 videtur

424 1281 553 1363 mandis
576 1291 632 1345 aut
654 1282 802 1364 specialis
826 1284 1000 1347 consistere
1023 1284 1211 1348 difficultas.
1228 1284 1301 1348 ldeo
1320 1286 1513 1349 exhortando
1534 1284 1636 1365 magis
1655 1302 1751 1365 quam
1770 1282 1969 1364 exponendo,

424 1388 509 1451 circa
531 1388 590 1451 hos
617 1389 752 1471 hymnos
776 1389 909 1471 aliquid,
935 1398 1029 1472 prout
1051 1390 1219 1454 donaverit
1242 1391 1408 1470 Dominus,
1434 1390 1572 1454 breviter
1597 1390 1807 1469 introducam,
1833 1387 1917 1451 sicut
1940 1394 1972 1450 et

424 1494 615 1558 venerahilis
629 1495 758 1577 quidam
773 1495 873 1574 Potor,
890 1495 990 1578 aliqui
1005 1514 1132 1577 quoque
1142 1496 1256 1560 iratres
1270 1497 1375 1561 devoti
1392 1498 1511 1580 precati
1527 1505 1613 1559 sunt.

484 1603 654 1683 Postremo,
671 1602 808 1686 hymnus
827 1603 956 1687 proprie
975 1604 1155 1687 appellatur
1173 1604 1243 1668 laus
1257 1606 1312 1669 nai
1326 1606 1366 1669 ad
1381 1604 1584 1669 devotionem
1600 1604 1799 1682 accendens3
1815 1604 1969 1685 psalmus,

423 1709 492 1773 laus
507 1710 562 1773 Dei
577 1712 617 1774 ad
630 1711 712 1774 hene
727 1713 923 1793 operandum
939 1711 1095 1775 inducens
1108 1735 1116 1790 ;
1133 1712 1305 1793 canticum,
1321 1713 1360 1775 ad
1375 1712 1573 1795 spiritualem
1586 1711 1818 1794 jucunditatem
1832 1730 1871 1773 ex
1890 1710 1971 1773 diui·

422 1835 537 1880 norum
551 1824 646 1898 atque
659 1818 839 1881 coelestium
854 1817 1124 1901 contemplatione
1138 1819 1319 1883 sustollens.
1336 1820 1562 1882 Verumtamen
1582 1838 1682 1881 unum
1701 1819 1815 1882 horum
1834 1836 1891 1899 pro
1906 1817 1970 1881 alio

285 1936 408 1987 uranu,
423 1922 583 1987 multoties
607 1924 767 1986 sumitur:
784 1924 860 2006 quia
874 1932 906 1987 et
920 1926 1060 1988 secundo
1079 1925 1340 2008 Paralipomenon
1358 1923 1460 1987 lertur
1480 1925 1564 2006 quod
1579 1932 1724 1987 cantores
1739 1923 1850 2007 templi
1869 1923 1968 1986 Deum

276 2002 317 2107 ii,
328 2073 376 2120 an,
387 2064 408 2107 0,
423 2031 593 2095 laudabant
607 2032 641 2093 in
655 2031 784 2113 hymnis
798 2032 897 2096 David
912 2032 1008 2116 regis.
1020 2033 1054 2095 ln
1069 2032 1192 2096 Psalmo
1202 2033 1310 2111 etiam,
1322 2033 1377 2096 uhi
1388 2041 1496 2097 nostra
1505 2032 1601 2096 habet
1614 2032 1788 2110 translatio,
1800 2031 1970 2113 llepleatur

422 2158 458 2203 os
472 2158 579 2202 meum
594 2140 688 2204 laude
702 2148 738 2203 ut
758 2148 884 2204 cantem
905 2140 1040 2223 gloriam
1063 2150 1162 2220 tuam,
1179 2149 1244 2205 tota
1263 2143 1315 2205 die
1336 2141 1588 2223 magnitudinem
1609 2149 1707 2219 tuam,
1724 2140 1866 2204 continet
1878 2137 1966 2203 alia:

421 2247 591 2330 liepleatur
604 2264 640 2311 os
654 2265 763 2310 meum
777 2248 883 2328 laude,
898 2257 931 2312 et
945 2258 1070 2313 cantem
1085 2250 1239 2332 hymnum
1253 2248 1362 2332 gloriae
1375 2256 1447 2313 tua).
