<?xml version="1.0" encoding="UTF-8"?>
<!DOCTYPE html PUBLIC "-//W3C//DTD XHTML 1.0 Transitional//EN"
    "http://www.w3.org/TR/xhtml1/DTD/xhtml1-transitional.dtd">
<html xmlns="http://www.w3.org/1999/xhtml" xml:lang="en" lang="en">
 <head>
  <title>
</title>
<meta http-equiv="Content-Type" content="text/html;charset=utf-8" />
  <meta name='ocr-system' content='tesseract 3.04.00' />
  <meta name='ocr-capabilities' content='ocr_page ocr_carea ocr_par ocr_line ocrx_word'/>
</head>
<body>
  <div class='ocr_page' id='page_1' title='image "./doctorisecstati02unkngoog/doctorisecstati02unkngoog_0112.png"; bbox 0 0 4309 6259; ppageno 0'>
   <div class='ocr_carea' id='block_1_1' title="bbox 419 472 478 541">
    <p class='ocr_par' dir='ltr' id='par_1_1' title="bbox 419 472 478 541">
     <span class='ocr_line' id='line_1_1' title="bbox 419 472 478 541; baseline -0.034 -1"><span class='ocrx_word' id='word_1_1' title='bbox 419 472 478 541; x_wconf 74' lang='lat' dir='ltr'><strong>llll</strong></span> 
     </span>
    </p>
   </div>
   <div class='ocr_carea' id='block_1_2' title="bbox 832 486 1550 545">
    <p class='ocr_par' dir='ltr' id='par_1_2' title="bbox 832 486 1550 545">
     <span class='ocr_line' id='line_1_2' title="bbox 832 486 1550 545; baseline -0.006 -6"><span class='ocrx_word' id='word_1_2' title='bbox 832 490 989 539; x_wconf 72' lang='lat' dir='ltr'><strong>exeosttto</strong></span> <span class='ocrx_word' id='word_1_3' title='bbox 1010 489 1108 537; x_wconf 80' lang='lat' dir='ltr'><strong>HYllNl</strong></span> <span class='ocrx_word' id='word_1_4' title='bbox 1132 489 1138 533; x_wconf 89' lang='lat'>:</span> <span class='ocrx_word' id='word_1_5' title='bbox 1162 487 1251 545; x_wconf 77' lang='lat' dir='ltr'><strong>nnoS,</strong></span> <span class='ocrx_word' id='word_1_6' title='bbox 1274 487 1412 537; x_wconf 78' lang='lat' dir='ltr'><strong>unnarott</strong></span> <span class='ocrx_word' id='word_1_7' title='bbox 1432 486 1550 535; x_wconf 71' lang='lat' dir='ltr'><strong>OlNlUll</strong></span> 
     </span>
    </p>
   </div>
   <div class='ocr_carea' id='block_1_3' title="bbox 343 658 1972 746">
    <p class='ocr_par' dir='ltr' id='par_1_3' title="bbox 343 658 1972 746">
     <span class='ocr_line' id='line_1_3' title="bbox 343 658 1972 746; baseline -0.002 -19"><span class='ocrx_word' id='word_1_8' title='bbox 343 693 357 733; x_wconf 55' lang='lat'>2</span> <span class='ocrx_word' id='word_1_9' title='bbox 415 671 529 739; x_wconf 80' lang='lat' dir='ltr'><strong>vatur3</strong></span> <span class='ocrx_word' id='word_1_10' title='bbox 549 670 581 726; x_wconf 88' lang='lat' dir='ltr'><strong>et</strong></span> <span class='ocrx_word' id='word_1_11' title='bbox 604 670 639 724; x_wconf 90' lang='lat' dir='ltr'><strong>ut</strong></span> <span class='ocrx_word' id='word_1_12' title='bbox 660 661 807 746; x_wconf 88' lang='lat' dir='ltr'><strong>princeps</strong></span> <span class='ocrx_word' id='word_1_13' title='bbox 826 661 918 725; x_wconf 90' lang='lat' dir='ltr'><strong>docet</strong></span> <span class='ocrx_word' id='word_1_14' title='bbox 941 658 1162 743; x_wconf 77' lang='lat' dir='ltr'>Apostolorum</span> <span class='ocrx_word' id='word_1_15' title='bbox 1178 660 1204 723; x_wconf 83' lang='grc' dir='ltr'>Α</span> <span class='ocrx_word' id='word_1_16' title='bbox 1218 660 1347 723; x_wconf 90' lang='lat' dir='ltr'><strong>demum</strong></span> <span class='ocrx_word' id='word_1_17' title='bbox 1361 660 1445 741; x_wconf 90' lang='lat' dir='ltr'><strong>qnod</strong></span> <span class='ocrx_word' id='word_1_18' title='bbox 1457 660 1721 725; x_wconf 84' lang='lat' dir='ltr'><strong>Antisiodorensis</strong></span> <span class='ocrx_word' id='word_1_19' title='bbox 1735 661 1768 723; x_wconf 92' lang='lat' dir='ltr'><strong>in</strong></span> <span class='ocrx_word' id='word_1_20' title='bbox 1784 680 1842 725; x_wconf 87' lang='lat' dir='ltr'><strong>sua</strong></span> <span class='ocrx_word' id='word_1_21' title='bbox 1855 660 1972 725; x_wconf 87' lang='lat' dir='ltr'><strong>asserit</strong></span> 
     </span>
    </p>
   </div>
   <div class='ocr_carea' id='block_1_4' title="bbox 268 757 1165 1824">
    <p class='ocr_par' dir='ltr' id='par_1_4' title="bbox 268 757 1165 1824">
     <span class='ocr_line' id='line_1_4' title="bbox 271 757 1160 839; baseline -0.006 -16"><span class='ocrx_word' id='word_1_22' title='bbox 271 760 536 839; x_wconf 71' lang='lat' dir='ltr'><strong>trem.1.s.l³etrus,</strong></span> <span class='ocrx_word' id='word_1_23' title='bbox 558 760 671 823; x_wconf 76' lang='lat' dir='ltr'><strong>divinae</strong></span> <span class='ocrx_word' id='word_1_24' title='bbox 695 768 814 823; x_wconf 86' lang='lat' dir='ltr'><strong>naturae</strong></span> <span class='ocrx_word' id='word_1_25' title='bbox 838 777 968 823; x_wconf 86' lang='lat' dir='ltr'><strong>consors</strong></span> <span class='ocrx_word' id='word_1_26' title='bbox 992 757 1160 821; x_wconf 85' lang='lat' dir='ltr'><strong>allicitur:</strong></span> 
     </span>
     <span class='ocr_line' id='line_1_5' title="bbox 278 855 1161 947; baseline -0.002 -29"><span class='ocrx_word' id='word_1_27' title='bbox 278 872 402 947; x_wconf 66' lang='lat' dir='ltr'><strong>necatas.</strong></span> <span class='ocrx_word' id='word_1_28' title='bbox 418 859 502 941; x_wconf 94' lang='lat' dir='ltr'><strong>quod</strong></span> <span class='ocrx_word' id='word_1_29' title='bbox 533 878 666 940; x_wconf 88' lang='lat' dir='ltr'><strong>magnus</strong></span> <span class='ocrx_word' id='word_1_30' title='bbox 694 858 859 941; x_wconf 83' lang='lat' dir='ltr'><strong>Dionysius</strong></span> <span class='ocrx_word' id='word_1_31' title='bbox 889 866 980 921; x_wconf 87' lang='lat' dir='ltr'><strong>vocat</strong></span> <span class='ocrx_word' id='word_1_32' title='bbox 1007 855 1161 919; x_wconf 89' lang='lat' dir='ltr'><strong>deilioori.</strong></span> 
     </span>
     <span class='ocr_line' id='line_1_6' title="bbox 268 936 1161 1039; baseline -0.006 -19"><span class='ocrx_word' id='word_1_33' title='bbox 268 936 324 981; x_wconf 54' lang='lat'><strong>¹²¹⁰*</strong></span> <span class='ocrx_word' id='word_1_34' title='bbox 340 950 359 981; x_wconf 65' lang='lat'><strong>⁰⁴</strong></span> <span class='ocrx_word' id='word_1_35' title='bbox 378 951 392 981; x_wconf 84' lang='lat'><strong>¹·</strong></span> <span class='ocrx_word' id='word_1_36' title='bbox 418 957 532 1038; x_wconf 88' lang='lat' dir='ltr'><strong>Sicque</strong></span> <span class='ocrx_word' id='word_1_37' title='bbox 548 958 646 1039; x_wconf 90' lang='lat' dir='ltr'><strong>magis</strong></span> <span class='ocrx_word' id='word_1_38' title='bbox 663 956 884 1039; x_wconf 76' lang='lat' dir='ltr'><strong>simplificatur</strong></span> <span class='ocrx_word' id='word_1_39' title='bbox 899 956 931 1018; x_wconf 95' lang='lat' dir='ltr'><strong>in</strong></span> <span class='ocrx_word' id='word_1_40' title='bbox 947 956 1068 1019; x_wconf 85' lang='lat' dir='ltr'><strong>actibus</strong></span> <span class='ocrx_word' id='word_1_41' title='bbox 1085 953 1161 1032; x_wconf 93' lang='lat' dir='ltr'><strong>suis,</strong></span> 
     </span>
     <span class='ocr_line' id='line_1_7' title="bbox 417 1052 1165 1137; baseline -0.007 -18"><span class='ocrx_word' id='word_1_42' title='bbox 417 1056 461 1119; x_wconf 91' lang='lat' dir='ltr'><strong>ita</strong></span> <span class='ocrx_word' id='word_1_43' title='bbox 496 1056 580 1137; x_wconf 94' lang='lat' dir='ltr'><strong>quod</strong></span> <span class='ocrx_word' id='word_1_44' title='bbox 614 1056 768 1119; x_wconf 85' lang='lat' dir='ltr'><strong>exercitiis</strong></span> <span class='ocrx_word' id='word_1_45' title='bbox 804 1054 1029 1136; x_wconf 65' lang='lat' dir='ltr'><strong>spiritualibus</strong></span> <span class='ocrx_word' id='word_1_46' title='bbox 1065 1052 1165 1115; x_wconf 89' lang='lat' dir='ltr'><strong>medi-</strong></span> 
     </span>
     <span class='ocr_line' id='line_1_8' title="bbox 417 1152 1161 1235; baseline -0.004 -18"><span class='ocrx_word' id='word_1_47' title='bbox 417 1155 524 1233; x_wconf 91' lang='lat' dir='ltr'><strong>tando,</strong></span> <span class='ocrx_word' id='word_1_48' title='bbox 555 1153 810 1235; x_wconf 85' lang='lat' dir='ltr'><strong>contemplando,</strong></span> <span class='ocrx_word' id='word_1_49' title='bbox 835 1152 1000 1229; x_wconf 83' lang='lat' dir='ltr'><strong>fervendo,</strong></span> <span class='ocrx_word' id='word_1_50' title='bbox 1031 1152 1161 1228; x_wconf 89' lang='lat' dir='ltr'><strong>orando,</strong></span> 
     </span>
     <span class='ocr_line' id='line_1_9' title="bbox 417 1250 1164 1335; baseline -0.005 -20"><span class='ocrx_word' id='word_1_51' title='bbox 417 1252 593 1335; x_wconf 88' lang='lat' dir='ltr'><strong>psallendo,</strong></span> <span class='ocrx_word' id='word_1_52' title='bbox 619 1251 761 1314; x_wconf 91' lang='lat' dir='ltr'><strong>stabilius</strong></span> <span class='ocrx_word' id='word_1_53' title='bbox 789 1250 984 1329; x_wconf 79' lang='lat' dir='ltr'><strong>immoratur,</strong></span> <span class='ocrx_word' id='word_1_54' title='bbox 1015 1250 1164 1330; x_wconf 85' lang='lat' dir='ltr'><strong>trequen-</strong></span> 
     </span>
     <span class='ocr_line' id='line_1_10' title="bbox 418 1348 1164 1431; baseline -0.004 -18"><span class='ocrx_word' id='word_1_55' title='bbox 418 1350 479 1413; x_wconf 92' lang='lat' dir='ltr'><strong>tius</strong></span> <span class='ocrx_word' id='word_1_56' title='bbox 498 1358 672 1431; x_wconf 90' lang='lat' dir='ltr'><strong>occupatur</strong></span> <span class='ocrx_word' id='word_1_57' title='bbox 691 1349 931 1430; x_wconf 80' lang='lat' dir='ltr'><strong>diuturniusque</strong></span> <span class='ocrx_word' id='word_1_58' title='bbox 950 1348 1064 1411; x_wconf 90' lang='lat' dir='ltr'><strong>insistit</strong></span> <span class='ocrx_word' id='word_1_59' title='bbox 1082 1372 1089 1408; x_wconf 75' lang='grc' dir='ltr'><strong>ε</strong></span> <span class='ocrx_word' id='word_1_60' title='bbox 1106 1366 1164 1429; x_wconf 89' lang='lat' dir='ltr'><strong>per</strong></span> 
     </span>
     <span class='ocr_line' id='line_1_11' title="bbox 416 1446 1161 1529; baseline -0.005 -18"><span class='ocrx_word' id='word_1_61' title='bbox 416 1450 500 1529; x_wconf 93' lang='lat' dir='ltr'><strong>quod</strong></span> <span class='ocrx_word' id='word_1_62' title='bbox 516 1449 641 1511; x_wconf 91' lang='lat' dir='ltr'><strong>divinus</strong></span> <span class='ocrx_word' id='word_1_63' title='bbox 657 1448 779 1512; x_wconf 88' lang='lat' dir='ltr'><strong>censeri</strong></span> <span class='ocrx_word' id='word_1_64' title='bbox 793 1456 944 1526; x_wconf 90' lang='lat' dir='ltr'><strong>meretur,</strong></span> <span class='ocrx_word' id='word_1_65' title='bbox 961 1447 988 1508; x_wconf 91' lang='lat' dir='ltr'><strong>si</strong></span> <span class='ocrx_word' id='word_1_66' title='bbox 1006 1455 1113 1509; x_wconf 89' lang='lat' dir='ltr'><strong>tamen</strong></span> <span class='ocrx_word' id='word_1_67' title='bbox 1129 1446 1161 1507; x_wconf 95' lang='lat' dir='ltr'><strong>in</strong></span> 
     </span>
     <span class='ocr_line' id='line_1_12' title="bbox 416 1544 1160 1627; baseline -0.004 -17"><span class='ocrx_word' id='word_1_68' title='bbox 416 1546 502 1610; x_wconf 93' lang='lat' dir='ltr'><strong>omni</strong></span> <span class='ocrx_word' id='word_1_69' title='bbox 518 1554 626 1609; x_wconf 87' lang='lat' dir='ltr'><strong>sancta</strong></span> <span class='ocrx_word' id='word_1_70' title='bbox 640 1546 827 1624; x_wconf 91' lang='lat' dir='ltr'><strong>bumilitate,</strong></span> <span class='ocrx_word' id='word_1_71' title='bbox 844 1544 1004 1627; x_wconf 90' lang='lat' dir='ltr'><strong>patientia,</strong></span> <span class='ocrx_word' id='word_1_72' title='bbox 1018 1545 1160 1620; x_wconf 87' lang='lat' dir='ltr'><strong>mititate,</strong></span> 
     </span>
     <span class='ocr_line' id='line_1_13' title="bbox 415 1642 1162 1721; baseline -0.003 -14"><span class='ocrx_word' id='word_1_73' title='bbox 415 1644 604 1721; x_wconf 81' lang='lat' dir='ltr'><strong>obediontia,</strong></span> <span class='ocrx_word' id='word_1_74' title='bbox 627 1644 805 1721; x_wconf 81' lang='lat' dir='ltr'><strong>sobrietate,</strong></span> <span class='ocrx_word' id='word_1_75' title='bbox 829 1643 970 1705; x_wconf 88' lang='lat' dir='ltr'><strong>custodia</strong></span> <span class='ocrx_word' id='word_1_76' title='bbox 994 1652 1025 1705; x_wconf 91' lang='lat' dir='ltr'><strong>et</strong></span> <span class='ocrx_word' id='word_1_77' title='bbox 1050 1642 1162 1705; x_wconf 90' lang='lat' dir='ltr'><strong>timore</strong></span> 
     </span>
     <span class='ocr_line' id='line_1_14' title="bbox 415 1739 1160 1824; baseline -0.005 -20"><span class='ocrx_word' id='word_1_78' title='bbox 415 1742 561 1824; x_wconf 81' lang='lat' dir='ltr'><strong>persistat</strong></span> <span class='ocrx_word' id='word_1_79' title='bbox 584 1750 616 1805; x_wconf 90' lang='lat' dir='ltr'><strong>et</strong></span> <span class='ocrx_word' id='word_1_80' title='bbox 641 1749 762 1805; x_wconf 88' lang='lat' dir='ltr'><strong>crescat</strong></span> <span class='ocrx_word' id='word_1_81' title='bbox 791 1758 892 1820; x_wconf 90' lang='lat' dir='ltr'><strong>usque</strong></span> <span class='ocrx_word' id='word_1_82' title='bbox 920 1740 953 1801; x_wconf 92' lang='lat' dir='ltr'><strong>in</strong></span> <span class='ocrx_word' id='word_1_83' title='bbox 979 1739 1089 1801; x_wconf 81' lang='lat' dir='ltr'><strong>finem.</strong></span> <span class='ocrx_word' id='word_1_84' title='bbox 1114 1740 1160 1801; x_wconf 86' lang='lat' dir='ltr'><strong>Ad</strong></span> 
     </span>
    </p>
   </div>
   <div class='ocr_carea' id='block_1_5' title="bbox 413 1832 2146 1950">
    <p class='ocr_par' dir='ltr' id='par_1_5' title="bbox 413 1832 2146 1950">
     <span class='ocr_line' id='line_1_15' title="bbox 413 1832 2146 1950; baseline 0 -48"><span class='ocrx_word' id='word_1_85' title='bbox 413 1841 497 1921; x_wconf 92' lang='lat' dir='ltr'><strong>quod</strong></span> <span class='ocrx_word' id='word_1_86' title='bbox 527 1841 630 1904; x_wconf 92' lang='lat' dir='ltr'><strong>omnis</strong></span> <span class='ocrx_word' id='word_1_87' title='bbox 659 1840 834 1921; x_wconf 90' lang='lat' dir='ltr'><strong>religiosus,</strong></span> <span class='ocrx_word' id='word_1_88' title='bbox 862 1838 1059 1919; x_wconf 92' lang='lat' dir='ltr'><strong>potissimum</strong></span> <span class='ocrx_word' id='word_1_89' title='bbox 1090 1837 1163 1899; x_wconf 90' lang='lat' dir='ltr'><strong>soli·</strong></span> <span class='ocrx_word' id='word_1_90' title='bbox 1177 1832 1200 1893; x_wconf 88' lang='lat' dir='ltr'><strong>B</strong></span> <span class='ocrx_word' id='word_1_91' title='bbox 1217 1836 1265 1898; x_wconf 92' lang='lat' dir='ltr'><strong>nis</strong></span> <span class='ocrx_word' id='word_1_92' title='bbox 1280 1836 1361 1918; x_wconf 85' lang='lat' dir='ltr'><strong>ejus,</strong></span> <span class='ocrx_word' id='word_1_93' title='bbox 1380 1847 1414 1899; x_wconf 92' lang='lat' dir='ltr'><strong>ut</strong></span> <span class='ocrx_word' id='word_1_94' title='bbox 1428 1838 1473 1900; x_wconf 91' lang='lat' dir='ltr'><strong>sic</strong></span> <span class='ocrx_word' id='word_1_95' title='bbox 1488 1839 1752 1903; x_wconf 82' lang='lat' dir='ltr'><strong>transformemur</strong></span> <span class='ocrx_word' id='word_1_96' title='bbox 1764 1839 1798 1903; x_wconf 94' lang='lat' dir='ltr'><strong>in</strong></span> <span class='ocrx_word' id='word_1_97' title='bbox 1813 1840 1917 1922; x_wconf 94' lang='lat' dir='ltr'><strong>ipsum</strong></span> <span class='ocrx_word' id='word_1_98' title='bbox 1932 1849 1966 1903; x_wconf 90' lang='lat' dir='ltr'><strong>et</strong></span> <span class='ocrx_word' id='word_1_99' title='bbox 2145 1857 2146 1950; x_wconf 64' lang='lat' dir='ltr'><strong>q</strong></span> 
     </span>
    </p>
   </div>
   <div class='ocr_carea' id='block_1_6' title="bbox 278 1937 1162 2997">
    <p class='ocr_par' dir='ltr' id='par_1_6' title="bbox 414 1937 1161 2017">
     <span class='ocr_line' id='line_1_16' title="bbox 414 1937 1161 2017; baseline -0.005 -16"><span class='ocrx_word' id='word_1_100' title='bbox 414 1939 510 2001; x_wconf 90' lang='lat' dir='ltr'><strong>tarius</strong></span> <span class='ocrx_word' id='word_1_101' title='bbox 532 1948 564 2002; x_wconf 90' lang='lat' dir='ltr'><strong>et</strong></span> <span class='ocrx_word' id='word_1_102' title='bbox 582 1938 799 2016; x_wconf 85' lang='lat' dir='ltr'><strong>Cartusiensis,</strong></span> <span class='ocrx_word' id='word_1_103' title='bbox 815 1938 890 1999; x_wconf 91' lang='lat' dir='ltr'><strong>dare</strong></span> <span class='ocrx_word' id='word_1_104' title='bbox 910 1956 944 1999; x_wconf 90' lang='lat' dir='ltr'><strong>se</strong></span> <span class='ocrx_word' id='word_1_105' title='bbox 963 1937 1068 2016; x_wconf 88' lang='lat' dir='ltr'><strong>debet,</strong></span> <span class='ocrx_word' id='word_1_106' title='bbox 1085 1956 1161 2017; x_wconf 91' lang='lat' dir='ltr'><strong>qua-</strong></span> 
     </span>
    </p>

    <p class='ocr_par' dir='ltr' id='par_1_7' title="bbox 413 2034 1162 2112">
     <span class='ocr_line' id='line_1_17' title="bbox 413 2034 1162 2112; baseline -0.004 -15"><span class='ocrx_word' id='word_1_107' title='bbox 413 2044 506 2099; x_wconf 85' lang='lat' dir='ltr'><strong>tenus</strong></span> <span class='ocrx_word' id='word_1_108' title='bbox 531 2036 666 2100; x_wconf 88' lang='lat' dir='ltr'><strong>solitudo</strong></span> <span class='ocrx_word' id='word_1_109' title='bbox 692 2056 749 2098; x_wconf 88' lang='lat' dir='ltr'><strong>sua</strong></span> <span class='ocrx_word' id='word_1_110' title='bbox 775 2034 930 2112; x_wconf 92' lang='lat' dir='ltr'><strong>salutaris,</strong></span> <span class='ocrx_word' id='word_1_111' title='bbox 957 2053 1020 2097; x_wconf 95' lang='lat' dir='ltr'><strong>non</strong></span> <span class='ocrx_word' id='word_1_112' title='bbox 1047 2034 1162 2097; x_wconf 89' lang='lat' dir='ltr'><strong>bestia-</strong></span> 
     </span>
    </p>

    <p class='ocr_par' dir='ltr' id='par_1_8' title="bbox 278 2129 1161 2214">
     <span class='ocr_line' id='line_1_18' title="bbox 278 2129 1161 2214; baseline -0.002 -19"><span class='ocrx_word' id='word_1_113' title='bbox 278 2129 296 2135; x_wconf 79' lang='grc'>”</span> <span class='ocrx_word' id='word_1_114' title='bbox 340 2192 343 2197; x_wconf 90' lang='grc'><strong>,</strong></span> <span class='ocrx_word' id='word_1_115' title='bbox 413 2132 452 2195; x_wconf 92' lang='lat' dir='ltr'><strong>lis</strong></span> <span class='ocrx_word' id='word_1_116' title='bbox 468 2134 595 2196; x_wconf 79' lang='lat' dir='ltr'><strong>exsistat</strong></span> <span class='ocrx_word' id='word_1_117' title='bbox 612 2158 618 2195; x_wconf 76' lang='grc' dir='ltr'><strong>ε</strong></span> <span class='ocrx_word' id='word_1_118' title='bbox 637 2133 792 2214; x_wconf 91' lang='lat' dir='ltr'><strong>siquidem</strong></span> <span class='ocrx_word' id='word_1_119' title='bbox 809 2133 904 2195; x_wconf 93' lang='lat' dir='ltr'><strong>homo</strong></span> <span class='ocrx_word' id='word_1_120' title='bbox 925 2132 1021 2210; x_wconf 91' lang='lat' dir='ltr'><strong>solus,</strong></span> <span class='ocrx_word' id='word_1_121' title='bbox 1039 2139 1088 2194; x_wconf 89' lang='lat' dir='ltr'><strong>est</strong></span> <span class='ocrx_word' id='word_1_122' title='bbox 1106 2140 1161 2194; x_wconf 90' lang='lat' dir='ltr'><strong>aut</strong></span> 
     </span>
    </p>

    <p class='ocr_par' dir='ltr' id='par_1_9' title="bbox 412 2229 1160 2393">
     <span class='ocr_line' id='line_1_19' title="bbox 412 2229 1160 2311; baseline -0.005 -16"><span class='ocrx_word' id='word_1_123' title='bbox 412 2233 491 2295; x_wconf 88' lang='lat' dir='ltr'><strong>deus</strong></span> <span class='ocrx_word' id='word_1_124' title='bbox 517 2240 571 2294; x_wconf 88' lang='lat' dir='ltr'><strong>aut</strong></span> <span class='ocrx_word' id='word_1_125' title='bbox 595 2232 705 2311; x_wconf 90' lang='lat' dir='ltr'><strong>bestia,</strong></span> <span class='ocrx_word' id='word_1_126' title='bbox 722 2231 782 2294; x_wconf 93' lang='lat' dir='ltr'><strong>hoo</strong></span> <span class='ocrx_word' id='word_1_127' title='bbox 807 2238 854 2293; x_wconf 90' lang='lat' dir='ltr'><strong>est</strong></span> <span class='ocrx_word' id='word_1_128' title='bbox 879 2230 1003 2293; x_wconf 92' lang='lat' dir='ltr'><strong>divinus</strong></span> <span class='ocrx_word' id='word_1_129' title='bbox 1028 2229 1160 2292; x_wconf 80' lang='lat' dir='ltr'><strong>anthe</strong></span> 
     </span>
     <span class='ocr_line' id='line_1_20' title="bbox 413 2329 523 2393; baseline 0 0"><span class='ocrx_word' id='word_1_130' title='bbox 413 2329 523 2393; x_wconf 87' lang='lat' dir='ltr'><strong>stialis.</strong></span> 
     </span>
    </p>

    <p class='ocr_par' dir='ltr' id='par_1_10' title="bbox 301 2426 1159 2510">
     <span class='ocr_line' id='line_1_21' title="bbox 301 2426 1159 2510; baseline -0.007 -17"><span class='ocrx_word' id='word_1_131' title='bbox 301 2449 396 2501; x_wconf 55' lang='lat' dir='ltr'><strong>veter.</strong></span> <span class='ocrx_word' id='word_1_132' title='bbox 453 2428 620 2510; x_wconf 88' lang='lat' dir='ltr'><strong>Deinceps,</strong></span> <span class='ocrx_word' id='word_1_133' title='bbox 646 2428 796 2510; x_wconf 91' lang='lat' dir='ltr'><strong>quoniam</strong></span> <span class='ocrx_word' id='word_1_134' title='bbox 825 2428 920 2490; x_wconf 95' lang='lat' dir='ltr'><strong>homo</strong></span> <span class='ocrx_word' id='word_1_135' title='bbox 949 2428 988 2489; x_wconf 90' lang='lat' dir='ltr'><strong>ad</strong></span> <span class='ocrx_word' id='word_1_136' title='bbox 1019 2426 1159 2489; x_wconf 90' lang='lat' dir='ltr'><strong>laborem</strong></span> 
     </span>
    </p>

    <p class='ocr_par' dir='ltr' id='par_1_11' title="bbox 412 2524 1158 2606">
     <span class='ocr_line' id='line_1_22' title="bbox 412 2524 1158 2606; baseline -0.003 -18"><span class='ocrx_word' id='word_1_137' title='bbox 412 2526 551 2588; x_wconf 87' lang='lat' dir='ltr'><strong>nascitur</strong></span> <span class='ocrx_word' id='word_1_138' title='bbox 565 2526 832 2606; x_wconf 90' lang='lat' dir='ltr'><strong>quemadmodum</strong></span> <span class='ocrx_word' id='word_1_139' title='bbox 848 2525 913 2587; x_wconf 87' lang='lat' dir='ltr'><strong>avis</strong></span> <span class='ocrx_word' id='word_1_140' title='bbox 929 2526 967 2587; x_wconf 90' lang='lat' dir='ltr'><strong>ad</strong></span> <span class='ocrx_word' id='word_1_141' title='bbox 988 2524 1158 2587; x_wconf 92' lang='lat' dir='ltr'><strong>volandum</strong></span> 
     </span>
    </p>

    <p class='ocr_par' dir='ltr' id='par_1_12' title="bbox 411 2622 1156 2705">
     <span class='ocr_line' id='line_1_23' title="bbox 411 2622 1156 2705; baseline -0.003 -20"><span class='ocrx_word' id='word_1_142' title='bbox 411 2626 498 2704; x_wconf 89' lang='lat' dir='ltr'><strong>(nam</strong></span> <span class='ocrx_word' id='word_1_143' title='bbox 519 2633 550 2687; x_wconf 91' lang='lat' dir='ltr'><strong>et</strong></span> <span class='ocrx_word' id='word_1_144' title='bbox 569 2624 600 2685; x_wconf 93' lang='lat' dir='ltr'><strong>in</strong></span> <span class='ocrx_word' id='word_1_145' title='bbox 621 2623 834 2705; x_wconf 90' lang='lat' dir='ltr'><strong>spiritualibus</strong></span> <span class='ocrx_word' id='word_1_146' title='bbox 850 2624 939 2686; x_wconf 87' lang='lat' dir='ltr'><strong>labor</strong></span> <span class='ocrx_word' id='word_1_147' title='bbox 958 2631 1006 2685; x_wconf 98' lang='grc' dir='ltr'><strong>εει</strong></span> <span class='ocrx_word' id='word_1_148' title='bbox 1021 2622 1156 2703; x_wconf 89' lang='lat' dir='ltr'><strong>corpori,</strong></span> 
     </span>
    </p>

    <p class='ocr_par' dir='ltr' id='par_1_13' title="bbox 409 2720 1156 2801">
     <span class='ocr_line' id='line_1_24' title="bbox 409 2720 1156 2801; baseline -0.003 -18"><span class='ocrx_word' id='word_1_149' title='bbox 409 2722 474 2786; x_wconf 92' lang='lat' dir='ltr'><strong>imo</strong></span> <span class='ocrx_word' id='word_1_150' title='bbox 489 2722 646 2785; x_wconf 92' lang='lat' dir='ltr'><strong>interdum</strong></span> <span class='ocrx_word' id='word_1_151' title='bbox 662 2740 725 2785; x_wconf 94' lang='lat' dir='ltr'><strong>nou</strong></span> <span class='ocrx_word' id='word_1_152' title='bbox 742 2722 844 2784; x_wconf 94' lang='lat' dir='ltr'><strong>solum</strong></span> <span class='ocrx_word' id='word_1_153' title='bbox 860 2721 1015 2801; x_wconf 85' lang='lat' dir='ltr'><strong>organicis</strong></span> <span class='ocrx_word' id='word_1_154' title='bbox 1026 2720 1156 2798; x_wconf 78' lang='lat' dir='ltr'><strong>viribuS,</strong></span> 
     </span>
    </p>

    <p class='ocr_par' dir='ltr' id='par_1_14' title="bbox 410 2819 1159 2898">
     <span class='ocr_line' id='line_1_25' title="bbox 410 2819 1159 2898; baseline -0.005 -14"><span class='ocrx_word' id='word_1_155' title='bbox 410 2822 465 2884; x_wconf 88' lang='lat' dir='ltr'><strong>sed</strong></span> <span class='ocrx_word' id='word_1_156' title='bbox 484 2821 578 2883; x_wconf 88' lang='lat' dir='ltr'><strong>etiam</strong></span> <span class='ocrx_word' id='word_1_157' title='bbox 598 2820 696 2883; x_wconf 92' lang='lat' dir='ltr'><strong>menti</strong></span> <span class='ocrx_word' id='word_1_158' title='bbox 716 2819 939 2898; x_wconf 89' lang='lat' dir='ltr'><strong>necessarius),</strong></span> <span class='ocrx_word' id='word_1_159' title='bbox 957 2819 1031 2881; x_wconf 92' lang='lat' dir='ltr'><strong>bino</strong></span> <span class='ocrx_word' id='word_1_160' title='bbox 1051 2819 1159 2881; x_wconf 92' lang='lat' dir='ltr'><strong>subdi-</strong></span> 
     </span>
    </p>

    <p class='ocr_par' dir='ltr' id='par_1_15' title="bbox 409 2917 1156 2997">
     <span class='ocr_line' id='line_1_26' title="bbox 409 2917 1156 2997; baseline -0.004 -16"><span class='ocrx_word' id='word_1_161' title='bbox 409 2926 460 2981; x_wconf 86' lang='lat' dir='ltr'><strong>tur</strong></span> <span class='ocrx_word' id='word_1_162' title='bbox 484 2928 696 2997; x_wconf 83' lang='lat' dir='ltr'><strong>:mentesque</strong></span> <span class='ocrx_word' id='word_1_163' title='bbox 717 2921 820 2995; x_wconf 81' lang='lat' dir='ltr'><strong>fessas</strong></span> <span class='ocrx_word' id='word_1_164' title='bbox 844 2921 960 2977; x_wconf 80' lang='lat' dir='ltr'><strong>allevet</strong></span> <span class='ocrx_word' id='word_1_165' title='bbox 982 2938 993 2977; x_wconf 94' lang='lat'><em>:</em></span> <span class='ocrx_word' id='word_1_166' title='bbox 1012 2917 1071 2979; x_wconf 90' lang='lat' dir='ltr'><strong>hoc</strong></span> <span class='ocrx_word' id='word_1_167' title='bbox 1097 2925 1156 2993; x_wconf 85' lang='lat' dir='ltr'><strong>est,</strong></span> 
     </span>
    </p>
   </div>
   <div class='ocr_carea' id='block_1_7' title="bbox 1213 758 2146 3003">
    <p class='ocr_par' dir='ltr' id='par_1_16' title="bbox 1213 758 2146 3003">
     <span class='ocr_line' id='line_1_27' title="bbox 1218 758 1970 841; baseline 0.003 -20"><span class='ocrx_word' id='word_1_168' title='bbox 1218 758 1358 838; x_wconf 88' lang='lat' dir='ltr'><strong>Summa,</strong></span> <span class='ocrx_word' id='word_1_169' title='bbox 1374 759 1549 823; x_wconf 87' lang='lat' dir='ltr'><strong>orationem</strong></span> <span class='ocrx_word' id='word_1_170' title='bbox 1569 760 1806 841; x_wconf 83' lang='lat' dir='ltr'><strong>contemplativi</strong></span> <span class='ocrx_word' id='word_1_171' title='bbox 1826 779 1890 824; x_wconf 96' lang='lat' dir='ltr'><strong>non</strong></span> <span class='ocrx_word' id='word_1_172' title='bbox 1911 761 1970 823; x_wconf 88' lang='lat' dir='ltr'><strong>ha-</strong></span> 
     </span>
     <span class='ocr_line' id='line_1_28' title="bbox 1217 855 1967 939; baseline 0.001 -21"><span class='ocrx_word' id='word_1_173' title='bbox 1217 855 1293 918; x_wconf 91' lang='lat' dir='ltr'><strong>bere</strong></span> <span class='ocrx_word' id='word_1_174' title='bbox 1322 855 1462 920; x_wconf 91' lang='lat' dir='ltr'><strong>laborem</strong></span> <span class='ocrx_word' id='word_1_175' title='bbox 1490 876 1661 937; x_wconf 85' lang='lat' dir='ltr'><strong>annexum,</strong></span> <span class='ocrx_word' id='word_1_176' title='bbox 1687 856 1821 939; x_wconf 87' lang='lat' dir='ltr'><strong>intelligi</strong></span> <span class='ocrx_word' id='word_1_177' title='bbox 1849 866 1967 939; x_wconf 91' lang='lat' dir='ltr'><strong>potest,</strong></span> 
     </span>
     <span class='ocr_line' id='line_1_29' title="bbox 1217 952 1969 1036; baseline 0.007 -22"><span class='ocrx_word' id='word_1_178' title='bbox 1217 954 1301 1034; x_wconf 92' lang='lat' dir='ltr'><strong>quod</strong></span> <span class='ocrx_word' id='word_1_179' title='bbox 1320 952 1439 1016; x_wconf 88' lang='lat' dir='ltr'><strong>directe</strong></span> <span class='ocrx_word' id='word_1_180' title='bbox 1463 964 1494 1016; x_wconf 89' lang='lat' dir='ltr'><strong>et</strong></span> <span class='ocrx_word' id='word_1_181' title='bbox 1519 974 1576 1036; x_wconf 94' lang='lat' dir='ltr'><strong>per</strong></span> <span class='ocrx_word' id='word_1_182' title='bbox 1599 975 1634 1018; x_wconf 93' lang='lat' dir='ltr'><strong>se</strong></span> <span class='ocrx_word' id='word_1_183' title='bbox 1657 973 1721 1017; x_wconf 92' lang='lat' dir='ltr'><strong>uon</strong></span> <span class='ocrx_word' id='word_1_184' title='bbox 1746 956 1787 1017; x_wconf 92' lang='lat' dir='ltr'><strong>sit</strong></span> <span class='ocrx_word' id='word_1_185' title='bbox 1810 955 1969 1021; x_wconf 88' lang='lat' dir='ltr'><strong>laboriosa</strong></span> 
     </span>
     <span class='ocr_line' id='line_1_30' title="bbox 1218 1053 1969 1134; baseline 0.005 -21"><span class='ocrx_word' id='word_1_186' title='bbox 1218 1059 1312 1132; x_wconf 92' lang='lat' dir='ltr'><strong>atque</strong></span> <span class='ocrx_word' id='word_1_187' title='bbox 1327 1053 1366 1114; x_wconf 92' lang='lat' dir='ltr'><strong>ad</strong></span> <span class='ocrx_word' id='word_1_188' title='bbox 1380 1060 1518 1133; x_wconf 90' lang='lat' dir='ltr'><strong>tempus,</strong></span> <span class='ocrx_word' id='word_1_189' title='bbox 1535 1053 1709 1134; x_wconf 76' lang='lat' dir='ltr'><strong>prasertim</strong></span> <span class='ocrx_word' id='word_1_190' title='bbox 1724 1054 1750 1115; x_wconf 92' lang='lat' dir='ltr'><strong>si</strong></span> <span class='ocrx_word' id='word_1_191' title='bbox 1764 1053 1822 1116; x_wconf 85' lang='lat' dir='ltr'><strong>tiat</strong></span> <span class='ocrx_word' id='word_1_192' title='bbox 1836 1054 1969 1117; x_wconf 91' lang='lat' dir='ltr'><strong>omnino</strong></span> 
     </span>
     <span class='ocr_line' id='line_1_31' title="bbox 1217 1149 1394 1231; baseline 0 -20"><span class='ocrx_word' id='word_1_193' title='bbox 1217 1149 1250 1211; x_wconf 93' lang='lat' dir='ltr'><strong>in</strong></span> <span class='ocrx_word' id='word_1_194' title='bbox 1272 1149 1394 1231; x_wconf 90' lang='lat' dir='ltr'><strong>spiritu.</strong></span> 
     </span>
     <span class='ocr_line' id='line_1_32' title="bbox 1258 1246 1968 1331; baseline 0.007 -22"><span class='ocrx_word' id='word_1_195' title='bbox 1258 1246 1374 1329; x_wconf 90' lang='lat' dir='ltr'><strong>ltaque,</strong></span> <span class='ocrx_word' id='word_1_196' title='bbox 1392 1247 1468 1311; x_wconf 93' lang='lat' dir='ltr'><strong>dum</strong></span> <span class='ocrx_word' id='word_1_197' title='bbox 1483 1268 1502 1311; x_wconf 90' lang='lat' dir='ltr'><strong>a</strong></span> <span class='ocrx_word' id='word_1_198' title='bbox 1517 1267 1629 1312; x_wconf 91' lang='lat' dir='ltr'><strong>somno</strong></span> <span class='ocrx_word' id='word_1_199' title='bbox 1645 1250 1875 1331; x_wconf 81' lang='lat' dir='ltr'><strong>consurgimus,</strong></span> <span class='ocrx_word' id='word_1_200' title='bbox 1889 1269 1968 1313; x_wconf 91' lang='lat' dir='ltr'><strong>oon-</strong></span> 
     </span>
     <span class='ocr_line' id='line_1_33' title="bbox 1219 1345 1968 1426; baseline 0.005 -19"><span class='ocrx_word' id='word_1_201' title='bbox 1219 1345 1323 1408; x_wconf 89' lang='lat' dir='ltr'><strong>lestim</strong></span> <span class='ocrx_word' id='word_1_202' title='bbox 1344 1347 1513 1409; x_wconf 84' lang='lat' dir='ltr'><strong>incalescat</strong></span> <span class='ocrx_word' id='word_1_203' title='bbox 1534 1366 1624 1409; x_wconf 88' lang='lat' dir='ltr'><strong>mens</strong></span> <span class='ocrx_word' id='word_1_204' title='bbox 1643 1356 1761 1426; x_wconf 91' lang='lat' dir='ltr'><strong>nostra,</strong></span> <span class='ocrx_word' id='word_1_205' title='bbox 1783 1357 1815 1411; x_wconf 92' lang='lat' dir='ltr'><strong>et</strong></span> <span class='ocrx_word' id='word_1_206' title='bbox 1834 1367 1968 1413; x_wconf 87' lang='lat' dir='ltr'><strong>renove-</strong></span> 
     </span>
     <span class='ocr_line' id='line_1_34' title="bbox 1218 1444 1967 1529; baseline 0.005 -24"><span class='ocrx_word' id='word_1_207' title='bbox 1218 1452 1269 1505; x_wconf 93' lang='lat' dir='ltr'><strong>tur</strong></span> <span class='ocrx_word' id='word_1_208' title='bbox 1284 1444 1395 1507; x_wconf 92' lang='lat' dir='ltr'><strong>robore</strong></span> <span class='ocrx_word' id='word_1_209' title='bbox 1410 1453 1441 1507; x_wconf 91' lang='lat' dir='ltr'><strong>et</strong></span> <span class='ocrx_word' id='word_1_210' title='bbox 1457 1445 1581 1507; x_wconf 82' lang='lat' dir='ltr'><strong>fervore</strong></span> <span class='ocrx_word' id='word_1_211' title='bbox 1596 1446 1635 1509; x_wconf 94' lang='lat' dir='ltr'><strong>ad</strong></span> <span class='ocrx_word' id='word_1_212' title='bbox 1649 1448 1817 1527; x_wconf 91' lang='lat' dir='ltr'><strong>orandum,</strong></span> <span class='ocrx_word' id='word_1_213' title='bbox 1827 1446 1967 1529; x_wconf 88' lang='lat' dir='ltr'><strong>psallen-</strong></span> 
     </span>
     <span class='ocr_line' id='line_1_35' title="bbox 1217 1542 2112 1626; baseline 0.015 -24"><span class='ocrx_word' id='word_1_214' title='bbox 1217 1542 1304 1620; x_wconf 92' lang='lat' dir='ltr'><strong>dum,</strong></span> <span class='ocrx_word' id='word_1_215' title='bbox 1322 1542 1553 1606; x_wconf 82' lang='lat' dir='ltr'><strong>advocandum</strong></span> <span class='ocrx_word' id='word_1_216' title='bbox 1574 1552 1605 1605; x_wconf 93' lang='lat' dir='ltr'><strong>et</strong></span> <span class='ocrx_word' id='word_1_217' title='bbox 1622 1544 1848 1625; x_wconf 89' lang='lat' dir='ltr'><strong>experiendum</strong></span> <span class='ocrx_word' id='word_1_218' title='bbox 1867 1564 1965 1626; x_wconf 90' lang='lat' dir='ltr'><strong>quam</strong></span> <span class='ocrx_word' id='word_1_219' title='bbox 1989 1571 2112 1619; x_wconf 66' lang='lat' dir='ltr'><strong>mma</strong></span> 
     </span>
     <span class='ocr_line' id='line_1_36' title="bbox 1216 1634 2111 1738; baseline 0.006 -36"><span class='ocrx_word' id='word_1_220' title='bbox 1216 1640 1318 1702; x_wconf 89' lang='lat' dir='ltr'><strong>dulcis</strong></span> <span class='ocrx_word' id='word_1_221' title='bbox 1352 1640 1392 1702; x_wconf 92' lang='lat' dir='ltr'><strong>sit</strong></span> <span class='ocrx_word' id='word_1_222' title='bbox 1424 1641 1586 1721; x_wconf 86' lang='lat' dir='ltr'><strong>Dominus,</strong></span> <span class='ocrx_word' id='word_1_223' title='bbox 1616 1660 1712 1722; x_wconf 92' lang='lat' dir='ltr'><strong>quam</strong></span> <span class='ocrx_word' id='word_1_224' title='bbox 1747 1662 1821 1705; x_wconf 90' lang='lat' dir='ltr'><strong>vere</strong></span> <span class='ocrx_word' id='word_1_225' title='bbox 1850 1634 2111 1738; x_wconf 66' lang='lat' dir='ltr'><strong>magna{⁰·¹&#39;⁸·¹¹¹·</strong></span> 
     </span>
     <span class='ocr_line' id='line_1_37' title="bbox 1217 1728 2146 1852; baseline 0.006 -53"><span class='ocrx_word' id='word_1_226' title='bbox 1217 1756 1408 1819; x_wconf 84' lang='lat' dir='ltr'><strong>prorsusque</strong></span> <span class='ocrx_word' id='word_1_227' title='bbox 1428 1739 1552 1801; x_wconf 89' lang='lat' dir='ltr'><strong>inlinita</strong></span> <span class='ocrx_word' id='word_1_228' title='bbox 1572 1740 1612 1802; x_wconf 88' lang='lat' dir='ltr'><strong>sit</strong></span> <span class='ocrx_word' id='word_1_229' title='bbox 1633 1740 1800 1804; x_wconf 91' lang='lat' dir='ltr'><strong>multitudo</strong></span> <span class='ocrx_word' id='word_1_230' title='bbox 1823 1742 1965 1805; x_wconf 90' lang='lat' dir='ltr'><strong>dulcedi·</strong></span> <span class='ocrx_word' id='word_1_231' title='bbox 2008 1728 2016 1739; x_wconf 52' lang='lat'><strong>⁹</strong></span> <span class='ocrx_word' id='word_1_232' title='bbox 2145 1791 2146 1852; x_wconf 58' lang='lat'><strong>,</strong></span> 
     </span>
     <span class='ocr_line' id='line_1_38' title="bbox 1216 1935 1965 2019; baseline 0.007 -23"><span class='ocrx_word' id='word_1_233' title='bbox 1216 1935 1349 1998; x_wconf 90' lang='lat' dir='ltr'><strong>molesta</strong></span> <span class='ocrx_word' id='word_1_234' title='bbox 1377 1936 1467 1998; x_wconf 92' lang='lat' dir='ltr'><strong>nobis</strong></span> <span class='ocrx_word' id='word_1_235' title='bbox 1498 1937 1561 1997; x_wconf 92' lang='lat' dir='ltr'><strong>sint</strong></span> <span class='ocrx_word' id='word_1_236' title='bbox 1589 1936 1695 1999; x_wconf 91' lang='lat' dir='ltr'><strong>omnia</strong></span> <span class='ocrx_word' id='word_1_237' title='bbox 1722 1957 1793 2019; x_wconf 85' lang='lat' dir='ltr'><strong>quae</strong></span> <span class='ocrx_word' id='word_1_238' title='bbox 1820 1939 1965 2001; x_wconf 89' lang='lat' dir='ltr'><strong>aversiva</strong></span> 
     </span>
     <span class='ocr_line' id='line_1_39' title="bbox 1216 2033 1965 2119; baseline 0.007 -24"><span class='ocrx_word' id='word_1_239' title='bbox 1216 2041 1290 2095; x_wconf 93' lang='lat' dir='ltr'><strong>sunt</strong></span> <span class='ocrx_word' id='word_1_240' title='bbox 1319 2033 1403 2110; x_wconf 90' lang='lat' dir='ltr'><strong>iude,</strong></span> <span class='ocrx_word' id='word_1_241' title='bbox 1431 2034 1588 2115; x_wconf 86' lang='lat' dir='ltr'><strong>colloquia</strong></span> <span class='ocrx_word' id='word_1_242' title='bbox 1615 2056 1707 2115; x_wconf 86' lang='lat' dir='ltr'><strong>vana,</strong></span> <span class='ocrx_word' id='word_1_243' title='bbox 1734 2037 1965 2119; x_wconf 88' lang='lat' dir='ltr'><strong>occupatioque</strong></span> 
     </span>
     <span class='ocr_line' id='line_1_40' title="bbox 1215 2133 1961 2208; baseline 0.007 -15"><span class='ocrx_word' id='word_1_244' title='bbox 1215 2141 1354 2208; x_wconf 88' lang='lat' dir='ltr'><strong>externa,</strong></span> <span class='ocrx_word' id='word_1_245' title='bbox 1384 2140 1415 2193; x_wconf 89' lang='lat' dir='ltr'><strong>et</strong></span> <span class='ocrx_word' id='word_1_246' title='bbox 1449 2133 1552 2194; x_wconf 92' lang='lat' dir='ltr'><strong>omnis</strong></span> <span class='ocrx_word' id='word_1_247' title='bbox 1585 2134 1763 2197; x_wconf 88' lang='lat' dir='ltr'><strong>inordinata</strong></span> <span class='ocrx_word' id='word_1_248' title='bbox 1792 2135 1921 2198; x_wconf 79' lang='lat' dir='ltr'><strong>affectio</strong></span> <span class='ocrx_word' id='word_1_249' title='bbox 1954 2160 1961 2197; x_wconf 75' lang='grc' dir='ltr'><strong>ε</strong></span> 
     </span>
     <span class='ocr_line' id='line_1_41' title="bbox 1215 2228 1964 2315; baseline 0.009 -26"><span class='ocrx_word' id='word_1_250' title='bbox 1215 2228 1370 2309; x_wconf 89' lang='lat' dir='ltr'><strong>siquidem</strong></span> <span class='ocrx_word' id='word_1_251' title='bbox 1386 2230 1509 2291; x_wconf 89' lang='lat' dir='ltr'><strong>animus</strong></span> <span class='ocrx_word' id='word_1_252' title='bbox 1524 2230 1721 2294; x_wconf 91' lang='lat' dir='ltr'><strong>inordinatus</strong></span> <span class='ocrx_word' id='word_1_253' title='bbox 1736 2232 1796 2295; x_wconf 91' lang='lat' dir='ltr'><strong>sibi</strong></span> <span class='ocrx_word' id='word_1_254' title='bbox 1815 2233 1875 2314; x_wconf 93' lang='lat' dir='ltr'><strong>ipsi</strong></span> <span class='ocrx_word' id='word_1_255' title='bbox 1896 2252 1964 2315; x_wconf 63' lang='lat' dir='ltr'><strong>pte</strong></span> 
     </span>
     <span class='ocr_line' id='line_1_42' title="bbox 1215 2325 1964 2412; baseline 0.007 -26"><span class='ocrx_word' id='word_1_256' title='bbox 1215 2325 1294 2388; x_wconf 87' lang='lat' dir='ltr'><strong>nelis</strong></span> <span class='ocrx_word' id='word_1_257' title='bbox 1314 2335 1346 2388; x_wconf 93' lang='lat' dir='ltr'><strong>et</strong></span> <span class='ocrx_word' id='word_1_258' title='bbox 1363 2328 1467 2408; x_wconf 90' lang='lat' dir='ltr'><strong>gravis</strong></span> <span class='ocrx_word' id='word_1_259' title='bbox 1485 2337 1542 2390; x_wconf 91' lang='lat' dir='ltr'><strong>est.</strong></span> <span class='ocrx_word' id='word_1_260' title='bbox 1564 2329 1650 2391; x_wconf 88' lang='lat' dir='ltr'><strong>Unde</strong></span> <span class='ocrx_word' id='word_1_261' title='bbox 1670 2330 1896 2412; x_wconf 87' lang='lat' dir='ltr'><strong>subjungitur:</strong></span> <span class='ocrx_word' id='word_1_262' title='bbox 1915 2336 1964 2391; x_wconf 85' lang='lat' dir='ltr'><strong>lu·</strong></span> 
     </span>
     <span class='ocr_line' id='line_1_43' title="bbox 1213 2427 1964 2510; baseline 0.009 -26"><span class='ocrx_word' id='word_1_263' title='bbox 1213 2434 1346 2503; x_wconf 82' lang='lat' dir='ltr'><strong>ctusque</strong></span> <span class='ocrx_word' id='word_1_264' title='bbox 1364 2430 1466 2486; x_wconf 83' lang='lat' dir='ltr'><strong>solvat</strong></span> <span class='ocrx_word' id='word_1_265' title='bbox 1485 2429 1603 2487; x_wconf 74' lang='lat' dir='ltr'><strong>enetos</strong></span> <span class='ocrx_word' id='word_1_266' title='bbox 1619 2448 1630 2486; x_wconf 95' lang='lat'><em>:</em></span> <span class='ocrx_word' id='word_1_267' title='bbox 1644 2427 1705 2491; x_wconf 87' lang='lat' dir='ltr'><strong>hoo</strong></span> <span class='ocrx_word' id='word_1_268' title='bbox 1725 2437 1784 2507; x_wconf 88' lang='grc' dir='ltr'><strong>εει,</strong></span> <span class='ocrx_word' id='word_1_269' title='bbox 1806 2438 1964 2510; x_wconf 82' lang='lat' dir='ltr'><strong>quatenus</strong></span> 
     </span>
     <span class='ocr_line' id='line_1_44' title="bbox 1214 2522 1964 2605; baseline 0.012 -22"><span class='ocrx_word' id='word_1_270' title='bbox 1214 2522 1303 2602; x_wconf 89' lang='lat' dir='ltr'><strong>quies</strong></span> <span class='ocrx_word' id='word_1_271' title='bbox 1318 2523 1420 2585; x_wconf 93' lang='lat' dir='ltr'><strong>somni</strong></span> <span class='ocrx_word' id='word_1_272' title='bbox 1436 2546 1453 2582; x_wconf 73' lang='grc' dir='ltr'><strong>(ι</strong></span> <span class='ocrx_word' id='word_1_273' title='bbox 1469 2524 1614 2604; x_wconf 86' lang='lat' dir='ltr'><strong>solvat»,</strong></span> <span class='ocrx_word' id='word_1_274' title='bbox 1631 2525 1662 2587; x_wconf 93' lang='lat' dir='ltr'><strong>id</strong></span> <span class='ocrx_word' id='word_1_275' title='bbox 1682 2535 1742 2605; x_wconf 89' lang='lat' dir='ltr'><strong>est,</strong></span> <span class='ocrx_word' id='word_1_276' title='bbox 1758 2527 1911 2591; x_wconf 87' lang='lat' dir='ltr'><strong>dissolvat</strong></span> <span class='ocrx_word' id='word_1_277' title='bbox 1931 2538 1964 2592; x_wconf 88' lang='lat' dir='ltr'><strong>et</strong></span> 
     </span>
     <span class='ocr_line' id='line_1_45' title="bbox 1214 2620 1963 2703; baseline 0.011 -21"><span class='ocrx_word' id='word_1_278' title='bbox 1214 2620 1356 2702; x_wconf 91' lang='lat' dir='ltr'><strong>dissipet,</strong></span> <span class='ocrx_word' id='word_1_279' title='bbox 1373 2643 1390 2680; x_wconf 69' lang='grc' dir='ltr'><strong>(ε</strong></span> <span class='ocrx_word' id='word_1_280' title='bbox 1413 2621 1516 2684; x_wconf 85' lang='lat' dir='ltr'><strong>luctus</strong></span> <span class='ocrx_word' id='word_1_281' title='bbox 1534 2623 1642 2685; x_wconf 88' lang='lat' dir='ltr'><strong>anxios</strong></span> <span class='ocrx_word' id='word_1_282' title='bbox 1663 2646 1692 2703; x_wconf 81' lang='lat' dir='ltr'><strong>a,</strong></span> <span class='ocrx_word' id='word_1_283' title='bbox 1709 2625 1770 2689; x_wconf 90' lang='lat' dir='ltr'><strong>hoo</strong></span> <span class='ocrx_word' id='word_1_284' title='bbox 1793 2636 1842 2689; x_wconf 91' lang='lat' dir='ltr'><strong>est</strong></span> <span class='ocrx_word' id='word_1_285' title='bbox 1865 2625 1963 2690; x_wconf 80' lang='lat' dir='ltr'><strong>fletus</strong></span> 
     </span>
     <span class='ocr_line' id='line_1_46' title="bbox 1214 2720 1962 2802; baseline 0.013 -23"><span class='ocrx_word' id='word_1_286' title='bbox 1214 2726 1244 2780; x_wconf 92' lang='lat' dir='ltr'><strong>et</strong></span> <span class='ocrx_word' id='word_1_287' title='bbox 1273 2737 1424 2782; x_wconf 88' lang='lat' dir='ltr'><strong>moerores</strong></span> <span class='ocrx_word' id='word_1_288' title='bbox 1453 2720 1666 2802; x_wconf 88' lang='lat' dir='ltr'><strong>deprimentes</strong></span> <span class='ocrx_word' id='word_1_289' title='bbox 1695 2732 1726 2785; x_wconf 87' lang='lat' dir='ltr'><strong>et</strong></span> <span class='ocrx_word' id='word_1_290' title='bbox 1754 2724 1962 2789; x_wconf 85' lang='lat' dir='ltr'><strong>immoderate</strong></span> 
     </span>
     <span class='ocr_line' id='line_1_47' title="bbox 1213 2818 1962 2903; baseline 0.013 -26"><span class='ocrx_word' id='word_1_291' title='bbox 1213 2818 1373 2881; x_wconf 86' lang='lat' dir='ltr'><strong>sollicitos.</strong></span> <span class='ocrx_word' id='word_1_292' title='bbox 1395 2818 1473 2880; x_wconf 90' lang='lat' dir='ltr'><strong>Nam</strong></span> <span class='ocrx_word' id='word_1_293' title='bbox 1494 2828 1524 2881; x_wconf 93' lang='lat' dir='ltr'><strong>et</strong></span> <span class='ocrx_word' id='word_1_294' title='bbox 1544 2827 1622 2882; x_wconf 89' lang='lat' dir='ltr'><strong>teste</strong></span> <span class='ocrx_word' id='word_1_295' title='bbox 1642 2822 1784 2903; x_wconf 88' lang='lat' dir='ltr'><strong>apostolo</strong></span> <span class='ocrx_word' id='word_1_296' title='bbox 1807 2823 1903 2886; x_wconf 88' lang='lat' dir='ltr'><strong>Paulo</strong></span> <span class='ocrx_word' id='word_1_297' title='bbox 1921 2825 1962 2886; x_wconf 87' lang='lat' dir='ltr'><strong>ad</strong></span> 
     </span>
     <span class='ocr_line' id='line_1_48' title="bbox 1213 2915 2119 3003; baseline 0.019 -26"><span class='ocrx_word' id='word_1_298' title='bbox 1213 2915 1400 2993; x_wconf 86' lang='lat' dir='ltr'><strong>Corinthios,</strong></span> <span class='ocrx_word' id='word_1_299' title='bbox 1420 2916 1544 2979; x_wconf 86' lang='lat' dir='ltr'><strong>tristitia</strong></span> <span class='ocrx_word' id='word_1_300' title='bbox 1567 2918 1672 2981; x_wconf 81' lang='lat' dir='ltr'><strong>saeculi</strong></span> <span class='ocrx_word' id='word_1_301' title='bbox 1697 2929 1832 2983; x_wconf 93' lang='lat' dir='ltr'><strong>mortem</strong></span> <span class='ocrx_word' id='word_1_302' title='bbox 1851 2940 1964 3003; x_wconf 89' lang='lat' dir='ltr'><strong>opera-</strong></span> <span class='ocrx_word' id='word_1_303' title='bbox 1992 2945 2119 2994; x_wconf 62' lang='lat' dir='ltr'><strong>noma</strong></span> 
     </span>
    </p>
   </div>
   <div class='ocr_carea' id='block_1_8' title="bbox 409 3012 2016 3098">
    <p class='ocr_par' dir='ltr' id='par_1_17' title="bbox 409 3012 2016 3098">
     <span class='ocr_line' id='line_1_49' title="bbox 409 3012 2016 3098; baseline 0.003 -19"><span class='ocrx_word' id='word_1_304' title='bbox 409 3024 564 3098; x_wconf 90' lang='lat' dir='ltr'><strong>quatenus</strong></span> <span class='ocrx_word' id='word_1_305' title='bbox 589 3015 678 3097; x_wconf 89' lang='lat' dir='ltr'><strong>quies</strong></span> <span class='ocrx_word' id='word_1_306' title='bbox 700 3016 803 3079; x_wconf 90' lang='lat' dir='ltr'><strong>somni</strong></span> <span class='ocrx_word' id='word_1_307' title='bbox 823 3038 839 3075; x_wconf 72' lang='grc' dir='ltr'><strong>ε</strong></span> <span class='ocrx_word' id='word_1_308' title='bbox 861 3015 976 3077; x_wconf 87' lang='lat' dir='ltr'><strong>allevet</strong></span> <span class='ocrx_word' id='word_1_309' title='bbox 995 3036 1023 3090; x_wconf 79' lang='lat' dir='ltr'><strong>a,</strong></span> <span class='ocrx_word' id='word_1_310' title='bbox 1041 3015 1072 3076; x_wconf 93' lang='lat' dir='ltr'><strong>id</strong></span> <span class='ocrx_word' id='word_1_311' title='bbox 1097 3023 1156 3094; x_wconf 90' lang='lat' dir='ltr'><strong>est,</strong></span> <span class='ocrx_word' id='word_1_312' title='bbox 1177 3016 1274 3094; x_wconf 86' lang='lat' dir='ltr'><strong>Ctur,</strong></span> <span class='ocrx_word' id='word_1_313' title='bbox 1291 3014 1350 3077; x_wconf 90' lang='lat' dir='ltr'><strong>hoc</strong></span> <span class='ocrx_word' id='word_1_314' title='bbox 1371 3023 1429 3093; x_wconf 90' lang='lat' dir='ltr'><strong>est,</strong></span> <span class='ocrx_word' id='word_1_315' title='bbox 1448 3014 1571 3077; x_wconf 88' lang='lat' dir='ltr'><strong>tristitia</strong></span> <span class='ocrx_word' id='word_1_316' title='bbox 1591 3016 1760 3096; x_wconf 73' lang='lat' dir='ltr'><strong>secularis,</strong></span> <span class='ocrx_word' id='word_1_317' title='bbox 1778 3038 1817 3081; x_wconf 90' lang='lat' dir='ltr'><strong>ex</strong></span> <span class='ocrx_word' id='word_1_318' title='bbox 1836 3021 1962 3084; x_wconf 89' lang='lat' dir='ltr'><strong>damnis</strong></span> <span class='ocrx_word' id='word_1_319' title='bbox 1979 3012 2016 3050; x_wconf 89' lang='lat'><strong>¹⁰·</strong></span> 
     </span>
    </p>
   </div>
   <div class='ocr_carea' id='block_1_9' title="bbox 262 3113 1160 4173">
    <p class='ocr_par' dir='ltr' id='par_1_18' title="bbox 262 3113 1160 4173">
     <span class='ocr_line' id='line_1_50' title="bbox 409 3113 1158 3192; baseline -0.004 -14"><span class='ocrx_word' id='word_1_320' title='bbox 409 3114 601 3178; x_wconf 89' lang='lat' dir='ltr'><strong>relevamine</strong></span> <span class='ocrx_word' id='word_1_321' title='bbox 612 3132 669 3177; x_wconf 90' lang='lat' dir='ltr'><strong>suo</strong></span> <span class='ocrx_word' id='word_1_322' title='bbox 685 3113 839 3177; x_wconf 83' lang='lat' dir='ltr'><strong>refocillet</strong></span> <span class='ocrx_word' id='word_1_323' title='bbox 850 3132 887 3175; x_wconf 90' lang='lat' dir='ltr'><strong>ao</strong></span> <span class='ocrx_word' id='word_1_324' title='bbox 899 3114 1060 3192; x_wconf 63' lang='lat' dir='ltr'><strong>roboret«</strong></span> <span class='ocrx_word' id='word_1_325' title='bbox 1073 3132 1158 3175; x_wconf 90' lang='lat' dir='ltr'><strong>men-</strong></span> 
     </span>
     <span class='ocr_line' id='line_1_51' title="bbox 409 3210 1159 3292; baseline 0 -19"><span class='ocrx_word' id='word_1_326' title='bbox 409 3220 457 3273; x_wconf 88' lang='lat' dir='ltr'><strong>tes</strong></span> <span class='ocrx_word' id='word_1_327' title='bbox 473 3212 572 3274; x_wconf 87' lang='lat' dir='ltr'><strong>lessas</strong></span> <span class='ocrx_word' id='word_1_328' title='bbox 591 3234 620 3289; x_wconf 75' lang='lat' dir='ltr'><strong>a,</strong></span> <span class='ocrx_word' id='word_1_329' title='bbox 637 3211 698 3274; x_wconf 88' lang='lat' dir='ltr'><strong>hoc</strong></span> <span class='ocrx_word' id='word_1_330' title='bbox 713 3219 761 3273; x_wconf 92' lang='lat' dir='ltr'><strong>est</strong></span> <span class='ocrx_word' id='word_1_331' title='bbox 780 3210 874 3273; x_wconf 86' lang='lat' dir='ltr'><strong>etiam</strong></span> <span class='ocrx_word' id='word_1_332' title='bbox 894 3211 1072 3292; x_wconf 90' lang='lat' dir='ltr'><strong>superiores</strong></span> <span class='ocrx_word' id='word_1_333' title='bbox 1091 3212 1159 3273; x_wconf 89' lang='lat' dir='ltr'><strong>ani-</strong></span> 
     </span>
     <span class='ocr_line' id='line_1_52' title="bbox 410 3308 1158 3390; baseline 0.003 -19"><span class='ocrx_word' id='word_1_334' title='bbox 410 3328 470 3372; x_wconf 82' lang='lat' dir='ltr'><strong>mae</strong></span> <span class='ocrx_word' id='word_1_335' title='bbox 484 3308 656 3389; x_wconf 65' lang='lat' dir='ltr'><strong>viresque</strong></span> <span class='ocrx_word' id='word_1_336' title='bbox 671 3316 744 3371; x_wconf 91' lang='lat' dir='ltr'><strong>ante</strong></span> <span class='ocrx_word' id='word_1_337' title='bbox 760 3310 862 3372; x_wconf 91' lang='lat' dir='ltr'><strong>somni</strong></span> <span class='ocrx_word' id='word_1_338' title='bbox 873 3310 1011 3390; x_wconf 91' lang='lat' dir='ltr'><strong>quietem</strong></span> <span class='ocrx_word' id='word_1_339' title='bbox 1022 3308 1158 3390; x_wconf 79' lang='lat' dir='ltr'><strong>fatigata</strong></span> 
     </span>
     <span class='ocr_line' id='line_1_53' title="bbox 411 3406 1154 3489; baseline -0.003 -20"><span class='ocrx_word' id='word_1_340' title='bbox 411 3406 541 3469; x_wconf 85' lang='lat' dir='ltr'><strong>luerunt</strong></span> <span class='ocrx_word' id='word_1_341' title='bbox 569 3407 600 3468; x_wconf 93' lang='lat' dir='ltr'><strong>in</strong></span> <span class='ocrx_word' id='word_1_342' title='bbox 631 3406 844 3489; x_wconf 90' lang='lat' dir='ltr'><strong>spiritualibus</strong></span> <span class='ocrx_word' id='word_1_343' title='bbox 873 3407 1027 3469; x_wconf 89' lang='lat' dir='ltr'><strong>exercitiis</strong></span> <span class='ocrx_word' id='word_1_344' title='bbox 1055 3407 1120 3469; x_wconf 89' lang='lat' dir='ltr'><strong>suis</strong></span> <span class='ocrx_word' id='word_1_345' title='bbox 1148 3431 1154 3467; x_wconf 96' lang='lat'><strong>:</strong></span> 
     </span>
     <span class='ocr_line' id='line_1_54' title="bbox 410 3503 1157 3586; baseline 0.001 -19"><span class='ocrx_word' id='word_1_346' title='bbox 410 3504 495 3586; x_wconf 90' lang='lat' dir='ltr'><strong>quod</strong></span> <span class='ocrx_word' id='word_1_347' title='bbox 514 3524 551 3567; x_wconf 90' lang='lat' dir='ltr'><strong>ex</strong></span> <span class='ocrx_word' id='word_1_348' title='bbox 571 3504 796 3585; x_wconf 82' lang='lat' dir='ltr'><strong>conjunctione</strong></span> <span class='ocrx_word' id='word_1_349' title='bbox 816 3503 929 3567; x_wconf 83' lang='lat' dir='ltr'><strong>animae</strong></span> <span class='ocrx_word' id='word_1_350' title='bbox 948 3523 1021 3567; x_wconf 88' lang='lat' dir='ltr'><strong>cum</strong></span> <span class='ocrx_word' id='word_1_351' title='bbox 1042 3504 1157 3568; x_wconf 90' lang='lat' dir='ltr'><strong>misero</strong></span> 
     </span>
     <span class='ocr_line' id='line_1_55' title="bbox 411 3602 1157 3683; baseline -0.003 -18"><span class='ocrx_word' id='word_1_352' title='bbox 411 3620 543 3683; x_wconf 88' lang='lat' dir='ltr'><strong>corpore</strong></span> <span class='ocrx_word' id='word_1_353' title='bbox 576 3602 700 3665; x_wconf 89' lang='lat' dir='ltr'><strong>accidit.</strong></span> <span class='ocrx_word' id='word_1_354' title='bbox 732 3602 861 3683; x_wconf 90' lang='lat' dir='ltr'><strong>Propter</strong></span> <span class='ocrx_word' id='word_1_355' title='bbox 890 3602 974 3683; x_wconf 95' lang='lat' dir='ltr'><strong>quod</strong></span> <span class='ocrx_word' id='word_1_356' title='bbox 1004 3602 1157 3683; x_wconf 90' lang='lat' dir='ltr'><strong>scriptum</strong></span> 
     </span>
     <span class='ocr_line' id='line_1_56' title="bbox 262 3699 1158 3784; baseline -0.011 -13"><span class='ocrx_word' id='word_1_357' title='bbox 262 3726 395 3784; x_wconf 58' lang='lat' dir='ltr'><strong>Sapere.</strong></span> <span class='ocrx_word' id='word_1_358' title='bbox 411 3710 458 3765; x_wconf 91' lang='lat' dir='ltr'><strong>est</strong></span> <span class='ocrx_word' id='word_1_359' title='bbox 481 3701 513 3763; x_wconf 92' lang='lat' dir='ltr'><strong>in</strong></span> <span class='ocrx_word' id='word_1_360' title='bbox 539 3700 697 3784; x_wconf 87' lang='lat' dir='ltr'><strong>Sapientia</strong></span> <span class='ocrx_word' id='word_1_361' title='bbox 723 3724 730 3761; x_wconf 75' lang='grc' dir='ltr'><strong>ι</strong></span> <span class='ocrx_word' id='word_1_362' title='bbox 757 3699 876 3782; x_wconf 87' lang='lat' dir='ltr'><strong>Corpus</strong></span> <span class='ocrx_word' id='word_1_363' title='bbox 901 3701 985 3781; x_wconf 92' lang='lat' dir='ltr'><strong>quod</strong></span> <span class='ocrx_word' id='word_1_364' title='bbox 1017 3718 1158 3763; x_wconf 89' lang='lat' dir='ltr'><strong>corrum-</strong></span> 
     </span>
     <span class='ocr_line' id='line_1_57' title="bbox 411 3797 1159 3881; baseline -0.001 -20"><span class='ocrx_word' id='word_1_365' title='bbox 411 3800 506 3881; x_wconf 92' lang='lat' dir='ltr'><strong>pitur,</strong></span> <span class='ocrx_word' id='word_1_366' title='bbox 527 3806 677 3881; x_wconf 87' lang='lat' dir='ltr'><strong>aggravat</strong></span> <span class='ocrx_word' id='word_1_367' title='bbox 699 3798 849 3877; x_wconf 92' lang='lat' dir='ltr'><strong>animam,</strong></span> <span class='ocrx_word' id='word_1_368' title='bbox 871 3805 902 3859; x_wconf 92' lang='lat' dir='ltr'><strong>et</strong></span> <span class='ocrx_word' id='word_1_369' title='bbox 925 3797 1074 3879; x_wconf 91' lang='lat' dir='ltr'><strong>deprimit</strong></span> <span class='ocrx_word' id='word_1_370' title='bbox 1097 3806 1159 3860; x_wconf 92' lang='lat' dir='ltr'><strong>ter-</strong></span> 
     </span>
     <span class='ocr_line' id='line_1_58' title="bbox 412 3894 1160 3973; baseline -0.001 -14"><span class='ocrx_word' id='word_1_371' title='bbox 412 3916 488 3959; x_wconf 89' lang='lat' dir='ltr'><strong>rena</strong></span> <span class='ocrx_word' id='word_1_372' title='bbox 516 3896 701 3959; x_wconf 91' lang='lat' dir='ltr'><strong>inhabitatio</strong></span> <span class='ocrx_word' id='word_1_373' title='bbox 730 3914 859 3957; x_wconf 90' lang='lat' dir='ltr'><strong>sensum</strong></span> <span class='ocrx_word' id='word_1_374' title='bbox 888 3894 932 3973; x_wconf 92' lang='lat' dir='ltr'><strong>(id</strong></span> <span class='ocrx_word' id='word_1_375' title='bbox 961 3903 1009 3957; x_wconf 90' lang='lat' dir='ltr'><strong>est</strong></span> <span class='ocrx_word' id='word_1_376' title='bbox 1036 3895 1160 3958; x_wconf 81' lang='lat' dir='ltr'><strong>intelle</strong></span> 
     </span>
     <span class='ocr_line' id='line_1_59' title="bbox 412 3992 1158 4075; baseline 0.001 -18"><span class='ocrx_word' id='word_1_377' title='bbox 412 3996 512 4073; x_wconf 89' lang='lat' dir='ltr'><strong>otum)</strong></span> <span class='ocrx_word' id='word_1_378' title='bbox 541 3993 641 4057; x_wconf 92' lang='lat' dir='ltr'><strong>multa</strong></span> <span class='ocrx_word' id='word_1_379' title='bbox 669 3994 871 4075; x_wconf 87' lang='lat' dir='ltr'><strong>cogitantem.</strong></span> <span class='ocrx_word' id='word_1_380' title='bbox 898 3992 1002 4055; x_wconf 79' lang='lat' dir='ltr'><strong>hbbas</strong></span> <span class='ocrx_word' id='word_1_381' title='bbox 1031 4012 1158 4075; x_wconf 90' lang='lat' dir='ltr'><strong>quoque</strong></span> 
     </span>
     <span class='ocr_line' id='line_1_60' title="bbox 411 4090 1158 4173; baseline 0.001 -19"><span class='ocrx_word' id='word_1_382' title='bbox 411 4093 555 4173; x_wconf 83' lang='lat' dir='ltr'><strong>Agathou</strong></span> <span class='ocrx_word' id='word_1_383' title='bbox 580 4091 680 4153; x_wconf 85' lang='lat' dir='ltr'><strong>dixit:</strong></span> <span class='ocrx_word' id='word_1_384' title='bbox 698 4090 766 4153; x_wconf 88' lang='lat' dir='ltr'><strong>Non</strong></span> <span class='ocrx_word' id='word_1_385' title='bbox 792 4099 840 4153; x_wconf 89' lang='lat' dir='ltr'><strong>est</strong></span> <span class='ocrx_word' id='word_1_386' title='bbox 860 4090 949 4153; x_wconf 90' lang='lat' dir='ltr'><strong>labor</strong></span> <span class='ocrx_word' id='word_1_387' title='bbox 968 4091 1049 4153; x_wconf 91' lang='lat' dir='ltr'><strong>sicut</strong></span> <span class='ocrx_word' id='word_1_388' title='bbox 1068 4110 1158 4155; x_wconf 92' lang='lat' dir='ltr'><strong>orare</strong></span> 
     </span>
    </p>
   </div>
   <div class='ocr_carea' id='block_1_10' title="bbox 1213 3112 2148 4174">
    <p class='ocr_par' dir='ltr' id='par_1_19' title="bbox 1213 3112 2148 3399">
     <span class='ocr_line' id='line_1_61' title="bbox 1214 3112 2148 3196; baseline 0.014 -22"><span class='ocrx_word' id='word_1_389' title='bbox 1214 3112 1347 3174; x_wconf 90' lang='lat' dir='ltr'><strong>terrenis</strong></span> <span class='ocrx_word' id='word_1_390' title='bbox 1376 3113 1677 3196; x_wconf 89' lang='lat' dir='ltr'><strong>adversitatibusque</strong></span> <span class='ocrx_word' id='word_1_391' title='bbox 1706 3118 1875 3181; x_wconf 87' lang='lat' dir='ltr'><strong>mundanis</strong></span> <span class='ocrx_word' id='word_1_392' title='bbox 1908 3130 1964 3184; x_wconf 91' lang='lat' dir='ltr'><strong>aut</strong></span> <span class='ocrx_word' id='word_1_393' title='bbox 2147 3123 2148 3158; x_wconf 45' lang='grc' dir='ltr'><strong>ι</strong></span> 
     </span>
     <span class='ocr_line' id='line_1_62' title="bbox 1214 3209 1964 3294; baseline 0.016 -23"><span class='ocrx_word' id='word_1_394' title='bbox 1214 3209 1435 3293; x_wconf 89' lang='lat' dir='ltr'><strong>persecutione</strong></span> <span class='ocrx_word' id='word_1_395' title='bbox 1464 3212 1748 3294; x_wconf 88' lang='lat' dir='ltr'><strong>aspernationeque</strong></span> <span class='ocrx_word' id='word_1_396' title='bbox 1777 3217 1826 3277; x_wconf 93' lang='lat' dir='ltr'><strong>sui</strong></span> <span class='ocrx_word' id='word_1_397' title='bbox 1855 3237 1964 3282; x_wconf 88' lang='lat' dir='ltr'><strong>exsur-</strong></span> 
     </span>
     <span class='ocr_line' id='line_1_63' title="bbox 1213 3309 1962 3399; baseline 0.012 -28"><span class='ocrx_word' id='word_1_398' title='bbox 1213 3327 1303 3389; x_wconf 88' lang='lat' dir='ltr'><strong>gens,</strong></span> <span class='ocrx_word' id='word_1_399' title='bbox 1330 3316 1464 3371; x_wconf 92' lang='lat' dir='ltr'><strong>mortem</strong></span> <span class='ocrx_word' id='word_1_400' title='bbox 1493 3309 1595 3391; x_wconf 84' lang='lat' dir='ltr'><strong>oulpae</strong></span> <span class='ocrx_word' id='word_1_401' title='bbox 1623 3310 1754 3390; x_wconf 89' lang='lat' dir='ltr'><strong>inducit,</strong></span> <span class='ocrx_word' id='word_1_402' title='bbox 1781 3322 1813 3376; x_wconf 90' lang='lat' dir='ltr'><strong>et</strong></span> <span class='ocrx_word' id='word_1_403' title='bbox 1837 3320 1962 3399; x_wconf 90' lang='lat' dir='ltr'><strong>corpori</strong></span> 
     </span>
    </p>

    <p class='ocr_par' dir='ltr' id='par_1_20' title="bbox 1214 3406 2120 3695">
     <span class='ocr_line' id='line_1_64' title="bbox 1214 3406 1962 3487; baseline 0.017 -20"><span class='ocrx_word' id='word_1_404' title='bbox 1214 3406 1306 3468; x_wconf 88' lang='lat' dir='ltr'><strong>valde</strong></span> <span class='ocrx_word' id='word_1_405' title='bbox 1328 3416 1432 3483; x_wconf 89' lang='lat' dir='ltr'><strong>nocet,</strong></span> <span class='ocrx_word' id='word_1_406' title='bbox 1450 3409 1717 3487; x_wconf 93' lang='lat' dir='ltr'><strong>quemadmodum</strong></span> <span class='ocrx_word' id='word_1_407' title='bbox 1737 3412 1769 3473; x_wconf 93' lang='lat' dir='ltr'><strong>in</strong></span> <span class='ocrx_word' id='word_1_408' title='bbox 1784 3412 1962 3481; x_wconf 86' lang='lat' dir='ltr'><strong>Proverbiis</strong></span> 
     </span>
     <span class='ocr_line' id='line_1_65' title="bbox 1214 3503 2120 3591; baseline 0.017 -27"><span class='ocrx_word' id='word_1_409' title='bbox 1214 3503 1390 3567; x_wconf 90' lang='lat' dir='ltr'><strong>Salomonis</strong></span> <span class='ocrx_word' id='word_1_410' title='bbox 1416 3504 1529 3585; x_wconf 90' lang='lat' dir='ltr'><strong>legitur</strong></span> <span class='ocrx_word' id='word_1_411' title='bbox 1546 3529 1553 3566; x_wconf 91' lang='lat'>:</span> <span class='ocrx_word' id='word_1_412' title='bbox 1570 3507 1701 3569; x_wconf 76' lang='lat' dir='ltr'><strong>Animus</strong></span> <span class='ocrx_word' id='word_1_413' title='bbox 1726 3512 1868 3591; x_wconf 90' lang='lat' dir='ltr'><strong>gaudens</strong></span> <span class='ocrx_word' id='word_1_414' title='bbox 1889 3522 1963 3577; x_wconf 79' lang='lat' dir='ltr'><strong>aeta-</strong></span> <span class='ocrx_word' id='word_1_415' title='bbox 1983 3542 2120 3587; x_wconf 57' lang='lat' dir='ltr'><strong>mm,</strong></span> 
     </span>
     <span class='ocr_line' id='line_1_66' title="bbox 1214 3602 2015 3695; baseline 0.016 -32"><span class='ocrx_word' id='word_1_416' title='bbox 1214 3611 1278 3665; x_wconf 90' lang='lat' dir='ltr'><strong>tem</strong></span> <span class='ocrx_word' id='word_1_417' title='bbox 1293 3602 1438 3664; x_wconf 84' lang='lat' dir='ltr'><strong>floridam</strong></span> <span class='ocrx_word' id='word_1_418' title='bbox 1459 3603 1546 3681; x_wconf 88' lang='lat' dir='ltr'><strong>lacit,</strong></span> <span class='ocrx_word' id='word_1_419' title='bbox 1562 3605 1689 3686; x_wconf 90' lang='lat' dir='ltr'><strong>spiritus</strong></span> <span class='ocrx_word' id='word_1_420' title='bbox 1708 3608 1805 3695; x_wconf 79' lang='lat' dir='ltr'><strong>tristis</strong></span> <span class='ocrx_word' id='word_1_421' title='bbox 1824 3610 1963 3675; x_wconf 84' lang='lat' dir='ltr'><strong>exsiccat</strong></span> <span class='ocrx_word' id='word_1_422' title='bbox 1976 3608 2015 3647; x_wconf 69' lang='lat'><strong>²³·</strong></span> 
     </span>
    </p>

    <p class='ocr_par' dir='ltr' id='par_1_21' title="bbox 1213 3690 2123 4087">
     <span class='ocr_line' id='line_1_67' title="bbox 1213 3690 2122 3791; baseline 0.013 -27"><span class='ocrx_word' id='word_1_423' title='bbox 1213 3719 1302 3777; x_wconf 88' lang='lat' dir='ltr'><strong>ossa;</strong></span> <span class='ocrx_word' id='word_1_424' title='bbox 1319 3709 1351 3762; x_wconf 89' lang='lat' dir='ltr'><strong>et</strong></span> <span class='ocrx_word' id='word_1_425' title='bbox 1364 3701 1469 3764; x_wconf 90' lang='lat' dir='ltr'><strong>denuo</strong></span> <span class='ocrx_word' id='word_1_426' title='bbox 1482 3723 1489 3762; x_wconf 77' lang='grc' dir='ltr'><strong>ε</strong></span> <span class='ocrx_word' id='word_1_427' title='bbox 1502 3702 1536 3763; x_wconf 96' lang='lat' dir='ltr'><strong>ln</strong></span> <span class='ocrx_word' id='word_1_428' title='bbox 1552 3722 1687 3767; x_wconf 83' lang='lat' dir='ltr'><strong>moerore</strong></span> <span class='ocrx_word' id='word_1_429' title='bbox 1701 3707 1799 3768; x_wconf 89' lang='lat' dir='ltr'><strong>animi</strong></span> <span class='ocrx_word' id='word_1_430' title='bbox 1813 3690 2122 3791; x_wconf 64' lang='lat' dir='ltr'><strong>dejiciturrae,1.,13.</strong></span> 
     </span>
     <span class='ocr_line' id='line_1_68' title="bbox 1214 3798 2123 3883; baseline 0.015 -22"><span class='ocrx_word' id='word_1_431' title='bbox 1214 3798 1352 3879; x_wconf 91' lang='lat' dir='ltr'><strong>spiritus.</strong></span> <span class='ocrx_word' id='word_1_432' title='bbox 1369 3798 1446 3875; x_wconf 88' lang='lat' dir='ltr'><strong>lmo,</strong></span> <span class='ocrx_word' id='word_1_433' title='bbox 1469 3799 1636 3864; x_wconf 88' lang='lat' dir='ltr'><strong>Salomone</strong></span> <span class='ocrx_word' id='word_1_434' title='bbox 1659 3811 1807 3883; x_wconf 87' lang='lat' dir='ltr'><strong>testante,</strong></span> <span class='ocrx_word' id='word_1_435' title='bbox 1824 3807 1905 3870; x_wconf 91' lang='lat' dir='ltr'><strong>sicut</strong></span> <span class='ocrx_word' id='word_1_436' title='bbox 1923 3810 1962 3872; x_wconf 91' lang='lat' dir='ltr'><strong>ti·</strong></span> <span class='ocrx_word' id='word_1_437' title='bbox 1990 3814 2123 3883; x_wconf 56' lang='lat' dir='ltr'><strong>rasim,</strong></span> 
     </span>
     <span class='ocr_line' id='line_1_69' title="bbox 1214 3897 2014 3983; baseline 0.019 -26"><span class='ocrx_word' id='word_1_438' title='bbox 1214 3917 1274 3959; x_wconf 88' lang='lat' dir='ltr'><strong>nea</strong></span> <span class='ocrx_word' id='word_1_439' title='bbox 1297 3897 1486 3960; x_wconf 88' lang='lat' dir='ltr'><strong>vestimento</strong></span> <span class='ocrx_word' id='word_1_440' title='bbox 1510 3907 1542 3960; x_wconf 91' lang='lat' dir='ltr'><strong>et</strong></span> <span class='ocrx_word' id='word_1_441' title='bbox 1565 3901 1681 3963; x_wconf 89' lang='lat' dir='ltr'><strong>vermis</strong></span> <span class='ocrx_word' id='word_1_442' title='bbox 1705 3901 1801 3983; x_wconf 90' lang='lat' dir='ltr'><strong>ligno,</strong></span> <span class='ocrx_word' id='word_1_443' title='bbox 1827 3906 1873 3969; x_wconf 89' lang='lat' dir='ltr'><strong>sie</strong></span> <span class='ocrx_word' id='word_1_444' title='bbox 1901 3901 2014 3970; x_wconf 76' lang='lat' dir='ltr'><strong>ista³⁰·</strong></span> 
     </span>
     <span class='ocr_line' id='line_1_70' title="bbox 1213 3995 1962 4087; baseline 0.017 -31"><span class='ocrx_word' id='word_1_445' title='bbox 1213 3995 1337 4057; x_wconf 91' lang='lat' dir='ltr'><strong>tristitia</strong></span> <span class='ocrx_word' id='word_1_446' title='bbox 1352 4003 1446 4057; x_wconf 86' lang='lat' dir='ltr'><strong>nocet</strong></span> <span class='ocrx_word' id='word_1_447' title='bbox 1459 3995 1544 4059; x_wconf 90' lang='lat' dir='ltr'><strong>cordi</strong></span> <span class='ocrx_word' id='word_1_448' title='bbox 1558 4020 1564 4058; x_wconf 93' lang='lat'><strong>:</strong></span> <span class='ocrx_word' id='word_1_449' title='bbox 1577 4017 1672 4078; x_wconf 90' lang='lat' dir='ltr'><strong>quam</strong></span> <span class='ocrx_word' id='word_1_450' title='bbox 1687 4000 1840 4065; x_wconf 88' lang='lat' dir='ltr'><strong>debemus</strong></span> <span class='ocrx_word' id='word_1_451' title='bbox 1855 4006 1962 4087; x_wconf 88' lang='lat' dir='ltr'><strong>expel-</strong></span> 
     </span>
    </p>

    <p class='ocr_par' dir='ltr' id='par_1_22' title="bbox 1214 4093 1962 4174">
     <span class='ocr_line' id='line_1_71' title="bbox 1214 4093 1962 4174; baseline 0.013 -19"><span class='ocrx_word' id='word_1_452' title='bbox 1214 4094 1290 4171; x_wconf 92' lang='lat' dir='ltr'><strong>lere,</strong></span> <span class='ocrx_word' id='word_1_453' title='bbox 1303 4093 1475 4174; x_wconf 91' lang='lat' dir='ltr'><strong>spiritualia</strong></span> <span class='ocrx_word' id='word_1_454' title='bbox 1489 4094 1666 4158; x_wconf 91' lang='lat' dir='ltr'><strong>animarum</strong></span> <span class='ocrx_word' id='word_1_455' title='bbox 1682 4106 1861 4163; x_wconf 90' lang='lat' dir='ltr'><strong>nostrarum</strong></span> <span class='ocrx_word' id='word_1_456' title='bbox 1876 4102 1962 4164; x_wconf 91' lang='lat' dir='ltr'><strong>dam·</strong></span> 
     </span>
    </p>
   </div>
   <div class='ocr_carea' id='block_1_11' title="bbox 411 4188 1960 4280">
    <p class='ocr_par' dir='ltr' id='par_1_23' title="bbox 411 4188 1960 4280">
     <span class='ocr_line' id='line_1_72' title="bbox 411 4188 1960 4280; baseline 0.007 -28"><span class='ocrx_word' id='word_1_457' title='bbox 411 4192 510 4253; x_wconf 87' lang='lat' dir='ltr'><strong>Deum</strong></span> <span class='ocrx_word' id='word_1_458' title='bbox 523 4212 532 4265; x_wconf 75' lang='lat'>3</span> <span class='ocrx_word' id='word_1_459' title='bbox 558 4189 683 4272; x_wconf 90' lang='lat' dir='ltr'><strong>supple,</strong></span> <span class='ocrx_word' id='word_1_460' title='bbox 710 4188 777 4251; x_wconf 89' lang='lat' dir='ltr'><strong>sine</strong></span> <span class='ocrx_word' id='word_1_461' title='bbox 802 4189 1015 4252; x_wconf 88' lang='lat' dir='ltr'><strong>distractione.</strong></span> <span class='ocrx_word' id='word_1_462' title='bbox 1043 4190 1103 4253; x_wconf 90' lang='lat' dir='ltr'><strong>Sed</strong></span> <span class='ocrx_word' id='word_1_463' title='bbox 1127 4200 1158 4253; x_wconf 92' lang='lat' dir='ltr'><strong>et</strong></span> <span class='ocrx_word' id='word_1_464' title='bbox 1173 4190 1198 4251; x_wconf 88' lang='lat' dir='ltr'>D</span> <span class='ocrx_word' id='word_1_465' title='bbox 1214 4212 1255 4254; x_wconf 93' lang='lat' dir='ltr'><strong>na</strong></span> <span class='ocrx_word' id='word_1_466' title='bbox 1269 4190 1428 4268; x_wconf 85' lang='lat' dir='ltr'><strong>deflendo,</strong></span> <span class='ocrx_word' id='word_1_467' title='bbox 1437 4201 1469 4254; x_wconf 90' lang='lat' dir='ltr'><strong>et</strong></span> <span class='ocrx_word' id='word_1_468' title='bbox 1482 4193 1615 4255; x_wconf 91' lang='lat' dir='ltr'><strong>adversa</strong></span> <span class='ocrx_word' id='word_1_469' title='bbox 1629 4196 1736 4257; x_wconf 91' lang='lat' dir='ltr'><strong>omnia</strong></span> <span class='ocrx_word' id='word_1_470' title='bbox 1751 4216 1808 4278; x_wconf 94' lang='lat' dir='ltr'><strong>pro</strong></span> <span class='ocrx_word' id='word_1_471' title='bbox 1823 4200 1960 4280; x_wconf 85' lang='lat' dir='ltr'><strong>peccatis</strong></span> 
     </span>
    </p>
   </div>
   <div class='ocr_carea' id='block_1_12' title="bbox 408 4286 1158 4860">
    <p class='ocr_par' dir='ltr' id='par_1_24' title="bbox 408 4286 1158 4860">
     <span class='ocr_line' id='line_1_73' title="bbox 410 4286 1158 4369; baseline 0.001 -18"><span class='ocrx_word' id='word_1_472' title='bbox 410 4289 508 4367; x_wconf 87' lang='lat' dir='ltr'><strong>Plato,</strong></span> <span class='ocrx_word' id='word_1_473' title='bbox 524 4287 579 4369; x_wconf 93' lang='lat' dir='ltr'><strong>qui</strong></span> <span class='ocrx_word' id='word_1_474' title='bbox 594 4294 673 4349; x_wconf 89' lang='lat' dir='ltr'><strong>teste</strong></span> <span class='ocrx_word' id='word_1_475' title='bbox 689 4286 863 4367; x_wconf 81' lang='lat' dir='ltr'><strong>Augustino</strong></span> <span class='ocrx_word' id='word_1_476' title='bbox 879 4286 959 4351; x_wconf 93' lang='lat' dir='ltr'><strong>libro</strong></span> <span class='ocrx_word' id='word_1_477' title='bbox 975 4289 1014 4351; x_wconf 90' lang='lat' dir='ltr'><strong>de</strong></span> <span class='ocrx_word' id='word_1_478' title='bbox 1029 4287 1158 4352; x_wconf 85' lang='lat' dir='ltr'><strong>Civitate</strong></span> 
     </span>
     <span class='ocr_line' id='line_1_74' title="bbox 409 4384 1158 4468; baseline -0.001 -17"><span class='ocrx_word' id='word_1_479' title='bbox 409 4386 476 4465; x_wconf 89' lang='lat' dir='ltr'><strong>Dei,</strong></span> <span class='ocrx_word' id='word_1_480' title='bbox 494 4384 607 4449; x_wconf 88' lang='lat' dir='ltr'><strong>ceteris</strong></span> <span class='ocrx_word' id='word_1_481' title='bbox 625 4384 765 4466; x_wconf 86' lang='lat' dir='ltr'><strong>gentium</strong></span> <span class='ocrx_word' id='word_1_482' title='bbox 787 4385 980 4467; x_wconf 88' lang='lat' dir='ltr'><strong>philosophis</strong></span> <span class='ocrx_word' id='word_1_483' title='bbox 1001 4386 1094 4468; x_wconf 92' lang='lat' dir='ltr'><strong>longe</strong></span> <span class='ocrx_word' id='word_1_484' title='bbox 1114 4406 1158 4450; x_wconf 91' lang='lat' dir='ltr'><strong>re-</strong></span> 
     </span>
     <span class='ocr_line' id='line_1_75' title="bbox 409 4482 1154 4566; baseline -0.003 -18"><span class='ocrx_word' id='word_1_485' title='bbox 409 4493 522 4566; x_wconf 88' lang='lat' dir='ltr'><strong>cteque</strong></span> <span class='ocrx_word' id='word_1_486' title='bbox 538 4482 684 4565; x_wconf 83' lang='lat' dir='ltr'><strong>praelatus</strong></span> <span class='ocrx_word' id='word_1_487' title='bbox 699 4490 757 4562; x_wconf 92' lang='lat' dir='ltr'><strong>est,</strong></span> <span class='ocrx_word' id='word_1_488' title='bbox 770 4483 917 4546; x_wconf 88' lang='lat' dir='ltr'><strong>disseruit</strong></span> <span class='ocrx_word' id='word_1_489' title='bbox 931 4484 963 4545; x_wconf 92' lang='lat' dir='ltr'><strong>in</strong></span> <span class='ocrx_word' id='word_1_490' title='bbox 979 4484 1133 4548; x_wconf 79' lang='lat' dir='ltr'><strong>Phaedone</strong></span> <span class='ocrx_word' id='word_1_491' title='bbox 1148 4509 1154 4546; x_wconf 94' lang='lat'><strong>:</strong></span> 
     </span>
     <span class='ocr_line' id='line_1_76' title="bbox 408 4581 1158 4663; baseline -0.001 -17"><span class='ocrx_word' id='word_1_492' title='bbox 408 4583 518 4646; x_wconf 86' lang='lat' dir='ltr'><strong>Decies</strong></span> <span class='ocrx_word' id='word_1_493' title='bbox 548 4581 676 4644; x_wconf 89' lang='lat' dir='ltr'><strong>millena</strong></span> <span class='ocrx_word' id='word_1_494' title='bbox 704 4582 904 4645; x_wconf 87' lang='lat' dir='ltr'><strong>vacationum</strong></span> <span class='ocrx_word' id='word_1_495' title='bbox 934 4582 978 4663; x_wconf 93' lang='lat' dir='ltr'><strong>(id</strong></span> <span class='ocrx_word' id='word_1_496' title='bbox 1006 4591 1054 4646; x_wconf 92' lang='lat' dir='ltr'><strong>est</strong></span> <span class='ocrx_word' id='word_1_497' title='bbox 1083 4602 1158 4647; x_wconf 90' lang='lat' dir='ltr'><strong>con-</strong></span> 
     </span>
     <span class='ocr_line' id='line_1_77' title="bbox 409 4680 1157 4763; baseline -0.001 -18"><span class='ocrx_word' id='word_1_498' title='bbox 409 4680 663 4763; x_wconf 88' lang='lat' dir='ltr'><strong>templationum)</strong></span> <span class='ocrx_word' id='word_1_499' title='bbox 692 4680 917 4760; x_wconf 92' lang='lat' dir='ltr'><strong>impedimenta</strong></span> <span class='ocrx_word' id='word_1_500' title='bbox 951 4700 988 4743; x_wconf 93' lang='lat' dir='ltr'><strong>ex</strong></span> <span class='ocrx_word' id='word_1_501' title='bbox 1024 4700 1157 4763; x_wconf 90' lang='lat' dir='ltr'><strong>corpore</strong></span> 
     </span>
     <span class='ocr_line' id='line_1_78' title="bbox 410 4778 1158 4860; baseline -0.003 -17"><span class='ocrx_word' id='word_1_502' title='bbox 410 4780 503 4843; x_wconf 94' lang='lat' dir='ltr'><strong>nobis</strong></span> <span class='ocrx_word' id='word_1_503' title='bbox 533 4778 733 4860; x_wconf 88' lang='lat' dir='ltr'><strong>proveniunt.</strong></span> <span class='ocrx_word' id='word_1_504' title='bbox 760 4778 847 4842; x_wconf 91' lang='lat' dir='ltr'><strong>Unde</strong></span> <span class='ocrx_word' id='word_1_505' title='bbox 875 4780 914 4841; x_wconf 92' lang='lat' dir='ltr'><strong>ad</strong></span> <span class='ocrx_word' id='word_1_506' title='bbox 938 4780 1158 4843; x_wconf 90' lang='lat' dir='ltr'><strong>demonstran-</strong></span> 
     </span>
    </p>
   </div>
   <div class='ocr_carea' id='block_1_13' title="bbox 306 4876 1162 5361">
    <p class='ocr_par' dir='ltr' id='par_1_25' title="bbox 306 4876 1162 5361">
     <span class='ocr_line' id='line_1_79' title="bbox 306 4876 1156 4958; baseline -0.002 -17"><span class='ocrx_word' id='word_1_507' title='bbox 306 4950 310 4956; x_wconf 42' lang='lat'><strong>,</strong></span> <span class='ocrx_word' id='word_1_508' title='bbox 408 4880 485 4941; x_wconf 93' lang='lat' dir='ltr'><strong>dum</strong></span> <span class='ocrx_word' id='word_1_509' title='bbox 514 4877 628 4939; x_wconf 91' lang='lat' dir='ltr'><strong>horum</strong></span> <span class='ocrx_word' id='word_1_510' title='bbox 657 4876 834 4953; x_wconf 89' lang='lat' dir='ltr'><strong>veritatem,</strong></span> <span class='ocrx_word' id='word_1_511' title='bbox 861 4876 1033 4939; x_wconf 90' lang='lat' dir='ltr'><strong>beatissimi</strong></span> <span class='ocrx_word' id='word_1_512' title='bbox 1062 4886 1156 4958; x_wconf 91' lang='lat' dir='ltr'><strong>atque</strong></span> 
     </span>
     <span class='ocr_line' id='line_1_80' title="bbox 409 4973 1158 5055; baseline -0.003 -15"><span class='ocrx_word' id='word_1_513' title='bbox 409 4974 599 5040; x_wconf 89' lang='lat' dir='ltr'><strong>sanctissimi</strong></span> <span class='ocrx_word' id='word_1_514' title='bbox 621 4974 691 5052; x_wconf 89' lang='lat' dir='ltr'><strong>viri,</strong></span> <span class='ocrx_word' id='word_1_515' title='bbox 713 4973 848 5037; x_wconf 81' lang='lat' dir='ltr'><strong>loannes</strong></span> <span class='ocrx_word' id='word_1_516' title='bbox 873 4974 1046 5055; x_wconf 90' lang='lat' dir='ltr'><strong>apostolus,</strong></span> <span class='ocrx_word' id='word_1_517' title='bbox 1062 4976 1158 5038; x_wconf 86' lang='lat' dir='ltr'><strong>huto-</strong></span> 
     </span>
     <span class='ocr_line' id='line_1_81' title="bbox 408 5071 1157 5155; baseline -0.003 -18"><span class='ocrx_word' id='word_1_518' title='bbox 408 5075 480 5137; x_wconf 92' lang='lat' dir='ltr'><strong>nius</strong></span> <span class='ocrx_word' id='word_1_519' title='bbox 504 5092 631 5155; x_wconf 88' lang='lat' dir='ltr'><strong>quoque</strong></span> <span class='ocrx_word' id='word_1_520' title='bbox 654 5071 856 5149; x_wconf 86' lang='lat' dir='ltr'><strong>anachoreta,</strong></span> <span class='ocrx_word' id='word_1_521' title='bbox 880 5072 1047 5153; x_wconf 87' lang='lat' dir='ltr'><strong>sagittariis</strong></span> <span class='ocrx_word' id='word_1_522' title='bbox 1070 5091 1157 5135; x_wconf 90' lang='lat' dir='ltr'><strong>com-</strong></span> 
     </span>
     <span class='ocr_line' id='line_1_82' title="bbox 406 5170 1158 5252; baseline -0.004 -15"><span class='ocrx_word' id='word_1_523' title='bbox 406 5173 562 5237; x_wconf 90' lang='lat' dir='ltr'><strong>miserunt</strong></span> <span class='ocrx_word' id='word_1_524' title='bbox 587 5189 697 5234; x_wconf 89' lang='lat' dir='ltr'><strong>arcum</strong></span> <span class='ocrx_word' id='word_1_525' title='bbox 725 5170 904 5248; x_wconf 88' lang='lat' dir='ltr'><strong>extendere,</strong></span> <span class='ocrx_word' id='word_1_526' title='bbox 930 5188 1026 5252; x_wconf 87' lang='lat' dir='ltr'><strong>quem</strong></span> <span class='ocrx_word' id='word_1_527' title='bbox 1050 5179 1158 5235; x_wconf 85' lang='lat' dir='ltr'><strong>exten·</strong></span> 
     </span>
     <span class='ocr_line' id='line_1_83' title="bbox 407 5268 1162 5361; baseline 0.004 -29"><span class='ocrx_word' id='word_1_528' title='bbox 407 5280 474 5347; x_wconf 86' lang='lat' dir='ltr'><strong>tum</strong></span> <span class='ocrx_word' id='word_1_529' title='bbox 490 5270 732 5361; x_wconf 75' lang='lat' dir='ltr'><strong>nonjusserqnt</strong></span> <span class='ocrx_word' id='word_1_530' title='bbox 747 5268 889 5349; x_wconf 86' lang='lat' dir='ltr'><strong>protinus</strong></span> <span class='ocrx_word' id='word_1_531' title='bbox 909 5268 1057 5343; x_wconf 85' lang='lat' dir='ltr'><strong>relaxare.</strong></span> <span class='ocrx_word' id='word_1_532' title='bbox 1075 5269 1162 5343; x_wconf 66' lang='lat' dir='ltr'><strong>tnnc,</strong></span> 
     </span>
    </p>
   </div>
   <div class='ocr_carea' id='block_1_14' title="bbox 1211 4290 1968 5359">
    <p class='ocr_par' dir='ltr' id='par_1_26' title="bbox 1213 4290 1762 4371">
     <span class='ocr_line' id='line_1_84' title="bbox 1213 4290 1762 4371; baseline 0.011 -19"><span class='ocrx_word' id='word_1_533' title='bbox 1213 4290 1329 4353; x_wconf 90' lang='lat' dir='ltr'><strong>nostris</strong></span> <span class='ocrx_word' id='word_1_534' title='bbox 1350 4290 1567 4371; x_wconf 72' lang='lat' dir='ltr'><strong>equanimiter</strong></span> <span class='ocrx_word' id='word_1_535' title='bbox 1588 4292 1762 4358; x_wconf 88' lang='lat' dir='ltr'><strong>tolerando.</strong></span> 
     </span>
    </p>

    <p class='ocr_par' dir='ltr' id='par_1_27' title="bbox 1211 4391 1968 5359">
     <span class='ocr_line' id='line_1_85' title="bbox 1255 4391 1960 4467; baseline 0.021 -20"><span class='ocrx_word' id='word_1_536' title='bbox 1255 4394 1371 4452; x_wconf 84' lang='lat' dir='ltr'><strong>Grates</strong></span> <span class='ocrx_word' id='word_1_537' title='bbox 1396 4399 1527 4463; x_wconf 85' lang='lat' dir='ltr'><strong>peracto</strong></span> <span class='ocrx_word' id='word_1_538' title='bbox 1542 4391 1617 4467; x_wconf 82' lang='lat' dir='ltr'><strong>jorn</strong></span> <span class='ocrx_word' id='word_1_539' title='bbox 1642 4395 1708 4462; x_wconf 83' lang='lat' dir='ltr'><strong>die,</strong></span> <span class='ocrx_word' id='word_1_540' title='bbox 1733 4401 1793 4456; x_wconf 88' lang='lat' dir='ltr'><strong>etc.</strong></span> <span class='ocrx_word' id='word_1_541' title='bbox 1819 4395 1900 4461; x_wconf 81' lang='lat' dir='ltr'><strong>Ordo</strong></span> <span class='ocrx_word' id='word_1_542' title='bbox 1928 4408 1960 4461; x_wconf 84' lang='grc' dir='ltr'><strong>ει</strong></span> 
     </span>
     <span class='ocr_line' id='line_1_86' title="bbox 1214 4484 1958 4580; baseline 0.012 -30"><span class='ocrx_word' id='word_1_543' title='bbox 1214 4506 1325 4550; x_wconf 90' lang='lat' dir='ltr'><strong>sensus</strong></span> <span class='ocrx_word' id='word_1_544' title='bbox 1351 4484 1519 4580; x_wconf 88' lang='lat' dir='ltr'><strong>verborum</strong></span> <span class='ocrx_word' id='word_1_545' title='bbox 1544 4496 1592 4549; x_wconf 89' lang='lat' dir='ltr'><strong>est</strong></span> <span class='ocrx_word' id='word_1_546' title='bbox 1608 4511 1615 4550; x_wconf 74' lang='grc' dir='ltr'><strong>ε</strong></span> <span class='ocrx_word' id='word_1_547' title='bbox 1634 4492 1802 4563; x_wconf 68' lang='lat' dir='ltr'><strong>Cernentes,</strong></span> <span class='ocrx_word' id='word_1_548' title='bbox 1818 4493 1878 4556; x_wconf 89' lang='lat' dir='ltr'><strong>boo</strong></span> <span class='ocrx_word' id='word_1_549' title='bbox 1898 4505 1958 4574; x_wconf 89' lang='grc' dir='ltr'><strong>εει,</strong></span> 
     </span>
     <span class='ocr_line' id='line_1_87' title="bbox 1213 4583 1959 4671; baseline 0.012 -25"><span class='ocrx_word' id='word_1_550' title='bbox 1213 4603 1272 4647; x_wconf 90' lang='lat' dir='ltr'><strong>nos</strong></span> <span class='ocrx_word' id='word_1_551' title='bbox 1287 4583 1369 4646; x_wconf 89' lang='lat' dir='ltr'><strong>servi</strong></span> <span class='ocrx_word' id='word_1_552' title='bbox 1384 4583 1440 4663; x_wconf 93' lang='lat' dir='ltr'><strong>tui,</strong></span> <span class='ocrx_word' id='word_1_553' title='bbox 1456 4602 1476 4646; x_wconf 96' lang='lat' dir='ltr'><strong>o</strong></span> <span class='ocrx_word' id='word_1_554' title='bbox 1491 4584 1628 4664; x_wconf 86' lang='lat' dir='ltr'><strong>Creator,</strong></span> <span class='ocrx_word' id='word_1_555' title='bbox 1640 4587 1856 4670; x_wconf 88' lang='lat' dir='ltr'><strong>decantantes,</strong></span> <span class='ocrx_word' id='word_1_556' title='bbox 1868 4594 1959 4671; x_wconf 77' lang='lat' dir='ltr'><strong>hym·</strong></span> 
     </span>
     <span class='ocr_line' id='line_1_88' title="bbox 1214 4681 1959 4767; baseline 0.015 -26"><span class='ocrx_word' id='word_1_557' title='bbox 1214 4703 1294 4742; x_wconf 81' lang='lat' dir='ltr'><strong>num</strong></span> <span class='ocrx_word' id='word_1_558' title='bbox 1308 4681 1403 4743; x_wconf 91' lang='lat' dir='ltr'><strong>istum</strong></span> <span class='ocrx_word' id='word_1_559' title='bbox 1417 4700 1454 4743; x_wconf 88' lang='lat' dir='ltr'><strong>ao</strong></span> <span class='ocrx_word' id='word_1_560' title='bbox 1469 4681 1546 4743; x_wconf 90' lang='lat' dir='ltr'><strong>alias</strong></span> <span class='ocrx_word' id='word_1_561' title='bbox 1565 4690 1635 4745; x_wconf 88' lang='lat' dir='ltr'><strong>tuas</strong></span> <span class='ocrx_word' id='word_1_562' title='bbox 1655 4683 1775 4767; x_wconf 91' lang='lat' dir='ltr'><strong>laudes,</strong></span> <span class='ocrx_word' id='word_1_563' title='bbox 1791 4692 1959 4764; x_wconf 79' lang='lat' dir='ltr'><strong>solvimus,</strong></span> 
     </span>
     <span class='ocr_line' id='line_1_89' title="bbox 1213 4780 1960 4866; baseline 0.016 -24"><span class='ocrx_word' id='word_1_564' title='bbox 1213 4780 1273 4843; x_wconf 90' lang='lat' dir='ltr'><strong>hoe</strong></span> <span class='ocrx_word' id='word_1_565' title='bbox 1302 4788 1362 4857; x_wconf 92' lang='lat' dir='ltr'><strong>est,</strong></span> <span class='ocrx_word' id='word_1_566' title='bbox 1387 4780 1545 4861; x_wconf 88' lang='lat' dir='ltr'><strong>majestati</strong></span> <span class='ocrx_word' id='word_1_567' title='bbox 1574 4790 1635 4844; x_wconf 77' lang='lat' dir='ltr'><strong>tuae</strong></span> <span class='ocrx_word' id='word_1_568' title='bbox 1661 4782 1839 4866; x_wconf 88' lang='lat' dir='ltr'><strong>ollerimus,</strong></span> <span class='ocrx_word' id='word_1_569' title='bbox 1865 4799 1897 4852; x_wconf 91' lang='lat' dir='ltr'><strong>et</strong></span> <span class='ocrx_word' id='word_1_570' title='bbox 1925 4800 1960 4854; x_wconf 91' lang='lat' dir='ltr'><strong>ut</strong></span> 
     </span>
     <span class='ocr_line' id='line_1_90' title="bbox 1213 4878 1962 4960; baseline 0.016 -20"><span class='ocrx_word' id='word_1_571' title='bbox 1213 4887 1369 4956; x_wconf 92' lang='lat' dir='ltr'><strong>tenemur,</strong></span> <span class='ocrx_word' id='word_1_572' title='bbox 1395 4878 1617 4960; x_wconf 90' lang='lat' dir='ltr'><strong>persolvimus,</strong></span> <span class='ocrx_word' id='word_1_573' title='bbox 1643 4899 1707 4944; x_wconf 94' lang='lat' dir='ltr'><strong>non</strong></span> <span class='ocrx_word' id='word_1_574' title='bbox 1734 4890 1840 4947; x_wconf 73' lang='lat' dir='ltr'><strong>tanmn</strong></span> <span class='ocrx_word' id='word_1_575' title='bbox 1868 4889 1962 4952; x_wconf 81' lang='lat' dir='ltr'><strong>suih-</strong></span> 
     </span>
     <span class='ocr_line' id='line_1_91' title="bbox 1213 4976 1958 5067; baseline 0.013 -28"><span class='ocrx_word' id='word_1_576' title='bbox 1213 4976 1332 5039; x_wconf 90' lang='lat' dir='ltr'><strong>cienter</strong></span> <span class='ocrx_word' id='word_1_577' title='bbox 1351 4983 1383 5037; x_wconf 92' lang='lat' dir='ltr'><strong>et</strong></span> <span class='ocrx_word' id='word_1_578' title='bbox 1402 4976 1570 5057; x_wconf 88' lang='lat' dir='ltr'><strong>condigne,</strong></span> <span class='ocrx_word' id='word_1_579' title='bbox 1586 4978 1736 5057; x_wconf 87' lang='lat' dir='ltr'><strong>quoniam</strong></span> <span class='ocrx_word' id='word_1_580' title='bbox 1761 4980 1826 5045; x_wconf 86' lang='lat' dir='ltr'><strong>Deo</strong></span> <span class='ocrx_word' id='word_1_581' title='bbox 1849 4987 1958 5067; x_wconf 92' lang='lat' dir='ltr'><strong>nequit</strong></span> 
     </span>
     <span class='ocr_line' id='line_1_92' title="bbox 1211 5072 1960 5159; baseline 0.008 -22"><span class='ocrx_word' id='word_1_582' title='bbox 1211 5073 1299 5137; x_wconf 89' lang='lat' dir='ltr'><strong>reddi</strong></span> <span class='ocrx_word' id='word_1_583' title='bbox 1313 5072 1504 5154; x_wconf 76' lang='lat' dir='ltr'><strong>aequivalens</strong></span> <span class='ocrx_word' id='word_1_584' title='bbox 1522 5096 1529 5134; x_wconf 92' lang='lat'>:</span> <span class='ocrx_word' id='word_1_585' title='bbox 1547 5073 1710 5155; x_wconf 89' lang='lat' dir='ltr'><strong>solvimus,</strong></span> <span class='ocrx_word' id='word_1_586' title='bbox 1726 5076 1867 5158; x_wconf 91' lang='lat' dir='ltr'><strong>inquam,</strong></span> <span class='ocrx_word' id='word_1_587' title='bbox 1881 5102 1960 5159; x_wconf 76' lang='lat' dir='ltr'><strong>pra-</strong></span> 
     </span>
     <span class='ocr_line' id='line_1_93' title="bbox 1213 5169 1959 5258; baseline 0.015 -26"><span class='ocrx_word' id='word_1_588' title='bbox 1213 5181 1270 5241; x_wconf 75' lang='lat' dir='ltr'><strong>tee,</strong></span> <span class='ocrx_word' id='word_1_589' title='bbox 1286 5170 1346 5235; x_wconf 85' lang='lat' dir='ltr'><strong>hoo</strong></span> <span class='ocrx_word' id='word_1_590' title='bbox 1371 5177 1419 5233; x_wconf 87' lang='lat' dir='ltr'><strong>est</strong></span> <span class='ocrx_word' id='word_1_591' title='bbox 1443 5169 1614 5252; x_wconf 85' lang='lat' dir='ltr'><strong>gratiarum</strong></span> <span class='ocrx_word' id='word_1_592' title='bbox 1634 5173 1775 5238; x_wconf 89' lang='lat' dir='ltr'><strong>actiones</strong></span> <span class='ocrx_word' id='word_1_593' title='bbox 1793 5195 1852 5258; x_wconf 94' lang='lat' dir='ltr'><strong>pro</strong></span> <span class='ocrx_word' id='word_1_594' title='bbox 1870 5181 1959 5243; x_wconf 91' lang='lat' dir='ltr'><strong>omni</strong></span> 
     </span>
     <span class='ocr_line' id='line_1_94' title="bbox 1213 5268 1968 5359; baseline 0.013 -29"><span class='ocrx_word' id='word_1_595' title='bbox 1213 5268 1426 5332; x_wconf 90' lang='lat' dir='ltr'><strong>misericordia</strong></span> <span class='ocrx_word' id='word_1_596' title='bbox 1439 5286 1535 5350; x_wconf 89' lang='lat' dir='ltr'><strong>quam</strong></span> <span class='ocrx_word' id='word_1_597' title='bbox 1551 5269 1642 5334; x_wconf 91' lang='lat' dir='ltr'><strong>uobis</strong></span> <span class='ocrx_word' id='word_1_598' title='bbox 1658 5272 1836 5354; x_wconf 84' lang='lat' dir='ltr'><strong>exhibuisti,</strong></span> <span class='ocrx_word' id='word_1_599' title='bbox 1853 5284 1886 5345; x_wconf 85' lang='lat' dir='ltr'><strong>et</strong></span> <span class='ocrx_word' id='word_1_600' title='bbox 1899 5296 1968 5359; x_wconf 71' lang='lat' dir='ltr'><strong>pro,</strong></span> 
     </span>
    </p>
   </div>
   <div class='ocr_carea' id='block_1_15' title="bbox 0 0 2160 6259">
    <p class='ocr_par' dir='ltr' id='par_1_28' title="bbox 0 0 2160 6259">
     <span class='ocr_line' id='line_1_95' title="bbox 0 0 2160 6259; baseline 0 3"><span class='ocrx_word' id='word_1_601' title='bbox 0 0 2160 6259; x_wconf 95' lang='lat' dir='ltr'><strong> </strong></span> 
     </span>
    </p>
   </div>
  </div>
 </body>
</html>
