4309 6259
451 463 509 527 304
739 478 778 525 ntt
796 475 946 523 Passtortn
963 474 1072 521 nomm
1093 473 1279 521 SALVATORIS
1300 473 1459 521 antiocus.
1483 494 1523 505 ·-
1543 478 1613 523 All'l'.
1636 478 1711 525 xxvi

311 673 364 717 aaa.
378 685 437 723 ιιιιι,
451 672 470 716 a
485 670 617 735 corpore
631 658 693 714 tuo
711 648 819 713 Omnis
839 648 932 711 turbe
946 665 1073 730 quoque
1090 664 1198 709 eorum
1215 646 1239 709 Α
1255 643 1473 710 imbecillitate
1501 646 1547 711 ita
1570 667 1603 711 se
1628 647 1724 712 habet
1746 651 1784 713 ad
1811 648 1983 715 immuteris

303 739 337 779 ⁸⁸·
452 750 507 833 qui
533 751 665 814 aderant
691 750 729 811 ad
758 747 976 830 spectaculum
1003 745 1088 807 istud
1115 744 1199 825 quod
1256 744 1333 806 lium
1355 764 1391 807 ac
1417 745 1600 809 divinorum
1624 747 1781 826 notitiam,
1798 750 1983 829 quemadmo

452 858 483 911 te
511 849 667 913 moriente
695 846 804 922 fiebat,
831 844 1044 928 percutientes
1072 850 1200 923 pectora
1254 843 1331 905 dum
1350 844 1438 905 visus
1458 844 1694 925 vespertilionis
1713 846 1752 908 ad
1778 846 1924 909 intuitum
1946 849 1983 911 lu-

452 967 510 1010 sua
526 947 1023 1027 redibant,pensantesquautum
1037 948 1105 1003 erat
1119 959 1201 1003 com·
1255 939 1351 1001 minis
1377 940 1452 1002 solis
1480 964 1486 1001 :
1514 940 1606 1023 cujus
1631 942 1740 1023 utique
1765 944 1818 1006 lux
1842 952 1924 1009 tanto
1945 955 1984 1008 est

452 1046 586 1107 missum
603 1045 636 1107 in
651 1053 693 1107 te.
710 1044 806 1106 Porro
820 1050 851 1104 te
866 1041 1003 1122 sepulto,
1019 1057 1093 1101 mox
1112 1038 1201 1100 beni·
1255 1036 1414 1101 visibilior
1432 1056 1469 1101 ex
1488 1058 1545 1101 sua
1564 1047 1687 1119 natura,
1703 1049 1822 1121 quanto
1848 1041 1984 1107 sincerior

452 1143 639 1226 gnissimam
655 1149 716 1204 tuae
730 1138 910 1222 purissimae
925 1137 1076 1218 virginea
1095 1135 1200 1197 Matris
1255 1142 1348 1215 atque
1363 1155 1381 1197 a
1396 1136 1595 1218 corpulentia
1608 1138 1718 1219 purior
1731 1160 1739 1215 ;
1756 1140 1811 1202 sed
1825 1140 1911 1203 visus
1925 1141 1984 1204 vilis

453 1249 606 1318 mentem,
628 1258 667 1302 ex
686 1235 941 1301 consideratione
961 1234 1056 1297 totius
1078 1232 1199 1296 fructus
1255 1231 1342 1294 illius
1356 1232 1501 1312 aviculas,
1514 1254 1552 1296 ex
1566 1235 1677 1315 organi
1694 1236 1743 1298 sui
1758 1235 1984 1319 indispositione

452 1348 514 1402 tuae
544 1336 759 1400 saluberrimae
788 1334 957 1417 passionis,
984 1332 1199 1395 consolatione
1256 1350 1291 1393 ac
1313 1331 1487 1409 debilitate,
1505 1332 1537 1393 iu
1558 1333 1640 1395 lucis
1659 1332 1746 1397 illius
1771 1335 1935 1416 puritatem
1956 1357 1985 1400 ac

452 1456 517 1500 non
533 1455 631 1519 parva
649 1434 799 1498 recreasti
818 1451 856 1495 ac
877 1430 1035 1494 relevasti.
1048 1430 1147 1505 Quam
1169 1437 1201 1492 et
1256 1430 1416 1493 sincerum
1450 1430 1510 1511 figi
1545 1450 1610 1494 non
1645 1433 1730 1495 valet
1758 1432 1917 1497 intuitum.
1944 1436 1985 1499 Sic

452 1536 549 1617 aliqui
571 1534 678 1616 magni
696 1532 846 1595 Ecclesiae
866 1539 926 1593 tuas
945 1529 1094 1592 Doctores
1117 1528 1200 1591 arbi·
1255 1528 1480 1592 immateriales
1495 1529 1690 1609 substantiae,
1707 1540 1738 1593 et
1760 1532 1929 1613 praesertim
1949 1535 1987 1595 in-

452 1636 523 1697 trati
540 1642 613 1696 sunt
627 1639 659 1696 et
672 1632 879 1713 scripserunt,
889 1630 922 1691 in
938 1636 1002 1691 tota
1017 1635 1069 1689 tua
1085 1627 1199 1709 passio
1256 1634 1361 1689 creata
1384 1628 1532 1705 essentia,
1549 1648 1587 1690 ex
1608 1648 1666 1691 sua
1689 1637 1801 1692 natura
1821 1638 1907 1695 tanto
1926 1642 1988 1695 sunt

452 1752 492 1795 ne
507 1750 572 1795 non
587 1731 694 1793 minus
709 1748 778 1792 esse
797 1727 940 1809 gavisam
955 1746 993 1788 ex
1012 1725 1119 1788 fructu
1138 1733 1198 1787 tua
1256 1725 1533 1806 cognoscibiliores
1543 1734 1575 1789 et
1586 1728 1903 1810 contemplabiliores,
1910 1750 1988 1812 quan

451 1829 609 1913 passionis
624 1848 680 1892 seu
695 1847 732 1890 ex
746 1826 1000 1891 consideratione
1014 1823 1198 1887 salvationis
1213 1823 1236 1885 B
1255 1831 1287 1885 to
1303 1843 1321 1886 a
1335 1824 1468 1886 materia
1484 1844 1521 1887 ac
1536 1825 1767 1906 potentialitate
1781 1822 1986 1892 immuniores.

449 1928 583 1991 humani
602 1926 729 2009 generis
748 1925 861 1988 merito
883 1932 944 1987 tuae
964 1923 1086 2000 mortis,
1102 1941 1198 2002 quam
1255 1922 1371 1984 Verum
1386 1923 1501 1984 mentis
1514 1923 1663 1987 humanae
1682 1924 1823 1987 invalida
1843 1926 1925 1990 acies
1943 1946 1988 1989 eas

451 2027 670 2091 contristatam
694 2045 732 2088 ex
756 2022 913 2107 passionis
938 2030 999 2083 tuae
1027 2021 1146 2084 dolore.
1254 2020 1365 2101 nequit
1384 2021 1551 2083 sinceriter
1575 2021 1692 2086 intueri
1713 2024 1868 2104 quamdiu
1891 2024 1923 2087 in
1941 2044 1989 2087 sua

360 2197 365 2205 ¹
492 2126 626 2202 Tunc,o
647 2122 752 2186 omnis
777 2120 964 2185 adversaria
988 2127 1082 2200 atque
1107 2118 1199 2181 aeriae
1255 2127 1396 2181 remanet
1410 2118 1546 2182 naturali
1567 2119 1766 2201 infirmitate,
1783 2122 1942 2205 potissime
1961 2124 1988 2184 in

311 2245 395 2289 rom.
406 2258 436 2296 ιιι.
451 2224 616 2305 potestatis
631 2221 775 2284 deviator
789 2218 983 2301 praeinclyte,
1001 2217 1088 2300 lapsa
1102 2226 1151 2281 est
1165 2217 1199 2279 in
1254 2218 1447 2281 turbulentia
1461 2218 1657 2299 passionum,
1675 2219 1708 2281 in
1723 2220 1941 2302 inquietudine
1954 2221 1989 2283 vi·

303 2311 338 2363 ⁵³·
452 2322 556 2385 lacum
572 2320 711 2403 sepulcri
730 2337 804 2382 caro
823 2327 888 2396 tua,
904 2324 936 2379 et
954 2324 1130 2399 posuerunt
1149 2336 1200 2379 su·
1255 2316 1382 2395 tiorum,
1399 2316 1433 2379 in
1448 2316 1592 2381 foeditate
1606 2318 1741 2399 peccati,
1758 2318 1792 2380 in
1807 2320 1989 2402 negligentia

318 2442 389 2494 ran,
403 2445 435 2487 ro.
451 2440 509 2503 per
524 2428 554 2482 te
569 2418 720 2501 lapidem,
729 2425 762 2481 et
775 2416 957 2497 sepulcrum
972 2424 1062 2477 tuum
1077 2414 1199 2478 factum
1254 2423 1287 2477 et
1301 2423 1426 2497 torpore
1440 2434 1476 2478 ac
1492 2416 1630 2479 sensuali
1645 2415 1830 2481 affectione.
1847 2418 1990 2500 liquibus

296 2541 435 2593 rosamo.
451 2527 499 2581 est
523 2516 707 2599 gloriosum.
724 2514 905 2595 Dedistiquc
930 2513 1046 2595 impios
1069 2532 1128 2595 pro
1152 2532 1200 2577 se·
1254 2513 1403 2576 omnibus
1422 2522 1546 2596 oportet
1569 2533 1639 2577 eam
1664 2514 1697 2576 in
1723 2515 1836 2596 primis
1861 2515 1988 2599 purgari,

450 2617 578 2699 pultura
599 2622 631 2678 et
648 2614 764 2677 divites
783 2632 841 2695 pro
859 2620 960 2675 morte
980 2620 1034 2674 tua
1050 2635 1057 2673 :
1074 2612 1149 2693 quia
1168 2619 1200 2674 et
1254 2611 1369 2674 deinde
1384 2611 1504 2673 lumine
1519 2611 1596 2675 fidei
1612 2612 1770 2692 adjuvari,
1787 2633 1845 2696 spe
1866 2613 1990 2691 firmari,

413 2736 417 2743 ·
450 2715 564 2778 merito
584 2722 645 2777 tuae
663 2712 821 2796 passionis
845 2731 882 2774 ac
907 2712 1078 2793 sepultura
1101 2710 1200 2793 pluri·
1254 2709 1384 2772 caritate
1399 2728 1525 2791 quoque
1547 2709 1715 2793 proficere,
1733 2710 1846 2793 sicque
1861 2713 1895 2774 in
1908 2712 1991 2775 donis

450 2832 520 2876 mos
545 2813 728 2894 iniquorum
753 2819 785 2873 et
807 2809 989 2872 infidelium
1013 2809 1198 2872 convertisti
1254 2807 1390 2889 Spiritus
1415 2807 1522 2871 Sancti
1547 2828 1739 2873 excrescere.
1760 2810 1799 2872 Et
1824 2818 1942 2892 quanto
1964 2828 1992 2871 se

450 2931 487 2974 ac
506 2910 586 2974 Patri
608 2919 758 2991 tanquam
779 2928 896 2971 munus
918 2907 1032 2970 dedisti
1054 2926 1091 2969 ac
1112 2907 1200 2970 obtu·
1254 2906 1440 2988 diligentius
1466 2906 1653 2970 custodierit
1679 2927 1699 2970 a
1726 2909 1879 2990 peccatis,
1909 2918 1939 2972 et
1963 2908 1991 2970 in

450 3009 526 3089 listi,
539 3017 633 3089 atque
648 3008 681 3069 in
697 3025 824 3090 poenam
842 3015 901 3068 tua
915 3004 1087 3068 occisionis
1102 3002 1199 3086 perfi-
1217 3008 1238 3070 C
1255 3006 1423 3088 praesentia
1436 3005 1554 3068 divinae
1568 3006 1744 3087 majestatis
1765 3007 1935 3071 sollicitius
1954 3006 1994 3069 vi-

450 3107 508 3169 dos
529 3106 744 3187 reprobosque
762 3104 885 3167 Judaeos
910 3103 1026 3165 dedisti
1049 3102 1198 3164 manibus
1253 3103 1344 3181 xerit,
1355 3122 1450 3184 seque
1465 3103 1567 3185 magis
1582 3103 1727 3167 timorate
1741 3105 1994 3187 babuerit,atque

450 3204 675 3267 Romanorum.
1253 3202 1417 3283 predonis
1432 3202 1552 3283 gratiae,
1568 3220 1625 3284 pro
1639 3203 1785 3285 profectu
1803 3212 1837 3267 et
1857 3204 1995 3269 obtinen-

490 3302 513 3364 0
538 3301 682 3379 Domine,
708 3301 822 3363 merito
845 3301 959 3363 borum
983 3299 1034 3363 fec
1059 3318 1117 3363 nos
1139 3299 1196 3362 tibi
1253 3300 1292 3361 da
1307 3299 1502 3381 perfectione
1518 3300 1642 3363 viscera
1656 3301 1782 3383 pietatis
1796 3301 1995 3366 divinaeaffe

450 3399 640 3483 consepeliri
660 3419 697 3462 ac
716 3398 868 3463 abscondi
888 3398 927 3460 ab
946 3397 1032 3461 omni
1058 3398 1197 3460 vanitate
1253 3398 1404 3476 ctuosius,
1421 3397 1619 3480 frequentius
1639 3400 1877 3482 instantiusque
1895 3420 1996 3465 orave-

449 3507 481 3562 et
497 3498 716 3581 inquietudine
732 3496 838 3561 saeculi
854 3496 1197 3578 hujuslmodanobis
1254 3498 1305 3575 rit,
1332 3504 1418 3559 tanto
1443 3496 1496 3559 Sol
1525 3497 1688 3579 sapientia
1715 3498 1866 3580 infinitae,
1891 3499 1995 3563 Oriens

449 3606 480 3660 te
500 3598 533 3659 in
553 3597 702 3661 cordibus
721 3596 838 3659 nostris
857 3595 991 3677 sepelire
1011 3594 1045 3657 in
1070 3594 1199 3658 sinceri·
1253 3594 1334 3658 lucis
1353 3603 1487 3675 aiterum,
1503 3595 1584 3657 Deus
1605 3595 1802 3660 liberalitatis
1823 3598 1993 3675 immensa,

448 3704 513 3759 tate
528 3695 731 3760 conscientiae
746 3702 911 3773 nostrae,et
924 3712 982 3775 per
996 3701 1083 3756 tuam
1099 3712 1199 3756 sacra·
1253 3694 1307 3773 qui
1322 3692 1508 3756 naturaliter
1522 3693 1624 3757 bonus
1639 3702 1670 3757 et
1684 3693 1809 3758 bonitas
1825 3716 1865 3760 ac
1886 3697 1994 3759 caritas

450 3794 621 3857 mentalem
656 3792 893 3874 susceptionem
920 3800 951 3854 te
980 3790 1198 3854 indesinenter
1252 3798 1300 3854 est
1327 3791 1538 3871 interminata,
1559 3792 1720 3874 copiosius
1748 3812 1818 3857 eam
1844 3794 1996 3857 illumiua-

449 3892 567 3955 babere
582 3892 674 3955 nobis
688 3891 825 3972 gratiose
840 3888 1110 3971 spiritualiterque
1123 3908 1199 3971 prae-
1252 3889 1309 3968 bit,
1327 3889 1464 3953 validius
1484 3888 1697 3954 inflammabit
1715 3900 1747 3954 et
1761 3893 1800 3955 de
1822 3892 1995 3957 rationibus

450 3996 584 4052 sentem.
1253 3988 1388 4052 instruet
1408 3989 1650 4053 credendorum.

489 4088 663 4149 Snuvlron.
678 4122 719 4133 —
732 4086 755 4148 0
770 4104 865 4167 quam
880 4084 1018 4147 libenter
1031 4084 1197 4148 exaudiam
1291 4086 1456 4167 Quumque
1484 4086 1637 4167 paulatim
1665 4088 1798 4171 coeperit
1827 4108 1901 4155 esse
1930 4108 1997 4173 pur·

449 4203 561 4249 omnes
575 4185 633 4246 has
648 4202 758 4265 preces
772 4202 811 4245 ex
830 4184 926 4246 corde
943 4190 975 4245 ct
993 4201 1048 4245 ore
1067 4182 1197 4245 illorum
1213 4189 1334 4267 ligata,
1351 4183 1502 4266 perfecta,
1524 4184 1653 4248 heroica
1671 4204 1727 4249 seu
1745 4186 1870 4266 divina,
1887 4188 1922 4251 in
1940 4189 1999 4251 vir-

448 4283 504 4365 qui
524 4284 584 4346 hoc
604 4281 699 4346 modo
718 4301 821 4344 meam
840 4281 981 4363 quotidie
1005 4280 1197 4344 recoluerint
1252 4282 1372 4345 tutibus
1393 4281 1517 4345 fortiter
1540 4282 1688 4364 stabilita,
1705 4284 1745 4347 ab
1768 4286 1860 4347 omni
1886 4286 1998 4350 inordi-

450 4382 654 4466 passionemt
1252 4388 1326 4443 nata
1349 4378 1521 4443 reflexione
1549 4382 1588 4443 ad
1618 4400 1652 4444 se
1680 4382 1798 4445 munda
1826 4391 1861 4447 et
1890 4384 1997 4463 libera,

1251 4479 1378 4542 Creator
1407 4478 1620 4561 omnipotens,
1655 4499 1808 4562 purarum
1843 4483 1998 4547 mentium

623 4591 867 4657 ARTICULUS
893 4590 1019 4654 XXVI,
1252 4596 1398 4659 sponsus,
1406 4576 1507 4659 ipsam
1522 4579 1660 4641 totaliter
1673 4580 1857 4662 occupabit,
1864 4584 2000 4664 gratiose

1251 4676 1632 4757 praeveniet,mirabiliter
1645 4696 1682 4740 ac
1697 4688 1828 4761 repente
1845 4682 2001 4763 praestrin-

449 4734 600 4803 Quatiter
614 4752 655 4791 ecc
669 4732 929 4791 consideratione
939 4730 1102 4805 passionis
1112 4732 1197 4791 Filii
1363 4774 1474 4839 intime
1489 4775 1663 4857 applicabit
1677 4777 1738 4840 sibi
1758 4780 1910 4843 eamdem
1937 4782 2000 4844 qmo

487 4824 551 4885 Dei
577 4824 621 4881 ad
644 4821 936 4896 superbeatissimce
960 4821 1138 4879 Trinitatis
1166 4830 1196 4881 et
1250 4783 1388 4885 iem.
1513 4874 1518 4886 ,
1622 4875 1628 4887 ,
1680 4875 1686 4888 ,
1787 4877 1793 4890 ,
1899 4879 1906 4891 ,

459 4906 463 4909 ·
488 4910 825 4986 incomprehensibilis
843 4910 984 4968 Dema-3
1001 4912 1195 4985 contempla·
1251 4892 1284 4935 in
1299 4872 1427 4935 divitias
1441 4872 1548 4954 glorrae
1563 4882 1664 4957 rapiet
1678 4875 1819 4957 illam,1n
1836 4898 2001 4962 regionem

489 5003 608 5061 tionem
624 4998 1046 5073 ascmdaggrpraecipuam·
1251 4971 1331 5034 lueis
1357 4971 1532 5051 immensae,
1558 4972 1591 5035 in
1616 4992 1680 5055 qua
1705 4974 1809 5039 lucide
1836 4979 2000 5061 caligabit,

1251 5068 1386 5131 feliciter
1413 5070 1585 5151 oberrabit,
1614 5072 1770 5156 nequiens
1797 5094 1879 5143 eum
1909 5095 2027 5159 quem

488 5170 660 5233 Sasvlron.
688 5164 843 5228 -Nosti
870 5166 954 5247 quod
983 5167 1079 5228 etiam
1106 5165 1195 5247 juxta
1250 5167 1372 5248 quaerit,
1398 5187 1493 5250 quern
1521 5169 1638 5252 diligit,
1663 5173 1702 5235 ad
1727 5191 1822 5256 quem
1849 5177 2001 5259 suspirat,

448 5268 667 5354 philosophos,
689 5263 869 5327 intellectus
892 5264 1052 5327 humanus
1075 5284 1115 5327 ex
1139 5284 1196 5327 sua
1252 5266 1345 5329 sicuti
1360 5268 1454 5329 estin
1474 5286 1508 5331 se
1527 5268 1597 5351 ipso
1616 5270 1761 5335 invenire
1778 5280 1837 5335 aut
1856 5273 2001 5341 intueri:
