4309 6259
570 502 728 551 musmo
746 502 844 550 inm
868 504 875 551 :
898 502 1038 561 cantara,
1058 502 1239 551 amomon
1258 502 1377 551 omui

474 877 584 1000 DE
644 878 1048 1001 OMNIBUS
1110 876 1476 1001 SANCTIS

585 1204 666 1298 ΑΙ)
715 1204 1047 1300 VESPERAS
1093 1204 1358 1299 HYllNUS

308 1527 339 1588 l.
356 1525 498 1603 Christe,
516 1525 705 1607 redemptor
722 1524 884 1603 omnium,
1089 1522 1217 1587 Vestris
1236 1522 1441 1587 orationihus

285 1624 451 1689 Conserva
466 1626 542 1687 tuos
558 1622 712 1701 famulos,
1088 1622 1158 1685 Nos
1178 1621 1259 1685 ferte
1278 1622 1311 1683 in
1333 1621 1532 1685 coelestibus,

287 1722 396 1785 Beatae
416 1739 547 1802 semper
565 1720 712 1801 Virginis

284 1820 439 1884 Placetne
458 1820 581 1883 sanctis
600 1818 765 1899 precibus
1111 1804 1143 1865 5·
1161 1802 1289 1865 Ch⁰l¹18
1303 1803 1451 1865 sacratus
1465 1801 1632 1882 virdinum

1088 1900 1346 1981 Electorumque
1365 1900 1529 1979 omnium,

307 2000 338 2063 2.
355 2000 456 2062 Beata
474 2014 607 2080 quoque
626 1998 759 2078 agmina
1088 1998 1195 2062 Simul
1215 2016 1291 2062 cum
1310 2000 1440 2061 Sanctis
1458 1998 1626 2076 omnihus

285 2098 476 2162 Coelestium
496 2097 687 2177 spirituum,
1087 2097 1264 2160 consortes
1283 2097 1406 2160 Christi
1426 2096 1534 2159 facite.

285 2195 467 2273 Praeterita,
483 2194 679 2279 praesentio,¹

285 2296 410 2358 Futura
429 2293 516 2356 mala
535 2292 658 2373 pellite,
1112 2276 1142 2337 o.
1160 2276 1300 2339 Gentem
1317 2274 1443 2339 auferte
1461 2274 1620 2355 perfidam

1088 2374 1300 2437 credentium
1319 2373 1360 2435 de
1379 2372 1502 2437 finibus
1611 2414 1615 2418 ἡ

309 2476 339 2537 3.
361 2474 463 2537 Vates
482 2472 596 2537 aeterni
614 2470 755 2551 Judiois,
1089 2473 1134 2534 Ut
1152 2472 1275 2534 Christi
1296 2472 1411 2535 laudes
1429 2470 1557 2534 debitas

286 2572 505 2654 Apostolique
524 2571 674 2649 Domini,
1086 2570 1322 2634 Persolvamus
1340 2569 1502 2633 alacriter.

287 2670 487 2751 Suppliciter
507 2670 719 2751 exposcimus

286 2768 413 2832 salvari
429 2768 549 2831 vestris
566 2765 731 2849 precibus.
1112 2750 1142 2812 7·
1164 2748 1279 2813 G¹⁰li⁸
1297 2748 1389 2811 Patri
1407 2748 1567 2829 ingeniti),

1090 2847 1238 2928 Ejusque
1258 2846 1447 2927 Unigenito,

309 2950 339 3012 4.
359 2948 522 3028 Martyres
540 2948 602 3010 Dei
621 2946 748 3027 inclyti,
1091 2945 1165 3007 Una
1183 2961 1260 3008 cum
1279 2944 1398 3008 Sancto
1417 2944 1556 3025 Spiritu,

286 3046 568 3127 Confessoresqne
586 3045 700 3124 lucidi,
1091 3043 1130 3105 In
1148 3043 1350 3124 sempiterna
1368 3041 1501 3107 saecula.
1518 3042 1638 3105 Amen.

704 3351 1011 3439 EXPOSITIO
1053 3351 1245 3437 HYlle

237 3613 396 3677 Drnrerrun
425 3611 456 3673 in
487 3628 525 3673 co
553 3609 592 3672 ad
621 3624 733 3671 omnes
758 3606 943 3670 Sunetomm
959 3606 983 3667 Α
999 3624 1168 3687 preserve,
1185 3604 1218 3668 in
1238 3604 1338 3686 gratia
1359 3604 1591 3689 virtutibusque
1614 3608 1747 3686 custodi,

195 3711 325 3775 ordines
340 3708 450 3787 oratio,
467 3726 583 3788 nempe
598 3706 637 3767 ad
653 3706 763 3783 Deum,
780 3705 819 3767 ud
841 3723 945 3768 sacro
999 3724 1039 3766 ne
1051 3704 1213 3784 peccando
1229 3701 1433 3785 spiritualiter
1446 3704 1748 3784 annihilemur,esse

196 3816 339 3871 sanctam
355 3804 611 3881 Deiltatrem,ad
627 3802 787 3883 angelicos
803 3801 941 3883 spiritus,
998 3800 1106 3883 gratiae
1120 3801 1432 3864 amittendo.ldcireo
1447 3802 1549 3865 oravit
1562 3803 1746 3866 Psalmista:
1820 3834 1826 3843 ·

196 3908 236 3969 ed
252 3913 378 3969 sanctos
394 3904 575 3985 Prophetas,
587 3900 764 3984 Apostolos,
778 3908 942 3981 martyres,
998 3899 1124 3963 Custodi
1149 3919 1212 3976 me,
1238 3899 1381 3977 Domine,
1408 3907 1442 3962 ut
1462 3900 1616 3982 pupillam
1640 3900 1746 3979 oculi;
1762 3928 1802 3972 p„
1815 3931 1887 3978 m,

195 4004 397 4067 confessores
412 4010 443 4065 et
459 4000 608 4082 virgines,
621 4007 655 4061 ut
669 4019 688 4061 a
702 3996 793 4061 nohis
807 3997 943 4059 hostium
998 4004 1030 4059 et
1046 4016 1154 4059 rursus
1168 4021 1174 4058 :
1187 3996 1346 4061 Conserva
1359 4016 1423 4076 me,
1440 3998 1584 4077 Domine,
1597 3998 1747 4079 quoniam
1761 4016 1803 4061 1³2.
1813 4030 1849 4070 xv,
1859 4020 1876 4060 ι.

197 4111 378 4165 nostrorum
394 4099 575 4183 propellant
596 4096 745 4160 ierociam
768 4103 862 4175 atque
878 4113 945 4158 mo
999 4094 1122 4175 speravi
1138 4095 1170 4156 in
1187 4103 1228 4158 te.
1245 4100 1356 4157 Beate
1370 4114 1496 4172 semper
1520 4099 1666 4175 Virpr'nis
1675 4101 1749 4174 pta·

196 4200 332 4280 lestiam,
349 4197 520 4279 {sternique
537 4195 625 4278 regni
645 4194 837 4258 consortium
853 4192 943 4256 nobis
998 4203 1090 4253 catus
1114 4197 1236 4253 sanctis
1257 4195 1422 4271 precibus,
1447 4193 1478 4255 id
1502 4201 1561 4272 est,
1587 4194 1679 4258 nobis
1701 4194 1751 4256 in-

197 4297 383 4379 indulgeant
404 4304 435 4358 et
454 4314 517 4357 suro
532 4292 638 4375 gloriae
659 4291 941 4374 participationem.
998 4290 1146 4371 dulgens,
1157 4309 1217 4353 nec
1233 4298 1362 4372 propter
1376 4290 1519 4353 oiiensas
1533 4300 1658 4355 nostras
1674 4311 1750 4356 con-

999 4388 1211 4451 servationem
1240 4389 1323 4450 hanc
1348 4388 1537 4451 subtrahens
1562 4390 1664 4470 nobis,
1691 4391 1748 4455 sed

106 4512 121 4567 1
260 4494 442 4562 HRISTE,
458 4494 643 4567 redemptor
661 4492 819 4549 omnium.
842 4487 945 4563 Quali·
997 4487 1116 4568 jugiter
1143 4486 1176 4547 in
1205 4484 1397 4567 adjutorium
1425 4493 1569 4549 nostrum
1603 4486 1748 4569 superin-

276 4598 324 4653 ter
352 4588 474 4651 Christo
503 4586 671 4649 conveniat
700 4604 769 4648 esse
801 4584 944 4648 omnium
999 4588 1144 4649 tendens.
1175 4585 1252 4647 Hine
1282 4583 1383 4646 saneti
1411 4584 1527 4647 veteris
1556 4585 1748 4649 Testamenti

199 4690 363 4754 hominurn
380 4686 624 4766 redemptorem,
641 4682 815 4765 expositum
831 4690 879 4745 est
894 4702 946 4745 su·
998 4684 1090 4747 toties
1105 4690 1275 4747 oraverunt
1289 4700 1353 4745 non
1373 4682 1509 4764 relinqui
1525 4684 1621 4747 olleo
1638 4706 1645 4745 :
1663 4685 1748 4766 quod

77 4834 105 4877 p,
118 4822 146 4862 20
157 4816 184 4861 Β,
200 4809 257 4872 per
280 4788 358 4849 illud
384 4785 416 4847 iu
442 4784 543 4865 primo
567 4782 684 4864 hymno
708 4805 715 4843 :
958 4781 981 4844 B
999 4782 1136 4864 petimus
1157 4779 1249 4845 nobis
1265 4778 1402 4843 conferri
1417 4781 1537 4843 meritis
1552 4788 1584 4844 et
1598 4782 1747 4864 precibus

999 4880 1188 4944 beatissimae
1212 4878 1359 4960 Virginis,
1385 4898 1455 4959 qua
1483 4887 1532 4943 est
1556 4879 1745 4959 communis,

999 4977 1185 5042 fidelissima
1199 4996 1236 5040 ae
1252 4976 1470 5058 potentissima
1484 4980 1638 5042 advocata
1651 4977 1747 5041 totius

999 5076 1148 5141 Ecclesia
1162 5096 1200 5139 ac
1214 5075 1358 5139 omnium
1373 5084 1529 5139 nostrum,

340 4944 458 5005 Christe,
474 4944 634 5009 redemptor
647 4943 783 5003 omnium,

338 5026 445 5079 Exaudi
462 5039 561 5091 preces
575 5024 741 5091 supplicum.

198 5188 358 5247 Conservo
385 5191 456 5242 tuos
480 5181 635 5257 famulos,
655 5178 686 5239 id
708 5184 767 5258 est,
790 5196 848 5240 nos
875 5184 945 5240 tuos
1038 5179 1282 5255 Beataquoque
1301 5178 1436 5252 cymino
1457 5176 1634 5235 scelestium
1648 5175 1748 5251 spiri·
1813 5185 1832 5245 2

198 5280 359 5344 ministros
393 5286 425 5341 et
455 5276 620 5341 universos
653 5274 766 5339 fideles
800 5294 819 5337 a
852 5274 944 5337 malis
1001 5285 1108 5345 tuom,
1128 5273 1188 5336 hoo
1214 5282 1274 5352 est,
1295 5291 1314 5335 o
1336 5272 1423 5337 chori
1448 5280 1480 5335 et
1502 5271 1629 5337 ordines
1653 5290 1753 5355 onge-

322 5409 355 5463 Τ.
373 5414 413 5463 35.
1609 5406 1624 5462 7
