<?xml version="1.0" encoding="UTF-8"?>
<!DOCTYPE html PUBLIC "-//W3C//DTD XHTML 1.0 Transitional//EN"
    "http://www.w3.org/TR/xhtml1/DTD/xhtml1-transitional.dtd">
<html xmlns="http://www.w3.org/1999/xhtml" xml:lang="en" lang="en">
 <head>
  <title>
</title>
<meta http-equiv="Content-Type" content="text/html;charset=utf-8" />
  <meta name='ocr-system' content='tesseract 3.04.00' />
  <meta name='ocr-capabilities' content='ocr_page ocr_carea ocr_par ocr_line ocrx_word'/>
</head>
<body>
  <div class='ocr_page' id='page_1' title='image "./doctorisecstati02unkngoog/doctorisecstati02unkngoog_0161.png"; bbox 0 0 4309 6259; ppageno 0'>
   <div class='ocr_carea' id='block_1_1' title="bbox 310 478 1709 553">
    <p class='ocr_par' dir='ltr' id='par_1_1' title="bbox 310 478 1709 553">
     <span class='ocr_line' id='line_1_1' title="bbox 310 478 1709 553; baseline 0.004 -14"><span class='ocrx_word' id='word_1_1' title='bbox 310 492 349 539; x_wconf 86' lang='lat' dir='ltr'><strong>on</strong></span> <span class='ocrx_word' id='word_1_2' title='bbox 370 493 517 540; x_wconf 80' lang='lat' dir='ltr'><strong>muamus</strong></span> <span class='ocrx_word' id='word_1_3' title='bbox 539 492 746 541; x_wconf 71' lang='grc' dir='ltr'><strong>ειιιτιιιιιιι</strong></span> <span class='ocrx_word' id='word_1_4' title='bbox 767 494 804 539; x_wconf 88' lang='lat' dir='ltr'><strong>nr</strong></span> <span class='ocrx_word' id='word_1_5' title='bbox 826 494 992 542; x_wconf 78' lang='lat' dir='ltr'><strong>lelvlbllAE</strong></span> <span class='ocrx_word' id='word_1_6' title='bbox 1013 495 1195 553; x_wconf 73' lang='lat' dir='ltr'><strong>renarrans,</strong></span> <span class='ocrx_word' id='word_1_7' title='bbox 1218 496 1275 541; x_wconf 83' lang='lat' dir='ltr'><strong>rna</strong></span> <span class='ocrx_word' id='word_1_8' title='bbox 1295 496 1402 545; x_wconf 77' lang='lat' dir='ltr'><strong>uonna</strong></span> <span class='ocrx_word' id='word_1_9' title='bbox 1422 497 1570 545; x_wconf 70' lang='lat' dir='ltr'><strong>nonanus</strong></span> <span class='ocrx_word' id='word_1_10' title='bbox 1652 478 1709 545; x_wconf 76' lang='lat' dir='ltr'><strong>lbl</strong></span> 
     </span>
    </p>
   </div>
   <div class='ocr_carea' id='block_1_2' title="bbox 34 663 1861 5366">
    <p class='ocr_par' dir='ltr' id='par_1_2' title="bbox 170 663 1858 847">
     <span class='ocr_line' id='line_1_2' title="bbox 209 663 1452 745; baseline 0.004 -18"><span class='ocrx_word' id='word_1_11' title='bbox 209 683 241 739; x_wconf 81' lang='lat' dir='ltr'><strong>n.</strong></span> <span class='ocrx_word' id='word_1_12' title='bbox 257 663 358 739; x_wconf 82' lang='lat' dir='ltr'><strong>Quum</strong></span> <span class='ocrx_word' id='word_1_13' title='bbox 377 665 530 730; x_wconf 85' lang='lat' dir='ltr'><strong>deiecerit</strong></span> <span class='ocrx_word' id='word_1_14' title='bbox 543 666 643 730; x_wconf 88' lang='lat' dir='ltr'><strong>virtus</strong></span> <span class='ocrx_word' id='word_1_15' title='bbox 664 686 747 745; x_wconf 87' lang='lat' dir='ltr'><strong>mea,</strong></span> <span class='ocrx_word' id='word_1_16' title='bbox 764 686 804 730; x_wconf 88' lang='lat' dir='ltr'><strong>ne</strong></span> <span class='ocrx_word' id='word_1_17' title='bbox 825 666 951 731; x_wconf 78' lang='lat' dir='ltr'><strong>dere-d</strong></span> <span class='ocrx_word' id='word_1_18' title='bbox 1225 673 1379 731; x_wconf 77' lang='lat' dir='ltr'><strong>Psalmas</strong></span> <span class='ocrx_word' id='word_1_19' title='bbox 1393 674 1452 733; x_wconf 83' lang='lat'><strong>85.</strong></span> 
     </span>
     <span class='ocr_line' id='line_1_3' title="bbox 170 762 1858 847; baseline 0.003 -22"><span class='ocrx_word' id='word_1_20' title='bbox 170 762 292 844; x_wconf 76' lang='lat' dir='ltr'><strong>linquas</strong></span> <span class='ocrx_word' id='word_1_21' title='bbox 305 782 368 827; x_wconf 88' lang='lat' dir='ltr'><strong>me.</strong></span> <span class='ocrx_word' id='word_1_22' title='bbox 1006 766 1074 829; x_wconf 91' lang='lat' dir='ltr'><strong>Non</strong></span> <span class='ocrx_word' id='word_1_23' title='bbox 1094 774 1143 830; x_wconf 86' lang='lat' dir='ltr'><strong>est</strong></span> <span class='ocrx_word' id='word_1_24' title='bbox 1166 768 1281 830; x_wconf 90' lang='lat' dir='ltr'><strong>similis</strong></span> <span class='ocrx_word' id='word_1_25' title='bbox 1305 768 1350 831; x_wconf 90' lang='lat' dir='ltr'><strong>tui</strong></span> <span class='ocrx_word' id='word_1_26' title='bbox 1375 769 1408 830; x_wconf 93' lang='lat' dir='ltr'><strong>in</strong></span> <span class='ocrx_word' id='word_1_27' title='bbox 1431 768 1505 847; x_wconf 91' lang='lat' dir='ltr'><strong>diis,</strong></span> <span class='ocrx_word' id='word_1_28' title='bbox 1521 766 1665 847; x_wconf 85' lang='lat' dir='ltr'><strong>bomine,</strong></span> <span class='ocrx_word' id='word_1_29' title='bbox 1681 772 1713 829; x_wconf 90' lang='lat' dir='ltr'><strong>et</strong></span> <span class='ocrx_word' id='word_1_30' title='bbox 1732 786 1858 838; x_wconf 65' lang='lat' dir='ltr'><strong>raum.</strong></span> 
     </span>
    </p>

    <p class='ocr_par' dir='ltr' id='par_1_3' title="bbox 210 850 1786 947">
     <span class='ocr_line' id='line_1_4' title="bbox 210 850 1786 947; baseline 0.005 -24"><span class='ocrx_word' id='word_1_31' title='bbox 210 872 241 923; x_wconf 76' lang='lat' dir='ltr'><strong>t.</strong></span> <span class='ocrx_word' id='word_1_32' title='bbox 257 860 350 939; x_wconf 85' lang='lat' dir='ltr'><strong>Deus,</strong></span> <span class='ocrx_word' id='word_1_33' title='bbox 367 862 401 924; x_wconf 95' lang='lat' dir='ltr'><strong>in</strong></span> <span class='ocrx_word' id='word_1_34' title='bbox 416 862 621 945; x_wconf 87' lang='lat' dir='ltr'><strong>adjutorium,</strong></span> <span class='ocrx_word' id='word_1_35' title='bbox 638 874 696 925; x_wconf 85' lang='lat' dir='ltr'><strong>etc.</strong></span> <span class='ocrx_word' id='word_1_36' title='bbox 966 882 1029 928; x_wconf 94' lang='lat' dir='ltr'><strong>non</strong></span> <span class='ocrx_word' id='word_1_37' title='bbox 1045 872 1094 927; x_wconf 91' lang='lat' dir='ltr'><strong>est</strong></span> <span class='ocrx_word' id='word_1_38' title='bbox 1108 866 1283 929; x_wconf 90' lang='lat' dir='ltr'><strong>secundum</strong></span> <span class='ocrx_word' id='word_1_39' title='bbox 1296 884 1394 947; x_wconf 87' lang='lat' dir='ltr'><strong>opera</strong></span> <span class='ocrx_word' id='word_1_40' title='bbox 1407 874 1472 930; x_wconf 90' lang='lat' dir='ltr'><strong>tua.</strong></span> <span class='ocrx_word' id='word_1_41' title='bbox 1728 850 1786 893; x_wconf 66' lang='lat'><strong>⁸⁴⁸·</strong></span> 
     </span>
    </p>

    <p class='ocr_par' dir='ltr' id='par_1_4' title="bbox 209 959 1714 1045">
     <span class='ocr_line' id='line_1_5' title="bbox 209 959 1714 1045; baseline 0 -22"><span class='ocrx_word' id='word_1_42' title='bbox 209 978 241 1033; x_wconf 77' lang='lat' dir='ltr'><strong>n.</strong></span> <span class='ocrx_word' id='word_1_43' title='bbox 257 959 399 1039; x_wconf 85' lang='lat' dir='ltr'><strong>Domine,</strong></span> <span class='ocrx_word' id='word_1_44' title='bbox 415 962 454 1024; x_wconf 89' lang='lat' dir='ltr'><strong>ad</strong></span> <span class='ocrx_word' id='word_1_45' title='bbox 470 962 697 1043; x_wconf 83' lang='lat' dir='ltr'><strong>adjuvandum,</strong></span> <span class='ocrx_word' id='word_1_46' title='bbox 714 973 772 1023; x_wconf 79' lang='lat' dir='ltr'><strong>ecc.</strong></span> <span class='ocrx_word' id='word_1_47' title='bbox 1006 962 1123 1027; x_wconf 80' lang='lat' dir='ltr'>Omnes</span> <span class='ocrx_word' id='word_1_48' title='bbox 1146 971 1257 1045; x_wconf 87' lang='lat' dir='ltr'><strong>gentes</strong></span> <span class='ocrx_word' id='word_1_49' title='bbox 1281 982 1497 1045; x_wconf 86' lang='lat' dir='ltr'><strong>quascumque</strong></span> <span class='ocrx_word' id='word_1_50' title='bbox 1525 961 1631 1025; x_wconf 77' lang='lat' dir='ltr'><strong>fecisti</strong></span> <span class='ocrx_word' id='word_1_51' title='bbox 1661 981 1714 1024; x_wconf 91' lang='lat' dir='ltr'><strong>ve-</strong></span> 
     </span>
    </p>

    <p class='ocr_par' dir='ltr' id='par_1_5' title="bbox 208 1056 1715 1141">
     <span class='ocr_line' id='line_1_6' title="bbox 208 1056 1715 1141; baseline 0.002 -22"><span class='ocrx_word' id='word_1_52' title='bbox 208 1068 239 1119; x_wconf 73' lang='lat' dir='ltr'><strong>r.</strong></span> <span class='ocrx_word' id='word_1_53' title='bbox 255 1056 361 1121; x_wconf 82' lang='lat' dir='ltr'><strong>Gloria</strong></span> <span class='ocrx_word' id='word_1_54' title='bbox 375 1058 467 1123; x_wconf 88' lang='lat' dir='ltr'><strong>Patri.</strong></span> <span class='ocrx_word' id='word_1_55' title='bbox 484 1060 630 1123; x_wconf 81' lang='lat' dir='ltr'>Alleluia.</span> <span class='ocrx_word' id='word_1_56' title='bbox 966 1060 1067 1141; x_wconf 89' lang='lat' dir='ltr'><strong>nient,</strong></span> <span class='ocrx_word' id='word_1_57' title='bbox 1084 1070 1116 1125; x_wconf 90' lang='grc' dir='ltr'><strong>ιι</strong></span> <span class='ocrx_word' id='word_1_58' title='bbox 1139 1062 1315 1126; x_wconf 91' lang='lat' dir='ltr'><strong>adorabunt</strong></span> <span class='ocrx_word' id='word_1_59' title='bbox 1339 1079 1446 1125; x_wconf 90' lang='lat' dir='ltr'><strong>coram</strong></span> <span class='ocrx_word' id='word_1_60' title='bbox 1466 1070 1507 1141; x_wconf 90' lang='lat' dir='ltr'><strong>te,</strong></span> <span class='ocrx_word' id='word_1_61' title='bbox 1523 1060 1666 1141; x_wconf 83' lang='lat' dir='ltr'>Domine,</span> <span class='ocrx_word' id='word_1_62' title='bbox 1682 1068 1715 1123; x_wconf 90' lang='lat' dir='ltr'><strong>et</strong></span> 
     </span>
    </p>

    <p class='ocr_par' dir='ltr' id='par_1_6' title="bbox 36 1158 1861 3695">
     <span class='ocr_line' id='line_1_7' title="bbox 455 1158 1441 1242; baseline 0.003 -22"><span class='ocrx_word' id='word_1_63' title='bbox 455 1162 617 1237; x_wconf 79' lang='lat' dir='ltr'><strong><em>Hymnus.</em></strong></span> <span class='ocrx_word' id='word_1_64' title='bbox 966 1158 1193 1242; x_wconf 80' lang='lat' dir='ltr'><strong>glorificabunt</strong></span> <span class='ocrx_word' id='word_1_65' title='bbox 1207 1177 1325 1223; x_wconf 89' lang='lat' dir='ltr'><strong>nomen</strong></span> <span class='ocrx_word' id='word_1_66' title='bbox 1340 1168 1441 1223; x_wconf 89' lang='lat' dir='ltr'><strong>tuum.</strong></span> 
     </span>
     <span class='ocr_line' id='line_1_8' title="bbox 307 1255 1715 1341; baseline 0.001 -24"><span class='ocrx_word' id='word_1_67' title='bbox 307 1255 505 1339; x_wconf 88' lang='lat' dir='ltr'><strong>Principatus</strong></span> <span class='ocrx_word' id='word_1_68' title='bbox 521 1276 594 1321; x_wconf 88' lang='lat' dir='ltr'><strong>curn</strong></span> <span class='ocrx_word' id='word_1_69' title='bbox 609 1258 749 1341; x_wconf 78' lang='lat' dir='ltr'>Angelis,</span> <span class='ocrx_word' id='word_1_70' title='bbox 1006 1255 1161 1331; x_wconf 81' lang='lat' dir='ltr'><strong>Quoniam</strong></span> <span class='ocrx_word' id='word_1_71' title='bbox 1175 1276 1309 1339; x_wconf 88' lang='lat' dir='ltr'><strong>magnus</strong></span> <span class='ocrx_word' id='word_1_72' title='bbox 1323 1276 1358 1321; x_wconf 91' lang='lat' dir='ltr'><strong>es</strong></span> <span class='ocrx_word' id='word_1_73' title='bbox 1372 1265 1418 1338; x_wconf 93' lang='lat' dir='ltr'><strong>tn,</strong></span> <span class='ocrx_word' id='word_1_74' title='bbox 1434 1264 1466 1321; x_wconf 89' lang='lat' dir='ltr'><strong>et</strong></span> <span class='ocrx_word' id='word_1_75' title='bbox 1479 1257 1602 1321; x_wconf 88' lang='lat' dir='ltr'><strong>laciens</strong></span> <span class='ocrx_word' id='word_1_76' title='bbox 1620 1255 1715 1321; x_wconf 89' lang='lat' dir='ltr'><strong>mira-</strong></span> 
     </span>
     <span class='ocr_line' id='line_1_9' title="bbox 285 1353 1373 1437; baseline 0.003 -23"><span class='ocrx_word' id='word_1_77' title='bbox 285 1353 423 1417; x_wconf 85' lang='lat' dir='ltr'><strong>Virtntcs</strong></span> <span class='ocrx_word' id='word_1_78' title='bbox 438 1374 511 1417; x_wconf 92' lang='lat' dir='ltr'><strong>cum</strong></span> <span class='ocrx_word' id='word_1_79' title='bbox 525 1355 732 1437; x_wconf 79' lang='lat' dir='ltr'><strong>Archangelis</strong></span> <span class='ocrx_word' id='word_1_80' title='bbox 967 1353 1063 1430; x_wconf 84' lang='lat' dir='ltr'><strong>bilia;</strong></span> <span class='ocrx_word' id='word_1_81' title='bbox 1079 1355 1373 1419; x_wconf 81' lang='lat' dir='ltr'><strong>tueslleussolus.</strong></span> 
     </span>
     <span class='ocr_line' id='line_1_10' title="bbox 285 1451 1716 1535; baseline 0.001 -21"><span class='ocrx_word' id='word_1_82' title='bbox 285 1452 425 1517; x_wconf 88' lang='lat' dir='ltr'><strong>Jubilant</strong></span> <span class='ocrx_word' id='word_1_83' title='bbox 439 1454 509 1531; x_wconf 92' lang='lat' dir='ltr'><strong>tibi,</strong></span> <span class='ocrx_word' id='word_1_84' title='bbox 527 1454 673 1531; x_wconf 72' lang='lat' dir='ltr'><strong>Trinitas,</strong></span> <span class='ocrx_word' id='word_1_85' title='bbox 1006 1451 1114 1515; x_wconf 88' lang='lat' dir='ltr'><strong>Deduc</strong></span> <span class='ocrx_word' id='word_1_86' title='bbox 1130 1471 1192 1532; x_wconf 90' lang='lat' dir='ltr'><strong>me,</strong></span> <span class='ocrx_word' id='word_1_87' title='bbox 1208 1453 1351 1531; x_wconf 85' lang='lat' dir='ltr'><strong>Domine,</strong></span> <span class='ocrx_word' id='word_1_88' title='bbox 1368 1452 1402 1515; x_wconf 94' lang='lat' dir='ltr'><strong>in</strong></span> <span class='ocrx_word' id='word_1_89' title='bbox 1417 1451 1547 1530; x_wconf 86' lang='lat' dir='ltr'><strong>viatus,</strong></span> <span class='ocrx_word' id='word_1_90' title='bbox 1565 1460 1597 1515; x_wconf 86' lang='lat' dir='ltr'><strong>et</strong></span> <span class='ocrx_word' id='word_1_91' title='bbox 1610 1453 1716 1535; x_wconf 86' lang='lat' dir='ltr'><strong>ingre-</strong></span> 
     </span>
     <span class='ocr_line' id='line_1_11' title="bbox 285 1550 1715 1628; baseline 0 -15"><span class='ocrx_word' id='word_1_92' title='bbox 285 1551 348 1614; x_wconf 88' lang='lat' dir='ltr'><strong>Ens</strong></span> <span class='ocrx_word' id='word_1_93' title='bbox 362 1571 426 1615; x_wconf 88' lang='lat' dir='ltr'><strong>una</strong></span> <span class='ocrx_word' id='word_1_94' title='bbox 441 1571 515 1616; x_wconf 90' lang='lat' dir='ltr'><strong>vera</strong></span> <span class='ocrx_word' id='word_1_95' title='bbox 530 1552 644 1617; x_wconf 86' lang='lat' dir='ltr'><strong>Deitas.</strong></span> <span class='ocrx_word' id='word_1_96' title='bbox 966 1550 1036 1613; x_wconf 91' lang='lat' dir='ltr'><strong>diar</strong></span> <span class='ocrx_word' id='word_1_97' title='bbox 1051 1550 1083 1611; x_wconf 94' lang='lat' dir='ltr'><strong>in</strong></span> <span class='ocrx_word' id='word_1_98' title='bbox 1099 1550 1232 1614; x_wconf 84' lang='lat' dir='ltr'><strong>veritate</strong></span> <span class='ocrx_word' id='word_1_99' title='bbox 1254 1560 1328 1628; x_wconf 86' lang='lat' dir='ltr'><strong>tua;</strong></span> <span class='ocrx_word' id='word_1_100' title='bbox 1344 1550 1467 1615; x_wconf 73' lang='lat' dir='ltr'><strong>lactetur</strong></span> <span class='ocrx_word' id='word_1_101' title='bbox 1482 1568 1538 1615; x_wconf 88' lang='lat' dir='ltr'><strong>cor</strong></span> <span class='ocrx_word' id='word_1_102' title='bbox 1551 1570 1659 1613; x_wconf 93' lang='lat' dir='ltr'><strong>meum</strong></span> <span class='ocrx_word' id='word_1_103' title='bbox 1680 1558 1715 1613; x_wconf 89' lang='lat' dir='ltr'><strong>nt</strong></span> 
     </span>
     <span class='ocr_line' id='line_1_12' title="bbox 304 1647 1324 1715; baseline -0.004 -2"><span class='ocrx_word' id='word_1_104' title='bbox 304 1650 541 1714; x_wconf 83' lang='lat' dir='ltr'><strong>Dominationes</strong></span> <span class='ocrx_word' id='word_1_105' title='bbox 556 1651 628 1715; x_wconf 91' lang='lat' dir='ltr'><strong>coeli</strong></span> <span class='ocrx_word' id='word_1_106' title='bbox 967 1647 1077 1712; x_wconf 81' lang='lat' dir='ltr'><strong>timeat</strong></span> <span class='ocrx_word' id='word_1_107' title='bbox 1091 1666 1209 1713; x_wconf 90' lang='lat' dir='ltr'><strong>nomen</strong></span> <span class='ocrx_word' id='word_1_108' title='bbox 1224 1656 1324 1710; x_wconf 91' lang='lat' dir='ltr'><strong>tuum.</strong></span> 
     </span>
     <span class='ocr_line' id='line_1_13' title="bbox 285 1746 1714 1827; baseline -0.001 -17"><span class='ocrx_word' id='word_1_109' title='bbox 285 1747 361 1810; x_wconf 88' lang='lat' dir='ltr'><strong>Gum</strong></span> <span class='ocrx_word' id='word_1_110' title='bbox 377 1748 475 1811; x_wconf 88' lang='lat' dir='ltr'><strong>sacris</strong></span> <span class='ocrx_word' id='word_1_111' title='bbox 490 1748 698 1813; x_wconf 86' lang='lat' dir='ltr'><strong>Potestatibus</strong></span> <span class='ocrx_word' id='word_1_112' title='bbox 1006 1746 1189 1811; x_wconf 85' lang='lat' dir='ltr'><strong>Gonlitebor</strong></span> <span class='ocrx_word' id='word_1_113' title='bbox 1213 1746 1283 1826; x_wconf 88' lang='lat' dir='ltr'><strong>tibi,</strong></span> <span class='ocrx_word' id='word_1_114' title='bbox 1299 1746 1432 1811; x_wconf 85' lang='lat' dir='ltr'><strong>Domine</strong></span> <span class='ocrx_word' id='word_1_115' title='bbox 1455 1747 1538 1809; x_wconf 86' lang='lat' dir='ltr'><strong>Deus</strong></span> <span class='ocrx_word' id='word_1_116' title='bbox 1562 1765 1664 1827; x_wconf 90' lang='lat' dir='ltr'><strong>meus,</strong></span> <span class='ocrx_word' id='word_1_117' title='bbox 1681 1747 1714 1809; x_wconf 91' lang='lat' dir='ltr'><strong>in</strong></span> 
     </span>
     <span class='ocr_line' id='line_1_14' title="bbox 285 1843 1714 1928; baseline 0 -21"><span class='ocrx_word' id='word_1_118' title='bbox 285 1847 327 1908; x_wconf 90' lang='lat' dir='ltr'><strong>Te</strong></span> <span class='ocrx_word' id='word_1_119' title='bbox 342 1846 484 1926; x_wconf 89' lang='lat' dir='ltr'><strong>adorant,</strong></span> <span class='ocrx_word' id='word_1_120' title='bbox 502 1846 620 1911; x_wconf 88' lang='lat' dir='ltr'><strong>iontem</strong></span> <span class='ocrx_word' id='word_1_121' title='bbox 638 1848 716 1926; x_wconf 87' lang='lat' dir='ltr'><strong>reri,</strong></span> <span class='ocrx_word' id='word_1_122' title='bbox 926 1843 949 1906; x_wconf 89' lang='lat' dir='ltr'>B</span> <span class='ocrx_word' id='word_1_123' title='bbox 966 1852 1032 1909; x_wconf 91' lang='lat' dir='ltr'><strong>toto</strong></span> <span class='ocrx_word' id='word_1_124' title='bbox 1047 1846 1141 1909; x_wconf 90' lang='lat' dir='ltr'><strong>corde</strong></span> <span class='ocrx_word' id='word_1_125' title='bbox 1156 1854 1279 1923; x_wconf 90' lang='lat' dir='ltr'><strong>me0,et</strong></span> <span class='ocrx_word' id='word_1_126' title='bbox 1290 1843 1478 1928; x_wconf 79' lang='lat' dir='ltr'><strong>glorificabo</strong></span> <span class='ocrx_word' id='word_1_127' title='bbox 1493 1862 1610 1908; x_wconf 89' lang='lat' dir='ltr'><strong>nomen</strong></span> <span class='ocrx_word' id='word_1_128' title='bbox 1624 1854 1714 1907; x_wconf 87' lang='lat' dir='ltr'><strong>tuom</strong></span> 
     </span>
     <span class='ocr_line' id='line_1_15' title="bbox 285 1944 1188 2027; baseline -0.001 -20"><span class='ocrx_word' id='word_1_129' title='bbox 285 1944 362 2007; x_wconf 84' lang='lat' dir='ltr'><strong>Cum</strong></span> <span class='ocrx_word' id='word_1_130' title='bbox 377 1945 523 2027; x_wconf 85' lang='lat' dir='ltr'><strong>supernis</strong></span> <span class='ocrx_word' id='word_1_131' title='bbox 539 1945 715 2027; x_wconf 83' lang='lat' dir='ltr'><strong>spiritibus.</strong></span> <span class='ocrx_word' id='word_1_132' title='bbox 967 1944 1001 2007; x_wconf 92' lang='lat' dir='ltr'><strong>in</strong></span> <span class='ocrx_word' id='word_1_133' title='bbox 1022 1951 1188 2007; x_wconf 80' lang='lat' dir='ltr'><strong>aternum.</strong></span> 
     </span>
     <span class='ocr_line' id='line_1_16' title="bbox 304 2041 1716 2125; baseline 0 -22"><span class='ocrx_word' id='word_1_134' title='bbox 304 2041 501 2106; x_wconf 87' lang='lat' dir='ltr'><strong>Oadoranda</strong></span> <span class='ocrx_word' id='word_1_135' title='bbox 516 2042 664 2122; x_wconf 78' lang='lat' dir='ltr'><strong>Trinitas,</strong></span> <span class='ocrx_word' id='word_1_136' title='bbox 1007 2042 1085 2117; x_wconf 87' lang='lat' dir='ltr'><strong>Ouia</strong></span> <span class='ocrx_word' id='word_1_137' title='bbox 1104 2041 1324 2106; x_wconf 76' lang='lat' dir='ltr'><strong>misericordia</strong></span> <span class='ocrx_word' id='word_1_138' title='bbox 1345 2049 1399 2104; x_wconf 87' lang='lat' dir='ltr'><strong>tua</strong></span> <span class='ocrx_word' id='word_1_139' title='bbox 1419 2060 1534 2123; x_wconf 88' lang='lat' dir='ltr'><strong>magna</strong></span> <span class='ocrx_word' id='word_1_140' title='bbox 1553 2048 1716 2125; x_wconf 89' lang='lat' dir='ltr'><strong>estsuper</strong></span> 
     </span>
     <span class='ocr_line' id='line_1_17' title="bbox 286 2137 1716 2221; baseline -0.001 -18"><span class='ocrx_word' id='word_1_141' title='bbox 286 2140 530 2204; x_wconf 83' lang='lat' dir='ltr'><strong>Oinscrulanda</strong></span> <span class='ocrx_word' id='word_1_142' title='bbox 544 2142 670 2221; x_wconf 75' lang='lat' dir='ltr'><strong>Deitas,</strong></span> <span class='ocrx_word' id='word_1_143' title='bbox 813 2162 815 2167; x_wconf 93' lang='lat'>·</span> <span class='ocrx_word' id='word_1_144' title='bbox 968 2159 1029 2217; x_wconf 92' lang='lat' dir='ltr'><strong>me,</strong></span> <span class='ocrx_word' id='word_1_145' title='bbox 1046 2147 1078 2202; x_wconf 92' lang='lat' dir='ltr'><strong>et</strong></span> <span class='ocrx_word' id='word_1_146' title='bbox 1096 2140 1207 2203; x_wconf 87' lang='lat' dir='ltr'><strong>eruisti</strong></span> <span class='ocrx_word' id='word_1_147' title='bbox 1231 2140 1372 2203; x_wconf 88' lang='lat' dir='ltr'><strong>animam</strong></span> <span class='ocrx_word' id='word_1_148' title='bbox 1396 2158 1501 2204; x_wconf 89' lang='lat' dir='ltr'><strong>meam</strong></span> <span class='ocrx_word' id='word_1_149' title='bbox 1525 2158 1563 2202; x_wconf 84' lang='lat' dir='ltr'><strong>ex</strong></span> <span class='ocrx_word' id='word_1_150' title='bbox 1589 2137 1716 2203; x_wconf 90' lang='lat' dir='ltr'><strong>inlerno</strong></span> 
     </span>
     <span class='ocr_line' id='line_1_18' title="bbox 285 2238 1124 2319; baseline -0.001 -18"><span class='ocrx_word' id='word_1_151' title='bbox 285 2238 367 2302; x_wconf 90' lang='lat' dir='ltr'><strong>Deus</strong></span> <span class='ocrx_word' id='word_1_152' title='bbox 381 2238 480 2318; x_wconf 88' lang='lat' dir='ltr'><strong>Pater,</strong></span> <span class='ocrx_word' id='word_1_153' title='bbox 497 2238 579 2302; x_wconf 84' lang='lat' dir='ltr'><strong>Deus</strong></span> <span class='ocrx_word' id='word_1_154' title='bbox 594 2239 665 2319; x_wconf 82' lang='lat' dir='ltr'><strong>Fili,</strong></span> <span class='ocrx_word' id='word_1_155' title='bbox 968 2238 1124 2303; x_wconf 89' lang='lat' dir='ltr'><strong>inleriori.</strong></span> 
     </span>
     <span class='ocr_line' id='line_1_19' title="bbox 285 2335 1221 2401; baseline 0 -2"><span class='ocrx_word' id='word_1_156' title='bbox 285 2337 367 2399; x_wconf 84' lang='lat' dir='ltr'><strong>[leus</strong></span> <span class='ocrx_word' id='word_1_157' title='bbox 382 2336 464 2399; x_wconf 88' lang='lat' dir='ltr'><strong>alme</strong></span> <span class='ocrx_word' id='word_1_158' title='bbox 479 2336 637 2401; x_wconf 88' lang='lat' dir='ltr'><strong>Paraclele</strong></span> <span class='ocrx_word' id='word_1_159' title='bbox 655 2362 662 2399; x_wconf 90' lang='lat'>:</span> <span class='ocrx_word' id='word_1_160' title='bbox 852 2372 856 2379; x_wconf 91' lang='lat'>·</span> <span class='ocrx_word' id='word_1_161' title='bbox 1007 2335 1114 2400; x_wconf 84' lang='lat' dir='ltr'><strong>Gloria</strong></span> <span class='ocrx_word' id='word_1_162' title='bbox 1128 2335 1221 2400; x_wconf 87' lang='lat' dir='ltr'><strong>Patri.</strong></span> 
     </span>
     <span class='ocr_line' id='line_1_20' title="bbox 303 2434 1861 2517; baseline 0.001 -22"><span class='ocrx_word' id='word_1_163' title='bbox 303 2434 418 2517; x_wconf 86' lang='lat' dir='ltr'><strong>Culpas</strong></span> <span class='ocrx_word' id='word_1_164' title='bbox 433 2434 502 2497; x_wconf 88' lang='lat' dir='ltr'><strong>lava</strong></span> <span class='ocrx_word' id='word_1_165' title='bbox 516 2435 633 2515; x_wconf 90' lang='lat' dir='ltr'><strong>quibus</strong></span> <span class='ocrx_word' id='word_1_166' title='bbox 650 2454 748 2517; x_wconf 86' lang='lat' dir='ltr'><strong>prava</strong></span> <span class='ocrx_word' id='word_1_167' title='bbox 1007 2434 1251 2516; x_wconf 82' lang='lat' dir='ltr'><strong>Ant.llegnavit</strong></span> <span class='ocrx_word' id='word_1_168' title='bbox 1264 2434 1417 2499; x_wconf 83' lang='lat' dir='ltr'><strong>Dominus</strong></span> <span class='ocrx_word' id='word_1_169' title='bbox 1431 2435 1513 2499; x_wconf 80' lang='lat' dir='ltr'><strong>llaus</strong></span> <span class='ocrx_word' id='word_1_170' title='bbox 1527 2444 1636 2501; x_wconf 90' lang='lat' dir='ltr'><strong>noster</strong></span> <span class='ocrx_word' id='word_1_171' title='bbox 1648 2454 1716 2499; x_wconf 91' lang='lat' dir='ltr'><strong>om·</strong></span> <span class='ocrx_word' id='word_1_172' title='bbox 1742 2454 1861 2511; x_wconf 59' lang='lat' dir='ltr'><strong>amna,</strong></span> 
     </span>
     <span class='ocr_line' id='line_1_21' title="bbox 284 2520 1781 2615; baseline 0 -20"><span class='ocrx_word' id='word_1_173' title='bbox 284 2533 394 2595; x_wconf 86' lang='lat' dir='ltr'><strong>Sordel</strong></span> <span class='ocrx_word' id='word_1_174' title='bbox 409 2532 616 2613; x_wconf 86' lang='lat' dir='ltr'><strong>conscientia,</strong></span> <span class='ocrx_word' id='word_1_175' title='bbox 968 2532 1117 2614; x_wconf 88' lang='lat' dir='ltr'><strong>nipotens</strong></span> <span class='ocrx_word' id='word_1_176' title='bbox 1144 2556 1151 2594; x_wconf 92' lang='lat'><strong>:</strong></span> <span class='ocrx_word' id='word_1_177' title='bbox 1177 2534 1371 2615; x_wconf 79' lang='lat' dir='ltr'><strong>gaudeamus</strong></span> <span class='ocrx_word' id='word_1_178' title='bbox 1395 2541 1427 2595; x_wconf 89' lang='grc' dir='ltr'><strong>ιι</strong></span> <span class='ocrx_word' id='word_1_179' title='bbox 1453 2533 1657 2610; x_wconf 80' lang='lat' dir='ltr'><strong>exsultemus,</strong></span> <span class='ocrx_word' id='word_1_180' title='bbox 1684 2541 1715 2597; x_wconf 91' lang='lat' dir='ltr'><strong>et</strong></span> <span class='ocrx_word' id='word_1_181' title='bbox 1730 2520 1781 2569; x_wconf 68' lang='lat'><strong>³¹⁷·</strong></span> 
     </span>
     <span class='ocr_line' id='line_1_22' title="bbox 284 2630 1284 2711; baseline -0.001 -18"><span class='ocrx_word' id='word_1_182' title='bbox 284 2630 320 2693; x_wconf 89' lang='lat' dir='ltr'><strong>Ut</strong></span> <span class='ocrx_word' id='word_1_183' title='bbox 334 2630 470 2710; x_wconf 87' lang='lat' dir='ltr'><strong>sincere,</strong></span> <span class='ocrx_word' id='word_1_184' title='bbox 488 2640 593 2693; x_wconf 84' lang='lat' dir='ltr'><strong>mente</strong></span> <span class='ocrx_word' id='word_1_185' title='bbox 608 2650 694 2711; x_wconf 88' lang='lat' dir='ltr'><strong>vera,</strong></span> <span class='ocrx_word' id='word_1_186' title='bbox 967 2630 1079 2693; x_wconf 89' lang='lat' dir='ltr'><strong>demus</strong></span> <span class='ocrx_word' id='word_1_187' title='bbox 1094 2630 1228 2711; x_wconf 79' lang='lat' dir='ltr'><strong>gloriam</strong></span> <span class='ocrx_word' id='word_1_188' title='bbox 1244 2630 1284 2693; x_wconf 91' lang='lat' dir='ltr'><strong>ei.</strong></span> 
     </span>
     <span class='ocr_line' id='line_1_23' title="bbox 284 2728 1341 2810; baseline 0.003 -20"><span class='ocrx_word' id='word_1_189' title='bbox 284 2728 438 2790; x_wconf 86' lang='lat' dir='ltr'><strong>Fruamur</strong></span> <span class='ocrx_word' id='word_1_190' title='bbox 451 2735 506 2791; x_wconf 87' lang='lat' dir='ltr'><strong>tua</strong></span> <span class='ocrx_word' id='word_1_191' title='bbox 520 2728 632 2810; x_wconf 89' lang='lat' dir='ltr'><strong>gloria.</strong></span> <span class='ocrx_word' id='word_1_192' title='bbox 1005 2730 1086 2791; x_wconf 81' lang='lat' dir='ltr'><strong>Ant.</strong></span> <span class='ocrx_word' id='word_1_193' title='bbox 1104 2728 1275 2793; x_wconf 87' lang='lat' dir='ltr'><strong>Benedicta</strong></span> <span class='ocrx_word' id='word_1_194' title='bbox 1289 2729 1341 2793; x_wconf 85' lang='lat' dir='ltr'><strong>sit.</strong></span> 
     </span>
     <span class='ocr_line' id='line_1_24' title="bbox 303 2826 1455 2907; baseline 0.001 -19"><span class='ocrx_word' id='word_1_195' title='bbox 303 2826 420 2907; x_wconf 83' lang='lat' dir='ltr'><strong>Honor,</strong></span> <span class='ocrx_word' id='word_1_196' title='bbox 436 2826 549 2905; x_wconf 73' lang='lat' dir='ltr'><strong>virtue,</strong></span> <span class='ocrx_word' id='word_1_197' title='bbox 566 2826 688 2905; x_wconf 77' lang='lat' dir='ltr'><strong>laetitia,</strong></span> <span class='ocrx_word' id='word_1_198' title='bbox 1227 2832 1382 2891; x_wconf 82' lang='lat' dir='ltr'><strong>Psalmus</strong></span> <span class='ocrx_word' id='word_1_199' title='bbox 1396 2832 1455 2891; x_wconf 82' lang='lat'><strong>85.</strong></span> 
     </span>
     <span class='ocr_line' id='line_1_25' title="bbox 285 2924 1861 3007; baseline 0.001 -20"><span class='ocrx_word' id='word_1_200' title='bbox 285 2924 546 3007; x_wconf 84' lang='lat' dir='ltr'><strong>Sempitemaqne</strong></span> <span class='ocrx_word' id='word_1_201' title='bbox 561 2924 653 2987; x_wconf 84' lang='lat' dir='ltr'><strong>latria</strong></span> <span class='ocrx_word' id='word_1_202' title='bbox 1007 2926 1045 2989; x_wconf 88' lang='grc' dir='ltr'><strong>Ει</strong></span> <span class='ocrx_word' id='word_1_203' title='bbox 1060 2934 1105 3005; x_wconf 83' lang='grc' dir='ltr'><strong>ιιι,</strong></span> <span class='ocrx_word' id='word_1_204' title='bbox 1121 2926 1254 2990; x_wconf 83' lang='lat' dir='ltr'><strong>Domine</strong></span> <span class='ocrx_word' id='word_1_205' title='bbox 1275 2927 1367 3004; x_wconf 86' lang='lat' dir='ltr'><strong>Deus,</strong></span> <span class='ocrx_word' id='word_1_206' title='bbox 1385 2926 1552 2990; x_wconf 87' lang='lat' dir='ltr'><strong>miserator</strong></span> <span class='ocrx_word' id='word_1_207' title='bbox 1570 2936 1602 2990; x_wconf 92' lang='grc' dir='ltr'><strong>ιι</strong></span> <span class='ocrx_word' id='word_1_208' title='bbox 1620 2926 1715 2989; x_wconf 88' lang='lat' dir='ltr'><strong>mise-</strong></span> <span class='ocrx_word' id='word_1_209' title='bbox 1739 2945 1861 3000; x_wconf 58' lang='lat' dir='ltr'><strong>remu,</strong></span> 
     </span>
     <span class='ocr_line' id='line_1_26' title="bbox 285 3012 1801 3107; baseline 0.001 -20"><span class='ocrx_word' id='word_1_210' title='bbox 285 3024 347 3087; x_wconf 84' lang='lat' dir='ltr'><strong>Deo</strong></span> <span class='ocrx_word' id='word_1_211' title='bbox 361 3024 443 3087; x_wconf 84' lang='lat' dir='ltr'><strong>Patri</strong></span> <span class='ocrx_word' id='word_1_212' title='bbox 459 3032 490 3087; x_wconf 89' lang='lat' dir='ltr'><strong>et</strong></span> <span class='ocrx_word' id='word_1_213' title='bbox 504 3023 595 3102; x_wconf 84' lang='lat' dir='ltr'><strong>Tillo,</strong></span> <span class='ocrx_word' id='word_1_214' title='bbox 928 3022 951 3087; x_wconf 87' lang='lat' dir='ltr'><strong>G</strong></span> <span class='ocrx_word' id='word_1_215' title='bbox 968 3025 1079 3103; x_wconf 90' lang='lat' dir='ltr'><strong>ricors,</strong></span> <span class='ocrx_word' id='word_1_216' title='bbox 1097 3024 1232 3107; x_wconf 84' lang='lat' dir='ltr'><strong>patiens,</strong></span> <span class='ocrx_word' id='word_1_217' title='bbox 1249 3031 1281 3087; x_wconf 88' lang='lat' dir='ltr'><strong>et</strong></span> <span class='ocrx_word' id='word_1_218' title='bbox 1301 3024 1408 3088; x_wconf 78' lang='lat' dir='ltr'><strong>multa</strong></span> <span class='ocrx_word' id='word_1_219' title='bbox 1429 3025 1667 3105; x_wconf 76' lang='lat' dir='ltr'><strong>misericordia,</strong></span> <span class='ocrx_word' id='word_1_220' title='bbox 1683 3034 1715 3088; x_wconf 90' lang='lat' dir='ltr'><strong>et</strong></span> <span class='ocrx_word' id='word_1_221' title='bbox 1729 3012 1801 3053; x_wconf 66' lang='lat'>¹⁵⁴⁷·</span> 
     </span>
     <span class='ocr_line' id='line_1_27' title="bbox 284 3122 1073 3203; baseline 0.003 -19"><span class='ocrx_word' id='word_1_222' title='bbox 284 3122 399 3185; x_wconf 89' lang='lat' dir='ltr'><strong>Sancto</strong></span> <span class='ocrx_word' id='word_1_223' title='bbox 415 3141 477 3185; x_wconf 90' lang='lat' dir='ltr'><strong>una</strong></span> <span class='ocrx_word' id='word_1_224' title='bbox 491 3122 662 3187; x_wconf 88' lang='lat' dir='ltr'><strong>Paracleto.</strong></span> <span class='ocrx_word' id='word_1_225' title='bbox 681 3122 792 3187; x_wconf 81' lang='lat' dir='ltr'><strong>Amen.</strong></span> <span class='ocrx_word' id='word_1_226' title='bbox 967 3145 1073 3203; x_wconf 85' lang='lat' dir='ltr'><strong>verax,</strong></span> 
     </span>
     <span class='ocr_line' id='line_1_28' title="bbox 201 3218 1715 3304; baseline 0.001 -21"><span class='ocrx_word' id='word_1_227' title='bbox 201 3224 283 3283; x_wconf 82' lang='lat' dir='ltr'><strong>Ant.</strong></span> <span class='ocrx_word' id='word_1_228' title='bbox 301 3218 517 3302; x_wconf 86' lang='lat' dir='ltr'><strong>Respondens.</strong></span> <span class='ocrx_word' id='word_1_229' title='bbox 1008 3222 1141 3304; x_wconf 80' lang='lat' dir='ltr'><strong>Respice</strong></span> <span class='ocrx_word' id='word_1_230' title='bbox 1157 3222 1189 3284; x_wconf 94' lang='lat' dir='ltr'><strong>in</strong></span> <span class='ocrx_word' id='word_1_231' title='bbox 1204 3242 1266 3300; x_wconf 93' lang='lat' dir='ltr'><strong>me,</strong></span> <span class='ocrx_word' id='word_1_232' title='bbox 1283 3230 1314 3285; x_wconf 89' lang='lat' dir='ltr'><strong>et</strong></span> <span class='ocrx_word' id='word_1_233' title='bbox 1329 3223 1480 3286; x_wconf 90' lang='lat' dir='ltr'><strong>miserere</strong></span> <span class='ocrx_word' id='word_1_234' title='bbox 1495 3223 1557 3286; x_wconf 89' lang='lat' dir='ltr'><strong>mei</strong></span> <span class='ocrx_word' id='word_1_235' title='bbox 1572 3244 1580 3298; x_wconf 84' lang='lat'><em>3</em></span> <span class='ocrx_word' id='word_1_236' title='bbox 1596 3224 1637 3286; x_wconf 91' lang='lat' dir='ltr'><strong>da</strong></span> <span class='ocrx_word' id='word_1_237' title='bbox 1657 3223 1715 3285; x_wconf 89' lang='lat' dir='ltr'><strong>im-</strong></span> 
     </span>
     <span class='ocr_line' id='line_1_29' title="bbox 424 3320 1713 3403; baseline 0.002 -22"><span class='ocrx_word' id='word_1_238' title='bbox 424 3322 576 3381; x_wconf 81' lang='lat' dir='ltr'><strong>Psalmus</strong></span> <span class='ocrx_word' id='word_1_239' title='bbox 591 3324 651 3382; x_wconf 82' lang='lat'><strong>85.</strong></span> <span class='ocrx_word' id='word_1_240' title='bbox 968 3320 1093 3402; x_wconf 90' lang='lat' dir='ltr'><strong>perium</strong></span> <span class='ocrx_word' id='word_1_241' title='bbox 1117 3328 1206 3382; x_wconf 87' lang='lat' dir='ltr'><strong>tunm</strong></span> <span class='ocrx_word' id='word_1_242' title='bbox 1234 3339 1334 3403; x_wconf 85' lang='lat' dir='ltr'><strong>puero</strong></span> <span class='ocrx_word' id='word_1_243' title='bbox 1359 3329 1424 3398; x_wconf 86' lang='lat' dir='ltr'><strong>tuo,</strong></span> <span class='ocrx_word' id='word_1_244' title='bbox 1450 3328 1482 3383; x_wconf 91' lang='lat' dir='ltr'><strong>et</strong></span> <span class='ocrx_word' id='word_1_245' title='bbox 1512 3321 1634 3384; x_wconf 89' lang='lat' dir='ltr'><strong>salvum</strong></span> <span class='ocrx_word' id='word_1_246' title='bbox 1662 3320 1713 3383; x_wconf 89' lang='lat' dir='ltr'><strong>lac</strong></span> 
     </span>
     <span class='ocr_line' id='line_1_30' title="bbox 42 3416 1300 3503; baseline -0.001 -23"><span class='ocrx_word' id='word_1_247' title='bbox 42 3429 148 3503; x_wconf 58' lang='lat' dir='ltr'><strong>lamae</strong></span> <span class='ocrx_word' id='word_1_248' title='bbox 201 3416 338 3493; x_wconf 89' lang='lat' dir='ltr'><strong>lnclina,</strong></span> <span class='ocrx_word' id='word_1_249' title='bbox 368 3416 511 3494; x_wconf 82' lang='lat' dir='ltr'><strong>Domine,</strong></span> <span class='ocrx_word' id='word_1_250' title='bbox 538 3436 647 3479; x_wconf 84' lang='lat' dir='ltr'><strong>aurem</strong></span> <span class='ocrx_word' id='word_1_251' title='bbox 678 3426 774 3497; x_wconf 85' lang='lat' dir='ltr'><strong>tuam,</strong></span> <span class='ocrx_word' id='word_1_252' title='bbox 802 3426 833 3479; x_wconf 79' lang='lat' dir='ltr'><strong>cl</strong></span> <span class='ocrx_word' id='word_1_253' title='bbox 860 3438 912 3481; x_wconf 85' lang='lat' dir='ltr'><strong>ex·</strong></span> <span class='ocrx_word' id='word_1_254' title='bbox 966 3418 1072 3481; x_wconf 85' lang='lat' dir='ltr'><strong>lilium</strong></span> <span class='ocrx_word' id='word_1_255' title='bbox 1088 3417 1213 3481; x_wconf 77' lang='lat' dir='ltr'><strong>ancilla</strong></span> <span class='ocrx_word' id='word_1_256' title='bbox 1228 3427 1300 3481; x_wconf 79' lang='lat' dir='ltr'><strong>tua.</strong></span> 
     </span>
     <span class='ocr_line' id='line_1_31' title="bbox 36 3494 1713 3599; baseline -0.001 -20"><span class='ocrx_word' id='word_1_257' title='bbox 36 3494 69 3533; x_wconf 51' lang='grc' dir='ltr'><strong>Μ’</strong></span> <span class='ocrx_word' id='word_1_258' title='bbox 162 3515 235 3580; x_wconf 89' lang='lat' dir='ltr'><strong>audi</strong></span> <span class='ocrx_word' id='word_1_259' title='bbox 260 3534 313 3578; x_wconf 89' lang='lat' dir='ltr'><strong>me</strong></span> <span class='ocrx_word' id='word_1_260' title='bbox 330 3538 337 3576; x_wconf 77' lang='grc' dir='ltr'><strong>ε</strong></span> <span class='ocrx_word' id='word_1_261' title='bbox 354 3514 504 3597; x_wconf 87' lang='lat' dir='ltr'><strong>quoniam</strong></span> <span class='ocrx_word' id='word_1_262' title='bbox 529 3514 621 3598; x_wconf 90' lang='lat' dir='ltr'><strong>inops</strong></span> <span class='ocrx_word' id='word_1_263' title='bbox 646 3524 677 3579; x_wconf 90' lang='lat' dir='ltr'><strong>et</strong></span> <span class='ocrx_word' id='word_1_264' title='bbox 699 3536 819 3599; x_wconf 89' lang='lat' dir='ltr'><strong>pauper</strong></span> <span class='ocrx_word' id='word_1_265' title='bbox 841 3535 911 3578; x_wconf 90' lang='lat' dir='ltr'><strong>sum</strong></span> <span class='ocrx_word' id='word_1_266' title='bbox 1006 3517 1067 3579; x_wconf 84' lang='lat' dir='ltr'><strong>Fac</strong></span> <span class='ocrx_word' id='word_1_267' title='bbox 1093 3535 1219 3579; x_wconf 88' lang='lat' dir='ltr'><strong>mecum</strong></span> <span class='ocrx_word' id='word_1_268' title='bbox 1244 3516 1370 3597; x_wconf 88' lang='lat' dir='ltr'><strong>signum</strong></span> <span class='ocrx_word' id='word_1_269' title='bbox 1396 3517 1429 3577; x_wconf 94' lang='lat' dir='ltr'><strong>in</strong></span> <span class='ocrx_word' id='word_1_270' title='bbox 1453 3516 1583 3594; x_wconf 91' lang='lat' dir='ltr'><strong>bonum,</strong></span> <span class='ocrx_word' id='word_1_271' title='bbox 1610 3525 1644 3578; x_wconf 93' lang='lat' dir='ltr'><strong>nt</strong></span> <span class='ocrx_word' id='word_1_272' title='bbox 1666 3516 1713 3579; x_wconf 90' lang='lat' dir='ltr'><strong>vi-</strong></span> 
     </span>
     <span class='ocr_line' id='line_1_32' title="bbox 161 3613 1709 3695; baseline -0.001 -18"><span class='ocrx_word' id='word_1_273' title='bbox 161 3632 231 3695; x_wconf 89' lang='lat' dir='ltr'><strong>ego.</strong></span> <span class='ocrx_word' id='word_1_274' title='bbox 966 3614 1062 3677; x_wconf 86' lang='lat' dir='ltr'><strong>deant</strong></span> <span class='ocrx_word' id='word_1_275' title='bbox 1082 3613 1136 3695; x_wconf 91' lang='lat' dir='ltr'><strong>qui</strong></span> <span class='ocrx_word' id='word_1_276' title='bbox 1158 3614 1293 3677; x_wconf 87' lang='lat' dir='ltr'><strong>odemnt</strong></span> <span class='ocrx_word' id='word_1_277' title='bbox 1317 3632 1379 3692; x_wconf 88' lang='lat' dir='ltr'><strong>me,</strong></span> <span class='ocrx_word' id='word_1_278' title='bbox 1396 3621 1428 3676; x_wconf 92' lang='lat' dir='ltr'><strong>et</strong></span> <span class='ocrx_word' id='word_1_279' title='bbox 1451 3614 1709 3677; x_wconf 88' lang='lat' dir='ltr'><strong>conlundanlur:</strong></span> 
     </span>
    </p>

    <p class='ocr_par' dir='ltr' id='par_1_7' title="bbox 161 3710 1713 3990">
     <span class='ocr_line' id='line_1_33' title="bbox 200 3710 1713 3793; baseline -0.003 -17"><span class='ocrx_word' id='word_1_280' title='bbox 200 3710 332 3776; x_wconf 81' lang='lat' dir='ltr'><strong>Custodi</strong></span> <span class='ocrx_word' id='word_1_281' title='bbox 356 3710 494 3773; x_wconf 88' lang='lat' dir='ltr'><strong>animam</strong></span> <span class='ocrx_word' id='word_1_282' title='bbox 521 3730 635 3791; x_wconf 88' lang='lat' dir='ltr'><strong>meam,</strong></span> <span class='ocrx_word' id='word_1_283' title='bbox 660 3712 811 3793; x_wconf 90' lang='lat' dir='ltr'><strong>quoniam</strong></span> <span class='ocrx_word' id='word_1_284' title='bbox 841 3732 911 3775; x_wconf 89' lang='lat' dir='ltr'><strong>san·</strong></span> <span class='ocrx_word' id='word_1_285' title='bbox 966 3712 1118 3792; x_wconf 89' lang='lat' dir='ltr'><strong>quoniam</strong></span> <span class='ocrx_word' id='word_1_286' title='bbox 1134 3719 1179 3791; x_wconf 87' lang='lat' dir='ltr'><strong>lu,</strong></span> <span class='ocrx_word' id='word_1_287' title='bbox 1195 3712 1339 3789; x_wconf 89' lang='lat' dir='ltr'><strong>Domine,</strong></span> <span class='ocrx_word' id='word_1_288' title='bbox 1350 3711 1501 3793; x_wconf 88' lang='lat' dir='ltr'><strong>adjuvisti</strong></span> <span class='ocrx_word' id='word_1_289' title='bbox 1517 3730 1579 3790; x_wconf 92' lang='lat' dir='ltr'><strong>me,</strong></span> <span class='ocrx_word' id='word_1_290' title='bbox 1592 3718 1622 3773; x_wconf 86' lang='lat' dir='ltr'><strong>et</strong></span> <span class='ocrx_word' id='word_1_291' title='bbox 1639 3729 1713 3773; x_wconf 91' lang='lat' dir='ltr'><strong>con·</strong></span> 
     </span>
     <span class='ocr_line' id='line_1_34' title="bbox 161 3808 1223 3889; baseline -0.002 -16"><span class='ocrx_word' id='word_1_292' title='bbox 161 3818 231 3873; x_wconf 88' lang='lat' dir='ltr'><strong>ctus</strong></span> <span class='ocrx_word' id='word_1_293' title='bbox 246 3828 319 3873; x_wconf 89' lang='lat' dir='ltr'><strong>sum</strong></span> <span class='ocrx_word' id='word_1_294' title='bbox 334 3831 342 3883; x_wconf 72' lang='grc' dir='ltr'><strong>ς</strong></span> <span class='ocrx_word' id='word_1_295' title='bbox 359 3808 482 3871; x_wconf 90' lang='lat' dir='ltr'><strong>salvum</strong></span> <span class='ocrx_word' id='word_1_296' title='bbox 497 3808 548 3871; x_wconf 89' lang='lat' dir='ltr'><strong>lac</strong></span> <span class='ocrx_word' id='word_1_297' title='bbox 564 3828 691 3872; x_wconf 86' lang='lat' dir='ltr'><strong>servum</strong></span> <span class='ocrx_word' id='word_1_298' title='bbox 712 3817 812 3889; x_wconf 90' lang='lat' dir='ltr'><strong>tuum,</strong></span> <span class='ocrx_word' id='word_1_299' title='bbox 830 3810 911 3873; x_wconf 87' lang='lat' dir='ltr'><strong>Deus</strong></span> <span class='ocrx_word' id='word_1_300' title='bbox 967 3810 1085 3874; x_wconf 90' lang='lat' dir='ltr'><strong>solatus</strong></span> <span class='ocrx_word' id='word_1_301' title='bbox 1105 3830 1140 3873; x_wconf 90' lang='lat' dir='ltr'><strong>es</strong></span> <span class='ocrx_word' id='word_1_302' title='bbox 1162 3829 1223 3873; x_wconf 91' lang='lat' dir='ltr'><strong>me.</strong></span> 
     </span>
     <span class='ocr_line' id='line_1_35' title="bbox 161 3906 1219 3990; baseline -0.002 -19"><span class='ocrx_word' id='word_1_303' title='bbox 161 3928 265 3986; x_wconf 92' lang='lat' dir='ltr'><strong>meus,</strong></span> <span class='ocrx_word' id='word_1_304' title='bbox 283 3914 463 3990; x_wconf 83' lang='lat' dir='ltr'><strong>sperantem</strong></span> <span class='ocrx_word' id='word_1_305' title='bbox 479 3906 511 3969; x_wconf 94' lang='lat' dir='ltr'><strong>in</strong></span> <span class='ocrx_word' id='word_1_306' title='bbox 526 3914 567 3969; x_wconf 88' lang='lat' dir='ltr'><strong>te.</strong></span> <span class='ocrx_word' id='word_1_307' title='bbox 1005 3908 1112 3972; x_wconf 87' lang='lat' dir='ltr'><strong>Gloria</strong></span> <span class='ocrx_word' id='word_1_308' title='bbox 1126 3907 1219 3971; x_wconf 80' lang='lat' dir='ltr'><strong>Patri.</strong></span> 
     </span>
    </p>

    <p class='ocr_par' dir='ltr' id='par_1_8' title="bbox 160 4002 1857 4381">
     <span class='ocr_line' id='line_1_36' title="bbox 200 4002 1712 4089; baseline 0.001 -21"><span class='ocrx_word' id='word_1_309' title='bbox 200 4006 350 4068; x_wconf 82' lang='lat' dir='ltr'><strong>Miserere</strong></span> <span class='ocrx_word' id='word_1_310' title='bbox 374 4002 449 4083; x_wconf 89' lang='lat' dir='ltr'><strong>mei,</strong></span> <span class='ocrx_word' id='word_1_311' title='bbox 474 4004 617 4081; x_wconf 85' lang='lat' dir='ltr'><strong>Domine,</strong></span> <span class='ocrx_word' id='word_1_312' title='bbox 641 4004 791 4086; x_wconf 89' lang='lat' dir='ltr'><strong>quoniam</strong></span> <span class='ocrx_word' id='word_1_313' title='bbox 816 4008 855 4069; x_wconf 87' lang='lat' dir='ltr'><strong>ad</strong></span> <span class='ocrx_word' id='word_1_314' title='bbox 881 4015 910 4069; x_wconf 89' lang='lat' dir='ltr'><strong>tc</strong></span> <span class='ocrx_word' id='word_1_315' title='bbox 1005 4012 1083 4070; x_wconf 81' lang='lat' dir='ltr'><strong>Ant.</strong></span> <span class='ocrx_word' id='word_1_316' title='bbox 1100 4006 1270 4070; x_wconf 77' lang='lat' dir='ltr'><strong>Benedicta</strong></span> <span class='ocrx_word' id='word_1_317' title='bbox 1285 4007 1326 4069; x_wconf 87' lang='lat' dir='ltr'><strong>sit</strong></span> <span class='ocrx_word' id='word_1_318' title='bbox 1340 4026 1466 4089; x_wconf 87' lang='lat' dir='ltr'><strong>semper</strong></span> <span class='ocrx_word' id='word_1_319' title='bbox 1486 4013 1594 4069; x_wconf 80' lang='lat' dir='ltr'><strong>sancta</strong></span> <span class='ocrx_word' id='word_1_320' title='bbox 1609 4006 1712 4069; x_wconf 92' lang='lat' dir='ltr'><strong>Trini-</strong></span> 
     </span>
     <span class='ocr_line' id='line_1_37' title="bbox 161 4101 1857 4188; baseline 0.004 -22"><span class='ocrx_word' id='word_1_321' title='bbox 161 4102 300 4167; x_wconf 87' lang='lat' dir='ltr'><strong>clamavi</strong></span> <span class='ocrx_word' id='word_1_322' title='bbox 326 4110 392 4166; x_wconf 85' lang='lat' dir='ltr'><strong>tota</strong></span> <span class='ocrx_word' id='word_1_323' title='bbox 414 4101 487 4180; x_wconf 89' lang='lat' dir='ltr'><strong>die;</strong></span> <span class='ocrx_word' id='word_1_324' title='bbox 512 4101 639 4165; x_wconf 80' lang='lat' dir='ltr'><strong>lmtilica</strong></span> <span class='ocrx_word' id='word_1_325' title='bbox 663 4102 801 4166; x_wconf 88' lang='lat' dir='ltr'><strong>animam</strong></span> <span class='ocrx_word' id='word_1_326' title='bbox 827 4104 909 4167; x_wconf 85' lang='lat' dir='ltr'><strong>servi</strong></span> <span class='ocrx_word' id='word_1_327' title='bbox 965 4114 1013 4169; x_wconf 91' lang='lat' dir='ltr'><strong>tas</strong></span> <span class='ocrx_word' id='word_1_328' title='bbox 1028 4114 1122 4188; x_wconf 86' lang='lat' dir='ltr'><strong>atque</strong></span> <span class='ocrx_word' id='word_1_329' title='bbox 1138 4106 1275 4169; x_wconf 86' lang='lat' dir='ltr'><strong>indivisa</strong></span> <span class='ocrx_word' id='word_1_330' title='bbox 1289 4106 1413 4182; x_wconf 85' lang='lat' dir='ltr'><strong>Unitas;</strong></span> <span class='ocrx_word' id='word_1_331' title='bbox 1429 4104 1654 4169; x_wconf 82' lang='lat' dir='ltr'><strong>confitebimur</strong></span> <span class='ocrx_word' id='word_1_332' title='bbox 1667 4106 1709 4183; x_wconf 88' lang='lat' dir='ltr'><strong>ei,</strong></span> <span class='ocrx_word' id='word_1_333' title='bbox 1728 4130 1823 4182; x_wconf 50' lang='lat' dir='ltr'><strong>rasas,</strong></span> <span class='ocrx_word' id='word_1_334' title='bbox 1836 4134 1857 4175; x_wconf 81' lang='lat' dir='ltr'><strong>a.</strong></span> 
     </span>
     <span class='ocr_line' id='line_1_38' title="bbox 160 4200 1709 4284; baseline 0.001 -21"><span class='ocrx_word' id='word_1_335' title='bbox 160 4203 205 4263; x_wconf 92' lang='lat' dir='ltr'><strong>tni</strong></span> <span class='ocrx_word' id='word_1_336' title='bbox 237 4223 245 4262; x_wconf 74' lang='grc' dir='ltr'><strong>ε</strong></span> <span class='ocrx_word' id='word_1_337' title='bbox 278 4200 430 4282; x_wconf 90' lang='lat' dir='ltr'><strong>quoniam</strong></span> <span class='ocrx_word' id='word_1_338' title='bbox 457 4201 496 4263; x_wconf 92' lang='lat' dir='ltr'><strong>ad</strong></span> <span class='ocrx_word' id='word_1_339' title='bbox 526 4208 567 4278; x_wconf 86' lang='lat' dir='ltr'><strong>te,</strong></span> <span class='ocrx_word' id='word_1_340' title='bbox 597 4200 740 4279; x_wconf 86' lang='lat' dir='ltr'><strong>Domine,</strong></span> <span class='ocrx_word' id='word_1_341' title='bbox 771 4200 1312 4284; x_wconf 89' lang='lat' dir='ltr'><strong>animamuniaiecitnobiscum</strong></span> <span class='ocrx_word' id='word_1_342' title='bbox 1333 4202 1585 4267; x_wconf 87' lang='lat' dir='ltr'><strong>misericordiam</strong></span> <span class='ocrx_word' id='word_1_343' title='bbox 1607 4223 1709 4266; x_wconf 88' lang='lat' dir='ltr'><strong>suam.</strong></span> 
     </span>
     <span class='ocr_line' id='line_1_39' title="bbox 160 4298 1417 4381; baseline 0 -18"><span class='ocrx_word' id='word_1_344' title='bbox 160 4319 267 4363; x_wconf 79' lang='lat' dir='ltr'><strong>meam</strong></span> <span class='ocrx_word' id='word_1_345' title='bbox 290 4298 406 4362; x_wconf 85' lang='lat' dir='ltr'><strong>levavi.</strong></span> <span class='ocrx_word' id='word_1_346' title='bbox 1255 4307 1417 4381; x_wconf 76' lang='lat' dir='ltr'><strong>Hymnus.</strong></span> 
     </span>
    </p>

    <p class='ocr_par' dir='ltr' id='par_1_9' title="bbox 199 4396 1461 4479">
     <span class='ocr_line' id='line_1_40' title="bbox 199 4396 1461 4479; baseline -0.001 -17"><span class='ocrx_word' id='word_1_347' title='bbox 199 4396 359 4473; x_wconf 84' lang='lat' dir='ltr'><strong>Quoniam</strong></span> <span class='ocrx_word' id='word_1_348' title='bbox 375 4404 420 4476; x_wconf 89' lang='lat' dir='ltr'><strong>tu,</strong></span> <span class='ocrx_word' id='word_1_349' title='bbox 437 4396 579 4477; x_wconf 87' lang='lat' dir='ltr'><strong>Domine,</strong></span> <span class='ocrx_word' id='word_1_350' title='bbox 597 4397 703 4460; x_wconf 87' lang='lat' dir='ltr'><strong>suavis</strong></span> <span class='ocrx_word' id='word_1_351' title='bbox 718 4406 750 4461; x_wconf 87' lang='lat' dir='ltr'><strong>et</strong></span> <span class='ocrx_word' id='word_1_352' title='bbox 764 4398 862 4479; x_wconf 89' lang='lat' dir='ltr'><strong>mitis,</strong></span> <span class='ocrx_word' id='word_1_353' title='bbox 879 4408 912 4461; x_wconf 89' lang='lat' dir='ltr'><strong>ct</strong></span> <span class='ocrx_word' id='word_1_354' title='bbox 1085 4401 1216 4463; x_wconf 87' lang='lat' dir='ltr'><strong>Decreto</strong></span> <span class='ocrx_word' id='word_1_355' title='bbox 1232 4408 1296 4477; x_wconf 87' lang='lat' dir='ltr'><strong>tuo,</strong></span> <span class='ocrx_word' id='word_1_356' title='bbox 1313 4400 1461 4479; x_wconf 87' lang='lat' dir='ltr'><strong>Trinitas,</strong></span> 
     </span>
    </p>

    <p class='ocr_par' dir='ltr' id='par_1_10' title="bbox 34 4494 1839 5366">
     <span class='ocr_line' id='line_1_41' title="bbox 161 4494 1490 4580; baseline 0.002 -21"><span class='ocrx_word' id='word_1_357' title='bbox 161 4496 272 4559; x_wconf 73' lang='lat' dir='ltr'><strong>mmm</strong></span> <span class='ocrx_word' id='word_1_358' title='bbox 301 4495 525 4559; x_wconf 74' lang='lat' dir='ltr'><strong>misericordie</strong></span> <span class='ocrx_word' id='word_1_359' title='bbox 559 4494 707 4559; x_wconf 93' lang='lat' dir='ltr'><strong>omnibus</strong></span> <span class='ocrx_word' id='word_1_360' title='bbox 736 4496 912 4561; x_wconf 90' lang='lat' dir='ltr'><strong>invocanti·</strong></span> <span class='ocrx_word' id='word_1_361' title='bbox 1066 4496 1133 4561; x_wconf 81' lang='lat' dir='ltr'><strong>Nor</strong></span> <span class='ocrx_word' id='word_1_362' title='bbox 1148 4506 1179 4561; x_wconf 92' lang='lat' dir='ltr'><strong>et</strong></span> <span class='ocrx_word' id='word_1_363' title='bbox 1193 4498 1261 4560; x_wconf 88' lang='lat' dir='ltr'><strong>dies</strong></span> <span class='ocrx_word' id='word_1_364' title='bbox 1276 4507 1490 4580; x_wconf 83' lang='lat' dir='ltr'><strong>perseverant.</strong></span> 
     </span>
     <span class='ocr_line' id='line_1_42' title="bbox 160 4595 1408 4678; baseline 0 -21"><span class='ocrx_word' id='word_1_365' title='bbox 160 4595 221 4657; x_wconf 89' lang='lat' dir='ltr'><strong>bus</strong></span> <span class='ocrx_word' id='word_1_366' title='bbox 245 4602 288 4656; x_wconf 89' lang='lat' dir='ltr'><strong>te.</strong></span> <span class='ocrx_word' id='word_1_367' title='bbox 1066 4596 1208 4677; x_wconf 90' lang='lat' dir='ltr'><strong>Indulge,</strong></span> <span class='ocrx_word' id='word_1_368' title='bbox 1226 4596 1279 4678; x_wconf 89' lang='lat' dir='ltr'><strong>pia</strong></span> <span class='ocrx_word' id='word_1_369' title='bbox 1292 4595 1408 4670; x_wconf 87' lang='lat' dir='ltr'><strong>Deitas,</strong></span> 
     </span>
     <span class='ocr_line' id='line_1_43' title="bbox 200 4690 1493 4769; baseline 0 -14"><span class='ocrx_word' id='word_1_370' title='bbox 200 4692 312 4756; x_wconf 91' lang='lat' dir='ltr'><strong>Gloria</strong></span> <span class='ocrx_word' id='word_1_371' title='bbox 326 4690 420 4754; x_wconf 87' lang='lat' dir='ltr'><strong>Patri.</strong></span> <span class='ocrx_word' id='word_1_372' title='bbox 1065 4693 1140 4769; x_wconf 78' lang='lat' dir='ltr'><strong>Quae</strong></span> <span class='ocrx_word' id='word_1_373' title='bbox 1154 4696 1214 4758; x_wconf 89' lang='lat' dir='ltr'><strong>boc</strong></span> <span class='ocrx_word' id='word_1_374' title='bbox 1229 4695 1280 4756; x_wconf 90' lang='lat' dir='ltr'><strong>die</strong></span> <span class='ocrx_word' id='word_1_375' title='bbox 1296 4694 1379 4757; x_wconf 89' lang='lat' dir='ltr'><strong>mala</strong></span> <span class='ocrx_word' id='word_1_376' title='bbox 1393 4702 1493 4759; x_wconf 87' lang='lat' dir='ltr'><strong>erant.</strong></span> 
     </span>
     <span class='ocr_line' id='line_1_44' title="bbox 34 4789 1525 4872; baseline 0.008 -29"><span class='ocrx_word' id='word_1_377' title='bbox 34 4800 78 4845; x_wconf 76' lang='lat' dir='ltr'><strong>m.</strong></span> <span class='ocrx_word' id='word_1_378' title='bbox 89 4816 101 4852; x_wconf 85' lang='lat' dir='ltr'><strong>l,</strong></span> <span class='ocrx_word' id='word_1_379' title='bbox 114 4807 145 4847; x_wconf 80' lang='lat' dir='ltr'><strong>ss.</strong></span> <span class='ocrx_word' id='word_1_380' title='bbox 199 4794 285 4855; x_wconf 81' lang='lat' dir='ltr'><strong>Ant.</strong></span> <span class='ocrx_word' id='word_1_381' title='bbox 303 4789 509 4872; x_wconf 79' lang='lat' dir='ltr'><strong>Respondens</strong></span> <span class='ocrx_word' id='word_1_382' title='bbox 524 4790 667 4872; x_wconf 88' lang='lat' dir='ltr'><strong>angelus,</strong></span> <span class='ocrx_word' id='word_1_383' title='bbox 683 4790 785 4854; x_wconf 82' lang='lat' dir='ltr'><strong>blariae</strong></span> <span class='ocrx_word' id='word_1_384' title='bbox 806 4791 886 4855; x_wconf 85' lang='lat' dir='ltr'><strong>dixit</strong></span> <span class='ocrx_word' id='word_1_385' title='bbox 902 4816 909 4853; x_wconf 76' lang='grc' dir='ltr'><strong>ι</strong></span> <span class='ocrx_word' id='word_1_386' title='bbox 1087 4793 1172 4856; x_wconf 88' lang='lat' dir='ltr'><strong>Bnna</strong></span> <span class='ocrx_word' id='word_1_387' title='bbox 1186 4793 1315 4870; x_wconf 87' lang='lat' dir='ltr'><strong>omissa,</strong></span> <span class='ocrx_word' id='word_1_388' title='bbox 1333 4791 1416 4855; x_wconf 87' lang='lat' dir='ltr'><strong>lacta</strong></span> <span class='ocrx_word' id='word_1_389' title='bbox 1431 4792 1525 4869; x_wconf 90' lang='lat' dir='ltr'><strong>mala,</strong></span> 
     </span>
     <span class='ocr_line' id='line_1_45' title="bbox 159 4888 1370 4973; baseline 0.002 -23"><span class='ocrx_word' id='word_1_390' title='bbox 159 4888 302 4971; x_wconf 88' lang='lat' dir='ltr'><strong>Spiritus</strong></span> <span class='ocrx_word' id='word_1_391' title='bbox 316 4888 449 4949; x_wconf 88' lang='lat' dir='ltr'><strong>Sanctus</strong></span> <span class='ocrx_word' id='word_1_392' title='bbox 465 4888 668 4969; x_wconf 89' lang='lat' dir='ltr'><strong>superveniet</strong></span> <span class='ocrx_word' id='word_1_393' title='bbox 686 4888 718 4951; x_wconf 93' lang='lat' dir='ltr'><strong>in</strong></span> <span class='ocrx_word' id='word_1_394' title='bbox 740 4897 782 4968; x_wconf 92' lang='lat' dir='ltr'><strong>te,</strong></span> <span class='ocrx_word' id='word_1_395' title='bbox 799 4898 830 4952; x_wconf 89' lang='grc' dir='ltr'><strong>ιι</strong></span> <span class='ocrx_word' id='word_1_396' title='bbox 850 4892 912 4953; x_wconf 86' lang='lat' dir='ltr'><strong>vir-</strong></span> <span class='ocrx_word' id='word_1_397' title='bbox 1067 4893 1133 4955; x_wconf 90' lang='lat' dir='ltr'><strong>Tua</strong></span> <span class='ocrx_word' id='word_1_398' title='bbox 1146 4892 1218 4953; x_wconf 90' lang='lat' dir='ltr'><strong>dele</strong></span> <span class='ocrx_word' id='word_1_399' title='bbox 1232 4892 1348 4973; x_wconf 85' lang='lat' dir='ltr'><strong>pietate</strong></span> <span class='ocrx_word' id='word_1_400' title='bbox 1362 4913 1370 4966; x_wconf 78' lang='lat'>3</span> 
     </span>
     <span class='ocr_line' id='line_1_46' title="bbox 158 4984 1538 5070; baseline 0.001 -21"><span class='ocrx_word' id='word_1_401' title='bbox 158 4994 211 5050; x_wconf 84' lang='lat' dir='ltr'><strong>lus</strong></span> <span class='ocrx_word' id='word_1_402' title='bbox 226 4984 385 5049; x_wconf 80' lang='lat' dir='ltr'><strong>Altissimi</strong></span> <span class='ocrx_word' id='word_1_403' title='bbox 408 4985 610 5049; x_wconf 89' lang='lat' dir='ltr'><strong>obumbrabit</strong></span> <span class='ocrx_word' id='word_1_404' title='bbox 632 4986 687 5049; x_wconf 89' lang='lat' dir='ltr'><strong>tibi</strong></span> <span class='ocrx_word' id='word_1_405' title='bbox 702 5010 710 5063; x_wconf 80' lang='lat'>3</span> <span class='ocrx_word' id='word_1_406' title='bbox 728 4986 861 5070; x_wconf 89' lang='lat' dir='ltr'><strong>ideoque</strong></span> <span class='ocrx_word' id='word_1_407' title='bbox 881 4997 912 5051; x_wconf 80' lang='lat' dir='ltr'><strong>et</strong></span> <span class='ocrx_word' id='word_1_408' title='bbox 1067 4990 1105 5051; x_wconf 89' lang='grc' dir='ltr'><strong>Ει</strong></span> <span class='ocrx_word' id='word_1_409' title='bbox 1120 5008 1178 5053; x_wconf 91' lang='lat' dir='ltr'><strong>nos</strong></span> <span class='ocrx_word' id='word_1_410' title='bbox 1192 4998 1285 5053; x_wconf 87' lang='lat' dir='ltr'><strong>nocte</strong></span> <span class='ocrx_word' id='word_1_411' title='bbox 1300 4990 1358 5051; x_wconf 88' lang='lat' dir='ltr'><strong>bac</strong></span> <span class='ocrx_word' id='word_1_412' title='bbox 1374 5007 1538 5068; x_wconf 89' lang='lat' dir='ltr'><strong>conserva,</strong></span> 
     </span>
     <span class='ocr_line' id='line_1_47' title="bbox 159 5084 1510 5170; baseline -0.001 -21"><span class='ocrx_word' id='word_1_413' title='bbox 159 5086 246 5168; x_wconf 91' lang='lat' dir='ltr'><strong>quod</strong></span> <span class='ocrx_word' id='word_1_414' title='bbox 274 5092 422 5147; x_wconf 87' lang='lat' dir='ltr'><strong>nascetur</strong></span> <span class='ocrx_word' id='word_1_415' title='bbox 446 5102 484 5147; x_wconf 87' lang='lat' dir='ltr'><strong>ex</strong></span> <span class='ocrx_word' id='word_1_416' title='bbox 507 5090 537 5146; x_wconf 85' lang='grc' dir='ltr'><strong>ιι</strong></span> <span class='ocrx_word' id='word_1_417' title='bbox 561 5084 722 5165; x_wconf 87' lang='lat' dir='ltr'><strong>Sanctum,</strong></span> <span class='ocrx_word' id='word_1_418' title='bbox 749 5086 914 5149; x_wconf 85' lang='lat' dir='ltr'><strong>vocabitur</strong></span> <span class='ocrx_word' id='word_1_419' title='bbox 1067 5086 1112 5150; x_wconf 84' lang='lat' dir='ltr'><strong>Ne</strong></span> <span class='ocrx_word' id='word_1_420' title='bbox 1127 5088 1331 5170; x_wconf 88' lang='lat' dir='ltr'><strong>inquinemur</strong></span> <span class='ocrx_word' id='word_1_421' title='bbox 1345 5087 1510 5151; x_wconf 76' lang='lat' dir='ltr'><strong>foeditate:</strong></span> 
     </span>
     <span class='ocr_line' id='line_1_48' title="bbox 159 5182 1839 5266; baseline -0.002 -19"><span class='ocrx_word' id='word_1_422' title='bbox 159 5183 267 5247; x_wconf 77' lang='lat' dir='ltr'><strong>Filius</strong></span> <span class='ocrx_word' id='word_1_423' title='bbox 288 5182 355 5245; x_wconf 87' lang='lat' dir='ltr'><strong>Ilei.</strong></span> <span class='ocrx_word' id='word_1_424' title='bbox 1088 5185 1125 5248; x_wconf 80' lang='lat' dir='ltr'><strong>Ut</strong></span> <span class='ocrx_word' id='word_1_425' title='bbox 1139 5204 1195 5248; x_wconf 93' lang='lat' dir='ltr'><strong>cor</strong></span> <span class='ocrx_word' id='word_1_426' title='bbox 1210 5194 1351 5250; x_wconf 86' lang='lat' dir='ltr'><strong>nostrum</strong></span> <span class='ocrx_word' id='word_1_427' title='bbox 1369 5184 1446 5246; x_wconf 92' lang='lat' dir='ltr'><strong>inid</strong></span> <span class='ocrx_word' id='word_1_428' title='bbox 1463 5184 1569 5266; x_wconf 90' lang='lat' dir='ltr'><strong>ipsum</strong></span> <span class='ocrx_word' id='word_1_429' title='bbox 1726 5200 1766 5243; x_wconf 71' lang='lat' dir='ltr'><strong>rs.</strong></span> <span class='ocrx_word' id='word_1_430' title='bbox 1778 5213 1807 5251; x_wconf 76' lang='lat' dir='ltr'><strong>w,</strong></span> <span class='ocrx_word' id='word_1_431' title='bbox 1818 5202 1839 5243; x_wconf 82' lang='lat' dir='ltr'><strong>a</strong></span> 
     </span>
     <span class='ocr_line' id='line_1_49' title="bbox 199 5279 1517 5366; baseline -0.002 -19"><span class='ocrx_word' id='word_1_432' title='bbox 199 5286 284 5347; x_wconf 83' lang='lat' dir='ltr'><strong>Ant.</strong></span> <span class='ocrx_word' id='word_1_433' title='bbox 301 5282 457 5364; x_wconf 81' lang='lat' dir='ltr'><strong>Regnavit</strong></span> <span class='ocrx_word' id='word_1_434' title='bbox 470 5279 631 5345; x_wconf 87' lang='lat' dir='ltr'><strong>Dominus.</strong></span> <span class='ocrx_word' id='word_1_435' title='bbox 1070 5284 1160 5347; x_wconf 85' lang='lat' dir='ltr'><strong>Dulci</strong></span> <span class='ocrx_word' id='word_1_436' title='bbox 1177 5302 1288 5349; x_wconf 91' lang='lat' dir='ltr'><strong>somno</strong></span> <span class='ocrx_word' id='word_1_437' title='bbox 1302 5283 1517 5366; x_wconf 88' lang='lat' dir='ltr'><strong>conquiescat,</strong></span> 
     </span>
    </p>
   </div>
   <div class='ocr_carea' id='block_1_3' title="bbox 0 0 2160 6259">
    <p class='ocr_par' dir='ltr' id='par_1_11' title="bbox 0 0 2160 6259">
     <span class='ocr_line' id='line_1_50' title="bbox 0 0 2160 6259; baseline 0 1"><span class='ocrx_word' id='word_1_438' title='bbox 0 0 2160 6259; x_wconf 95' lang='lat' dir='ltr'><strong> </strong></span> 
     </span>
    </p>
   </div>
  </div>
 </body>
</html>
