4309 6259
461 511 501 559 oa
521 510 678 559 ranoomo
698 510 737 555 m
757 510 920 557 oronnam
940 509 1058 568 saura,
1081 510 1169 558 arana
1189 513 1233 559 111.
1255 533 1296 543 -
1315 514 1385 560 aar.
1409 514 1440 562 xv
1664 491 1724 559 tet

176 682 410 747 insufficientia
423 690 516 764 atque
530 681 698 763 fragilitas,
713 680 832 745 divinae
845 698 924 762 quo-
937 680 964 743 Α
978 681 1040 745 filii
1067 682 1188 765 lleique
1217 684 1262 747 tui
1292 685 1489 750 calidissima
1515 682 1724 765 aestuantique

175 802 238 864 que
256 782 408 847 bonitatis
426 781 650 845 munificentia
674 789 706 844 et
728 780 921 862 benignitas,
978 778 1211 844 incessabiliter
1224 782 1354 846 caritate
1368 784 1512 862 ardebas,
1525 784 1601 846 dum
1616 783 1724 864 utique

175 881 315 945 lucidius
338 881 552 957 innotescunt,
568 898 606 944 eo
625 880 735 961 utique
749 879 797 960 (ni
816 878 922 956 fallor)
977 876 1127 939 universa
1145 878 1214 941 haec
1238 887 1345 942 mente
1369 880 1566 958 involvebas,
1583 887 1615 943 et
1639 879 1726 943 Chri-

175 982 283 1043 minus
298 979 331 1042 in
346 998 380 1042 se
395 978 677 1059 vehementiusque
691 978 723 1039 in
738 979 802 1041 Deo
821 977 924 1041 confi·
976 982 1060 1037 stum
1075 976 1245 1039 Dominum
1258 978 1419 1060 corporeis
1432 978 1628 1060 internisque
1641 978 1725 1061 prin·

174 1079 232 1141 dit.
248 1078 317 1141 Nou
331 1085 500 1141 astantem
519 1084 592 1159 post
611 1076 782 1153 Christum,
800 1075 852 1138 cui
874 1075 921 1138 sio
977 1073 1123 1156 cipaliter
1141 1076 1243 1138 oeulis
1262 1076 1325 1139 tuis
1347 1076 1544 1139 felicissimis
1559 1077 1725 1159 conspexi-

173 1176 289 1239 homm
303 1184 473 1257 utrumque
487 1173 922 1238 innotuitsicuthumillimae
976 1172 1027 1235 sti.
1061 1172 1245 1253 Enimvero,
1272 1194 1330 1238 nos
1363 1194 1491 1256 quoque
1526 1176 1644 1239 servuli
1677 1175 1722 1237 tui

173 1274 278 1337 itariae
293 1296 301 1335 ι
318 1272 477 1354 siquidem
492 1271 679 1354 plenissime
693 1270 793 1347 novit,
809 1269 921 1333 talem-
976 1270 1163 1352 permodici,
1185 1272 1283 1336 amori
1308 1273 1379 1335 filii
1408 1273 1453 1336 tui
1478 1293 1536 1338 uos
1561 1282 1642 1337 totos
1669 1275 1723 1337 de·

51 1393 159 1445 trema,
173 1390 235 1453 que
257 1371 296 1433 ad
314 1371 414 1434 Βθιιιιι
432 1370 587 1433 fiduciam
610 1367 734 1447 habuit,
749 1368 833 1449 quod
855 1386 919 1431 nou
975 1367 1099 1447 bemus,
1115 1370 1266 1451 quoniam
1282 1371 1402 1435 creavit
1421 1391 1490 1435 nos.
1507 1372 1626 1449 Denuo,
1644 1390 1722 1453 quo

49 1460 87 1507 ’ὦ
172 1476 258 1531 θεεθῖ
271 1467 440 1531 sufficiens
460 1468 600 1550 cogitare
618 1466 738 1548 aliquid
759 1486 778 1529 a
798 1485 832 1528 se
852 1474 922 1527 tan·
975 1466 1060 1529 niam
1076 1467 1210 1531 redemit
1224 1486 1293 1546 uos,
1310 1468 1463 1532 debemus
1477 1488 1536 1533 nos
1550 1478 1643 1548 totos,
1656 1471 1721 1533 imo

172 1586 268 1648 quam
284 1586 322 1631 ex
337 1586 389 1645 se;
405 1567 460 1629 sed
475 1566 681 1630 devotissime
695 1584 769 1627 cum
782 1564 921 1627 Psalmo-
973 1572 1061 1629 tanto
1076 1566 1175 1648 ipsius
1189 1566 1353 1629 dilectioni
1368 1567 1521 1631 debemus
1537 1568 1608 1650 plus
1624 1586 1718 1649 quam

48 1689 158 1739 rania.
171 1666 295 1748 grapho
314 1665 399 1728 fassa
419 1672 467 1728 est
483 1689 490 1728 :
506 1665 541 1727 ln
564 1664 629 1728 Deo
652 1664 788 1726 salutare
812 1682 919 1725 meum
973 1681 1043 1741 nos,
1060 1672 1179 1744 quanto
1198 1664 1265 1747 ipse
1285 1665 1378 1729 nobis
1398 1667 1599 1747 prestantior
1623 1667 1722 1729 subli-

171 1772 203 1827 et
227 1763 329 1845 gloria
352 1782 444 1839 mea3
460 1764 543 1825 Deus
564 1761 674 1825 auxilii
699 1762 774 1840 mei,
790 1769 823 1823 et
845 1779 919 1842 spes
972 1762 1118 1842 miorque
1137 1771 1195 1843 est,
1212 1781 1269 1845 pro
1294 1763 1410 1845 quibus
1435 1764 1642 1847 semetipsum
1663 1765 1721 1827 im-

170 1880 244 1925 mea
268 1862 302 1923 in
325 1861 389 1925 Deo
412 1870 470 1925 est.
486 1860 638 1941 Denique,
662 1860 689 1921 si
714 1859 784 1922 viro
808 1866 917 1921 saneto
936 1860 1094 1942 Bpendit.

47 1970 156 2023 tolnae.
170 1960 279 2023 dicere
301 1959 403 2038 licuit,
423 1959 555 2022 Etiamsi
578 1958 733 2023 occiderit
751 1977 802 2021 me
822 1958 916 2036 Deus,
1012 1960 1052 2022 At
1065 1976 1152 2038 vero,
1164 1958 1190 2021 si
1207 1960 1348 2041 parentis
1363 1979 1452 2025 amor
1465 1970 1497 2024 et
1510 1961 1612 2044 gloria
1628 1961 1718 2023 filius
1735 1982 1862 2031 amam.

170 2058 282 2139 utique
297 2058 330 2120 in
345 2058 416 2139 ipso
430 2058 564 2139 sperabo
581 2058 678 2138 :quid
693 2058 733 2119 de
748 2055 831 2137 regis
846 2056 919 2118 bles
972 2057 1110 2138 sapiens,
1127 2066 1274 2139 ametque
1292 2059 1480 2122 naturaliter
1497 2060 1618 2143 proprii
1643 2080 1721 2123 ven-

170 2155 226 2217 siae
246 2154 398 2219 deificata
418 2155 576 2219 Genitrice
597 2155 720 2237 opinari
742 2158 886 2235 oportett
971 2154 1030 2214 tris
1048 2173 1179 2236 germen
1199 2162 1348 2236 tanquam
1367 2156 1487 2238 aliquid
1510 2156 1559 2219 sui
1584 2157 1720 2238 genitrix

972 2272 1067 2331 vera;
1091 2253 1253 2331 elucescit,
1277 2254 1302 2315 si
1327 2254 1386 2317 rite
1410 2254 1552 2333 intendo,
1568 2256 1719 2337 quoniam

382 2410 628 2475 necue
653 2410 710 2473 v·
972 2360 1292 2531 titillet
1307 2353 1421 2514 litt
1435 2353 1721 2533 ttttltilttt

169 2562 218 2620 De
227 2558 463 2618 ardentissimo
476 2559 597 2620 Μανία
608 2560 644 2617 in
655 2561 758 2619 Deum
768 2560 916 2619 caritate.
971 2545 1145 2629 jucundius
1173 2556 1306 2611 amatur.
1334 2549 1391 2611 Tui
1420 2558 1537 2629 aulem,
1564 2568 1583 2614 ο
1611 2550 1719 2629 Maria,

974 2645 1109 2727 virginei
1145 2664 1181 2709 ao
1219 2645 1397 2709 dulcissimi
1434 2647 1719 2730 fecundissimique

45 2768 126 2819 cava
137 2773 156 2811 s.
170 2747 397 2908 FULGITE
409 2764 460 2805 me
478 2746 628 2819 fioribus,
644 2746 763 2819 stipate
782 2764 833 2804 me
852 2766 920 2804 ma·
972 2744 1093 2806 ventris
1108 2742 1242 2822 fructus,
1255 2744 1309 2806 Dei
1326 2744 1434 2826 utique
1449 2746 1612 2827 Sapientia
1626 2753 1674 2809 est
1688 2754 1721 2809 el
1736 2760 1866 2811 {sanast

247 2846 302 2913 lis,
317 2844 397 2921 quia
417 2861 527 2901 amore
545 2844 693 2917 langueo.
710 2840 776 2903 Vox
797 2847 920 2903 tuaest
972 2841 1085 2919 virtus,
1110 2840 1277 2921 omnisque
1306 2841 1482 2905 sanctitatis
1510 2862 1547 2906 ao
1577 2842 1720 2907 scientie

170 2942 251 3020 haec,
267 2960 287 3004 o
301 2938 406 3003 Maria.
422 2936 553 3019 Nempe,
569 2937 596 2999 si
611 2937 759 3001 omnibus
778 2938 919 3001 Christus
973 2940 1105 3003 fontana
1128 2939 1217 3020 origo
1241 2963 1248 3001 ε
1275 2939 1410 3021 ideoque
1435 2940 1506 3018 tibi,
1531 2960 1550 3005 o
1574 2941 1718 3020 Domina,

44 3048 156 3099 attam.
170 3049 237 3103 toto
262 3039 370 3116 corde,
390 3045 456 3099 tota
477 3044 584 3098 mente
608 3044 735 3116 totaque
758 3036 864 3099 anima
888 3042 955 3105 etc
972 3036 1269 3120 praecordialissime.
1284 3047 1351 3101 erat
1364 3038 1522 3102 amabilis.
1536 3038 1643 3121 Neque
1665 3058 1720 3102 ne-

170 3139 248 3202 item
272 3136 360 3200 omni
383 3135 499 3199 virtute
517 3134 698 3215 diligendus
716 3142 775 3214 est,
791 3135 849 3198 tibi
874 3144 919 3197 ta-
973 3155 1062 3199 cesse
1081 3136 1139 3199 tibi
1161 3136 1222 3198 fuit
1241 3136 1415 3217 quidquam
1436 3146 1523 3200 extra
1543 3158 1616 3201 eum
1638 3138 1721 3201 desi-

169 3256 244 3299 men
261 3234 465 3316 singulariter
478 3241 572 3313 atque
586 3252 624 3296 ex
639 3232 833 3313 specialibus
843 3233 919 3295 mul·
972 3235 1083 3297 derare
1098 3242 1152 3297 aut
1166 3243 1251 3297 certe
1267 3236 1484 3317 requirere:in
1500 3237 1569 3319 ipso
1584 3256 1721 3318 namque

168 3335 209 3397 tis
234 3333 342 3396 causis
366 3331 520 3395 amandus
548 3330 678 3393 exstitit.
704 3330 858 3410 Denique,
884 3340 920 3394 ut
972 3334 1116 3396 omnium
1132 3334 1337 3414 pulchrorum
1357 3342 1451 3416 atque
1472 3334 1628 3400 bonorum
1651 3355 1722 3418 per-

169 3431 299 3495 interim
315 3430 476 3507 recordor,
491 3429 540 3491 hae
554 3427 623 3505 tibi,
640 3446 659 3492 o
678 3428 856 3507 benedicta,
873 3429 920 3491 di·
972 3429 1057 3493 fecta
1081 3438 1130 3492 est
1157 3430 1217 3492 sita
1240 3431 1411 3511 possessio,
1437 3432 1555 3515 quippe
1583 3452 1646 3513 quo
1674 3434 1720 3496 nil

169 3530 254 3592 vinae
276 3527 414 3591 canetis
434 3528 572 3589 rationes
596 3525 726 3588 fuerunt
743 3549 750 3588 ε
766 3527 918 3607 quoniam
972 3528 1150 3609 pulchrius,
1167 3528 1212 3589 nil
1228 3528 1368 3609 dignius,
1385 3529 1525 3593 sanctius
1541 3529 1588 3592 nil
1603 3531 1722 3613 cogita-

170 3628 225 3690 ille
236 3627 375 3703 Creator,
391 3634 426 3687 tu
447 3632 612 3700 creatura3
627 3624 681 3687 ille
703 3623 868 3703 Dominus,
884 3633 918 3687 tu
974 3628 1000 3689 ri
1022 3626 1117 3690 valet.

169 3726 310 3803 ancilla;
325 3724 380 3787 ille
395 3724 548 3801 Salvator,
564 3731 599 3785 tu
620 3721 773 3801 liberata3
789 3723 844 3787 ille
866 3724 919 3786 be-
1012 3725 1155 3805 lnsuper,
1172 3743 1213 3787 ne
1228 3724 1372 3807 pluribus
1387 3726 1613 3790 exsistentibus
1628 3728 1718 3807 filiis,

169 3823 363 3887 neficiorum
376 3822 612 3904 gratiammque
627 3821 728 3899 dator,
746 3830 778 3883 tu
797 3842 835 3885 ea
853 3842 920 3885 sor·
973 3823 1089 3885 mentis
1112 3830 1172 3885 tuae
1194 3840 1283 3885 amor
1296 3824 1336 3885 ad
1356 3822 1498 3887 diversos
1521 3834 1721 3907 spargeretur

168 3923 227 3985 tita
240 3946 248 3983 z
262 3930 296 3985 et
307 3922 356 3984 hae
370 3921 499 4002 quidem
514 3919 571 3982 tibi
587 3919 762 4001 ceterisque
778 3939 919 3984 commu·
972 3930 1005 3983 et
1029 3922 1237 4000 minueretur,
1262 3920 1394 3984 unicum
1420 3922 1582 3985 dumtaxat
1605 3924 1720 3987 vitium

168 4040 227 4083 nes
252 4018 356 4082 divini
384 4018 502 4081 amoris
529 4018 620 4081 fuere
648 4018 798 4081 rationes.
823 4019 918 4083 Porro
971 4020 1162 4096 habuisti,et
1177 4019 1209 4080 in
1225 4037 1262 4081 eo
1277 4019 1527 4083 sinoeraeomnis
1542 4031 1720 4104 sancteque

168 4118 327 4202 speciales
358 4125 479 4179 restant
513 4135 617 4180 cause
647 4140 653 4179 :
683 4117 834 4198 quoniam
863 4118 918 4181 ille
972 4117 1193 4181 delectationis
1208 4118 1371 4179 materiam
1386 4118 1718 4201 invenistirlmplius,

168 4218 271 4293 filius,
287 4224 322 4278 tu
337 4224 453 4293 mater3
467 4215 521 4277 ille
537 4234 683 4298 sponsus,
696 4222 731 4277 tu
746 4215 917 4296 singularis
934 4222 957 4282 l)
972 4235 1036 4297 quo
1061 4216 1119 4278 tibi
1144 4217 1235 4298 plura
1261 4216 1407 4295 contulit,
1431 4236 1468 4281 eo
1493 4217 1551 4281 tibi
1577 4219 1720 4282 intimius

168 4334 307 4397 sponsa3
324 4313 379 4376 illa
402 4312 581 4391 familiaris,
602 4322 636 4375 tn
661 4314 841 4377 secretaria.
862 4316 918 4377 Fa·
972 4323 1040 4377 erat
1055 4315 1220 4377 amandus.
1237 4315 1325 4377 Dona
1339 4324 1445 4379 autem
1460 4335 1530 4397 quae
1550 4317 1619 4395 tibi,
1635 4337 1655 4382 o
1669 4337 1722 4381 ex·

168 4426 249 4493 teor,
266 4431 285 4476 o
300 4431 371 4475 mea
389 4411 533 4489 Domina,
550 4411 810 4494 incomparabilis
824 4420 855 4475 et
870 4412 918 4475 in·
972 4412 1201 4475 cellentissima
1215 4414 1322 4494 Virgo,
1340 4415 1496 4495 praestitit,
1513 4435 1628 4497 magua
1647 4426 1721 4479 sunt

167 4510 364 4576 aestimabilia
387 4510 493 4586 llario,
516 4510 667 4590 quoniam
691 4510 749 4573 etsi
774 4512 917 4573 omnium
972 4509 1079 4587 nimis,
1104 4507 1282 4572 ineffabilia
1306 4518 1338 4572 et
1363 4513 1624 4591 supernaturalia.
1650 4514 1718 4577 Nou

168 4612 331 4674 rhetorum
346 4608 536 4688 eloquentiis
551 4608 731 4689 linguisque
750 4609 915 4691 pollerem,
973 4607 1059 4669 enim
1084 4626 1152 4687 sua,
1179 4608 1233 4669 sed
1261 4627 1294 4671 se
1322 4608 1428 4689 ipsum
1457 4610 1515 4672 tibi
1544 4611 1653 4687 dedit;
1684 4632 1718 4675 se

168 4716 421 4788 cunctorumque
448 4706 712 4789 philosophorum
744 4707 917 4771 subtilitate
972 4714 1062 4768 tunm
1078 4705 1182 4767 filium
1198 4705 1294 4783 leoit3
1311 4725 1368 4787 per
1390 4714 1419 4769 te
1441 4707 1579 4788 primum
1595 4710 1720 4773 miseri-

167 4828 205 4871 ac
230 4806 375 4871 scientiis
398 4823 538 4882 omarer,
565 4813 596 4867 et
618 4806 746 4868 demum
775 4806 916 4888 ipsomm
972 4804 1113 4867 cordiam
1142 4811 1236 4885 atque
1260 4804 1394 4866 salutem
1418 4806 1537 4870 mundo
1562 4807 1682 4870 invexit
1708 4831 1715 4871 :

167 4906 264 4968 etiam
279 4903 526 4987 apostolicorum
541 4902 684 4966 virorum
704 4904 806 4984 gratia
827 4904 918 4966 item-
971 4922 1009 4965 ac
1024 4922 1082 4984 per
1095 4903 1168 4981 hoo,
1185 4902 1272 4965 omni
1293 4902 1401 4983 utique
1424 4912 1567 4967 creatura
1588 4914 1617 4968 te
1640 4927 1718 4989 praee

167 5024 231 5086 que
256 5001 414 5084 sapientia
438 5020 474 5064 ao
500 5002 667 5064 sanctitate
692 5002 914 5083 splenderem3
972 5002 1157 5064 stantiorem
1192 5000 1368 5064 constituit.
1402 5001 1480 5076 Quid
1515 5022 1653 5086 namque
1687 5006 1716 5068 ei

167 5102 263 5165 effari
285 5109 391 5164 tamen
419 5107 475 5162 aut
501 5100 596 5162 etiam
621 5100 789 5181 concipere
814 5101 917 5163 inido-
970 5100 1088 5179 equari
1110 5107 1304 5180 potestque
1326 5098 1544 5163 universitatis
1572 5102 1718 5166 Condito-

167 5220 249 5264 neus
277 5200 499 5281 impotensque
528 5198 722 5275 exsisterem,
753 5216 848 5279 quam
876 5218 915 5261 ex
970 5216 1037 5260 rem
1059 5197 1230 5280 produxitl

167 5299 319 5364 omnibus
343 5298 393 5361 bis
417 5297 596 5361 dilectionis
622 5296 782 5377 fomentis,
798 5296 912 5360 Christi
1009 5297 1173 5376 Praeterea,
1190 5297 1217 5359 si
1234 5296 1309 5361 felix
1324 5318 1421 5377 nuno,
1438 5299 1514 5363 olim
1530 5299 1585 5363 illa
1605 5318 1717 5383 pecca·
1729 5321 1863 5375 tuamor.
