<?xml version="1.0" encoding="UTF-8"?>
<!DOCTYPE html PUBLIC "-//W3C//DTD XHTML 1.0 Transitional//EN"
    "http://www.w3.org/TR/xhtml1/DTD/xhtml1-transitional.dtd">
<html xmlns="http://www.w3.org/1999/xhtml" xml:lang="en" lang="en">
 <head>
  <title>
</title>
<meta http-equiv="Content-Type" content="text/html;charset=utf-8" />
  <meta name='ocr-system' content='tesseract 3.04.00' />
  <meta name='ocr-capabilities' content='ocr_page ocr_carea ocr_par ocr_line ocrx_word'/>
</head>
<body>
  <div class='ocr_page' id='page_1' title='image "./doctorisecstati02unkngoog/doctorisecstati02unkngoog_0074.png"; bbox 0 0 4309 6259; ppageno 0'>
   <div class='ocr_carea' id='block_1_1' title="bbox 431 486 1483 551">
    <p class='ocr_par' dir='ltr' id='par_1_1' title="bbox 431 486 1483 551">
     <span class='ocr_line' id='line_1_1' title="bbox 431 486 1483 551; baseline -0.008 0"><span class='ocrx_word' id='word_1_1' title='bbox 431 486 469 551; x_wconf 92' lang='grc'><strong>66</strong></span> <span class='ocrx_word' id='word_1_2' title='bbox 917 498 1074 547; x_wconf 82' lang='grc'><strong>61166166</strong></span> <span class='ocrx_word' id='word_1_3' title='bbox 1096 495 1195 543; x_wconf 86' lang='grc'><strong>1111161</strong></span> <span class='ocrx_word' id='word_1_4' title='bbox 1219 501 1225 539; x_wconf 94' lang='lat'><strong>:</strong></span> <span class='ocrx_word' id='word_1_5' title='bbox 1249 494 1350 541; x_wconf 79' lang='lat' dir='ltr'><strong>vauca</strong></span> <span class='ocrx_word' id='word_1_6' title='bbox 1371 496 1483 543; x_wconf 79' lang='grc'><strong>161666</strong></span> 
     </span>
    </p>
   </div>
   <div class='ocr_carea' id='block_1_2' title="bbox 429 664 1978 750">
    <p class='ocr_par' dir='ltr' id='par_1_2' title="bbox 429 664 1978 750">
     <span class='ocr_line' id='line_1_2' title="bbox 429 664 1978 750; baseline -0.006 -15"><span class='ocrx_word' id='word_1_7' title='bbox 429 671 629 736; x_wconf 87' lang='grc'><strong>166111611666</strong></span> <span class='ocrx_word' id='word_1_8' title='bbox 654 678 685 733; x_wconf 89' lang='grc'><strong>61</strong></span> <span class='ocrx_word' id='word_1_9' title='bbox 711 668 962 750; x_wconf 74' lang='lat' dir='ltr'><strong>frequentatione</strong></span> <span class='ocrx_word' id='word_1_10' title='bbox 991 667 1177 731; x_wconf 90' lang='lat' dir='ltr'><strong>defecerunt</strong></span> <span class='ocrx_word' id='word_1_11' title='bbox 1192 666 1216 728; x_wconf 87' lang='grc' dir='ltr'>Α</span> <span class='ocrx_word' id='word_1_12' title='bbox 1231 674 1262 727; x_wconf 88' lang='grc'><strong>61</strong></span> <span class='ocrx_word' id='word_1_13' title='bbox 1286 665 1447 748; x_wconf 87' lang='lat' dir='ltr'><strong>applicare</strong></span> <span class='ocrx_word' id='word_1_14' title='bbox 1472 665 1506 726; x_wconf 90' lang='lat' dir='ltr'><strong>in</strong></span> <span class='ocrx_word' id='word_1_15' title='bbox 1531 664 1706 727; x_wconf 89' lang='lat' dir='ltr'><strong>remedium</strong></span> <span class='ocrx_word' id='word_1_16' title='bbox 1732 664 1910 728; x_wconf 76' lang='lat' dir='ltr'>curativum</span> <span class='ocrx_word' id='word_1_17' title='bbox 1939 683 1978 727; x_wconf 89' lang='lat' dir='ltr'><strong>ac</strong></span> 
     </span>
    </p>
   </div>
   <div class='ocr_carea' id='block_1_3' title="bbox 281 765 1177 1830">
    <p class='ocr_par' dir='ltr' id='par_1_3' title="bbox 281 765 1177 1830">
     <span class='ocr_line' id='line_1_3' title="bbox 430 765 1176 849; baseline -0.008 -16"><span class='ocrx_word' id='word_1_18' title='bbox 430 779 461 833; x_wconf 89' lang='lat' dir='ltr'><strong>et</strong></span> <span class='ocrx_word' id='word_1_19' title='bbox 476 776 690 845; x_wconf 90' lang='lat' dir='ltr'><strong>cessaverunt,</strong></span> <span class='ocrx_word' id='word_1_20' title='bbox 707 767 973 849; x_wconf 84' lang='lat' dir='ltr'><strong>quemadmodum</strong></span> <span class='ocrx_word' id='word_1_21' title='bbox 994 766 1026 828; x_wconf 93' lang='lat' dir='ltr'><strong>in</strong></span> <span class='ocrx_word' id='word_1_22' title='bbox 1048 765 1176 828; x_wconf 84' lang='lat' dir='ltr'><strong>Daniele</strong></span> 
     </span>
     <span class='ocr_line' id='line_1_4' title="bbox 281 863 1177 950; baseline -0.011 -15"><span class='ocrx_word' id='word_1_23' title='bbox 281 892 416 944; x_wconf 66' lang='grc'><strong>616661.</strong></span> <span class='ocrx_word' id='word_1_24' title='bbox 431 867 616 950; x_wconf 87' lang='lat' dir='ltr'><strong>praedictum</strong></span> <span class='ocrx_word' id='word_1_25' title='bbox 632 867 740 929; x_wconf 77' lang='lat' dir='ltr'><strong>estzln</strong></span> <span class='ocrx_word' id='word_1_26' title='bbox 756 866 860 929; x_wconf 91' lang='lat' dir='ltr'><strong>medio</strong></span> <span class='ocrx_word' id='word_1_27' title='bbox 875 864 1082 927; x_wconf 82' lang='lat' dir='ltr'><strong>hebdomadis</strong></span> <span class='ocrx_word' id='word_1_28' title='bbox 1097 863 1151 926; x_wconf 86' lang='lat' dir='ltr'><strong>def</strong></span> <span class='ocrx_word' id='word_1_29' title='bbox 1153 865 1177 925; x_wconf 94' lang='grc'><strong>1-</strong></span> 
     </span>
     <span class='ocr_line' id='line_1_5' title="bbox 432 960 1176 1041; baseline -0.008 -14"><span class='ocrx_word' id='word_1_30' title='bbox 432 965 494 1027; x_wconf 88' lang='lat' dir='ltr'><strong>ciet</strong></span> <span class='ocrx_word' id='word_1_31' title='bbox 507 964 610 1027; x_wconf 90' lang='lat' dir='ltr'><strong>hostia</strong></span> <span class='ocrx_word' id='word_1_32' title='bbox 624 971 656 1027; x_wconf 92' lang='lat' dir='ltr'><strong>et</strong></span> <span class='ocrx_word' id='word_1_33' title='bbox 670 962 874 1026; x_wconf 88' lang='lat' dir='ltr'><strong>sacrificinm.</strong></span> <span class='ocrx_word' id='word_1_34' title='bbox 883 962 918 1022; x_wconf 94' lang='lat' dir='ltr'><strong>ln</strong></span> <span class='ocrx_word' id='word_1_35' title='bbox 932 960 1085 1023; x_wconf 88' lang='lat' dir='ltr'><strong>llalachia</strong></span> <span class='ocrx_word' id='word_1_36' title='bbox 1099 978 1176 1041; x_wconf 86' lang='lat' dir='ltr'><strong>quo-</strong></span> 
     </span>
     <span class='ocr_line' id='line_1_6' title="bbox 290 1056 1175 1143; baseline -0.011 -16"><span class='ocrx_word' id='word_1_37' title='bbox 290 1084 417 1135; x_wconf 63' lang='grc'><strong>666661,</strong></span> <span class='ocrx_word' id='word_1_38' title='bbox 431 1082 493 1143; x_wconf 89' lang='lat' dir='ltr'><strong>que</strong></span> <span class='ocrx_word' id='word_1_39' title='bbox 514 1062 666 1125; x_wconf 90' lang='lat' dir='ltr'><strong>Dominus</strong></span> <span class='ocrx_word' id='word_1_40' title='bbox 691 1060 734 1123; x_wconf 87' lang='lat' dir='ltr'><strong>ait</strong></span> <span class='ocrx_word' id='word_1_41' title='bbox 758 1060 871 1123; x_wconf 86' lang='lat' dir='ltr'><strong>Judaeis</strong></span> <span class='ocrx_word' id='word_1_42' title='bbox 898 1084 904 1120; x_wconf 95' lang='lat'><strong>:</strong></span> <span class='ocrx_word' id='word_1_43' title='bbox 932 1058 998 1121; x_wconf 94' lang='lat' dir='ltr'><strong>Non</strong></span> <span class='ocrx_word' id='word_1_44' title='bbox 1024 1066 1072 1119; x_wconf 92' lang='lat' dir='ltr'><strong>est</strong></span> <span class='ocrx_word' id='word_1_45' title='bbox 1097 1056 1175 1119; x_wconf 94' lang='lat' dir='ltr'><strong>mihi</strong></span> 
     </span>
     <span class='ocr_line' id='line_1_7' title="bbox 284 1147 1175 1240; baseline -0.011 -14"><span class='ocrx_word' id='word_1_46' title='bbox 284 1147 316 1197; x_wconf 82' lang='lat'><strong>&#39;⁰&#39;</strong></span> <span class='ocrx_word' id='word_1_47' title='bbox 329 1150 362 1189; x_wconf 90' lang='lat'><strong>¹¹·</strong></span> <span class='ocrx_word' id='word_1_48' title='bbox 431 1161 577 1225; x_wconf 89' lang='lat' dir='ltr'><strong>voluntas</strong></span> <span class='ocrx_word' id='word_1_49' title='bbox 592 1161 625 1223; x_wconf 95' lang='lat' dir='ltr'><strong>in</strong></span> <span class='ocrx_word' id='word_1_50' title='bbox 641 1160 782 1240; x_wconf 89' lang='lat' dir='ltr'><strong>vobis,et</strong></span> <span class='ocrx_word' id='word_1_51' title='bbox 793 1177 908 1221; x_wconf 91' lang='lat' dir='ltr'><strong>munus</strong></span> <span class='ocrx_word' id='word_1_52' title='bbox 923 1177 987 1220; x_wconf 94' lang='lat' dir='ltr'><strong>non</strong></span> <span class='ocrx_word' id='word_1_53' title='bbox 1003 1155 1175 1238; x_wconf 87' lang='lat' dir='ltr'><strong>suscipiam</strong></span> 
     </span>
     <span class='ocr_line' id='line_1_8' title="bbox 430 1256 1176 1335; baseline -0.008 -14"><span class='ocrx_word' id='word_1_54' title='bbox 430 1260 469 1321; x_wconf 89' lang='lat' dir='ltr'><strong>de</strong></span> <span class='ocrx_word' id='word_1_55' title='bbox 489 1279 584 1321; x_wconf 91' lang='lat' dir='ltr'><strong>manu</strong></span> <span class='ocrx_word' id='word_1_56' title='bbox 605 1266 718 1335; x_wconf 88' lang='lat' dir='ltr'><strong>vestra,</strong></span> <span class='ocrx_word' id='word_1_57' title='bbox 740 1258 779 1320; x_wconf 94' lang='lat' dir='ltr'><strong>ab</strong></span> <span class='ocrx_word' id='word_1_58' title='bbox 805 1264 875 1319; x_wconf 92' lang='lat' dir='ltr'><strong>ortu</strong></span> <span class='ocrx_word' id='word_1_59' title='bbox 896 1256 983 1319; x_wconf 89' lang='lat' dir='ltr'><strong>enirn</strong></span> <span class='ocrx_word' id='word_1_60' title='bbox 1009 1256 1085 1318; x_wconf 89' lang='lat' dir='ltr'><strong>solis</strong></span> <span class='ocrx_word' id='word_1_61' title='bbox 1110 1273 1176 1315; x_wconf 89' lang='lat' dir='ltr'><strong>rna-</strong></span> 
     </span>
     <span class='ocr_line' id='line_1_9' title="bbox 429 1352 1174 1437; baseline -0.009 -18"><span class='ocrx_word' id='word_1_62' title='bbox 429 1376 527 1437; x_wconf 78' lang='lat' dir='ltr'><strong>gnum</strong></span> <span class='ocrx_word' id='word_1_63' title='bbox 542 1364 591 1419; x_wconf 89' lang='lat' dir='ltr'><strong>est</strong></span> <span class='ocrx_word' id='word_1_64' title='bbox 605 1374 721 1419; x_wconf 89' lang='lat' dir='ltr'><strong>nomen</strong></span> <span class='ocrx_word' id='word_1_65' title='bbox 742 1374 849 1417; x_wconf 91' lang='lat' dir='ltr'><strong>meum</strong></span> <span class='ocrx_word' id='word_1_66' title='bbox 864 1355 897 1417; x_wconf 91' lang='lat' dir='ltr'><strong>in</strong></span> <span class='ocrx_word' id='word_1_67' title='bbox 912 1353 1072 1434; x_wconf 66' lang='lat' dir='ltr'><strong>gentihus</strong></span> <span class='ocrx_word' id='word_1_68' title='bbox 1090 1360 1121 1413; x_wconf 88' lang='lat' dir='ltr'><strong>ct</strong></span> <span class='ocrx_word' id='word_1_69' title='bbox 1142 1352 1174 1412; x_wconf 92' lang='lat' dir='ltr'><strong>in</strong></span> 
     </span>
     <span class='ocr_line' id='line_1_10' title="bbox 428 1450 1173 1517; baseline -0.008 0"><span class='ocrx_word' id='word_1_70' title='bbox 428 1455 516 1517; x_wconf 92' lang='lat' dir='ltr'><strong>omni</strong></span> <span class='ocrx_word' id='word_1_71' title='bbox 535 1455 606 1517; x_wconf 92' lang='lat' dir='ltr'><strong>loco</strong></span> <span class='ocrx_word' id='word_1_72' title='bbox 625 1453 825 1516; x_wconf 89' lang='lat' dir='ltr'><strong>sacrificatur</strong></span> <span class='ocrx_word' id='word_1_73' title='bbox 843 1461 874 1515; x_wconf 86' lang='lat' dir='ltr'><strong>et</strong></span> <span class='ocrx_word' id='word_1_74' title='bbox 895 1451 1031 1515; x_wconf 89' lang='lat' dir='ltr'><strong>offertur</strong></span> <span class='ocrx_word' id='word_1_75' title='bbox 1050 1450 1173 1512; x_wconf 91' lang='lat' dir='ltr'><strong>nomini</strong></span> 
     </span>
     <span class='ocr_line' id='line_1_11' title="bbox 428 1549 1171 1632; baseline -0.008 -18"><span class='ocrx_word' id='word_1_76' title='bbox 428 1571 499 1616; x_wconf 94' lang='lat' dir='ltr'><strong>meo</strong></span> <span class='ocrx_word' id='word_1_77' title='bbox 527 1552 644 1618; x_wconf 88' lang='lat' dir='ltr'><strong>oblatio</strong></span> <span class='ocrx_word' id='word_1_78' title='bbox 672 1552 811 1630; x_wconf 87' lang='lat' dir='ltr'><strong>munda;</strong></span> <span class='ocrx_word' id='word_1_79' title='bbox 838 1558 931 1632; x_wconf 79' lang='lat' dir='ltr'><strong>atque</strong></span> <span class='ocrx_word' id='word_1_80' title='bbox 956 1550 988 1611; x_wconf 94' lang='lat' dir='ltr'><strong>in</strong></span> <span class='ocrx_word' id='word_1_81' title='bbox 1014 1549 1137 1610; x_wconf 79' lang='lat' dir='ltr'><strong>Psalmo</strong></span> <span class='ocrx_word' id='word_1_82' title='bbox 1164 1571 1171 1609; x_wconf 76' lang='grc' dir='ltr'><strong><em>ε</em></strong></span> 
     </span>
     <span class='ocr_line' id='line_1_12' title="bbox 293 1646 1173 1717; baseline 0.001 -11"><span class='ocrx_word' id='word_1_83' title='bbox 293 1663 413 1717; x_wconf 54' lang='lat' dir='ltr'><strong>mmm.</strong></span> <span class='ocrx_word' id='word_1_84' title='bbox 428 1650 629 1713; x_wconf 77' lang='lat' dir='ltr'><strong>Sacrificium</strong></span> <span class='ocrx_word' id='word_1_85' title='bbox 651 1658 682 1713; x_wconf 89' lang='lat' dir='ltr'><strong>et</strong></span> <span class='ocrx_word' id='word_1_86' title='bbox 700 1650 893 1713; x_wconf 89' lang='lat' dir='ltr'><strong>oblationem</strong></span> <span class='ocrx_word' id='word_1_87' title='bbox 912 1647 1053 1711; x_wconf 90' lang='lat' dir='ltr'><strong>noluisti.</strong></span> <span class='ocrx_word' id='word_1_88' title='bbox 1072 1646 1173 1708; x_wconf 88' lang='lat' dir='ltr'><strong>Sacri-</strong></span> 
     </span>
     <span class='ocr_line' id='line_1_13' title="bbox 427 1743 1173 1830; baseline -0.005 -21"><span class='ocrx_word' id='word_1_89' title='bbox 427 1748 503 1811; x_wconf 83' lang='grc'><strong>11616</strong></span> <span class='ocrx_word' id='word_1_90' title='bbox 530 1748 648 1830; x_wconf 91' lang='lat' dir='ltr'><strong>quippe</strong></span> <span class='ocrx_word' id='word_1_91' title='bbox 678 1748 791 1829; x_wconf 79' lang='lat' dir='ltr'><strong>legalia</strong></span> <span class='ocrx_word' id='word_1_92' title='bbox 819 1754 909 1809; x_wconf 92' lang='lat' dir='ltr'><strong>erant</strong></span> <span class='ocrx_word' id='word_1_93' title='bbox 935 1743 1173 1827; x_wconf 80' lang='lat' dir='ltr'><strong>praefigurative</strong></span> 
     </span>
    </p>
   </div>
   <div class='ocr_carea' id='block_1_4' title="bbox 1228 764 1981 1823">
    <p class='ocr_par' dir='ltr' id='par_1_4' title="bbox 1231 764 1981 1315">
     <span class='ocr_line' id='line_1_14' title="bbox 1232 764 1981 846; baseline 0 -21"><span class='ocrx_word' id='word_1_94' title='bbox 1232 764 1474 846; x_wconf 86' lang='lat' dir='ltr'><strong>redemptivum.</strong></span> <span class='ocrx_word' id='word_1_95' title='bbox 1492 764 1515 825; x_wconf 91' lang='grc' dir='ltr'><strong>Ο</strong></span> <span class='ocrx_word' id='word_1_96' title='bbox 1530 783 1624 845; x_wconf 87' lang='lat' dir='ltr'><strong>quam</strong></span> <span class='ocrx_word' id='word_1_97' title='bbox 1644 765 1828 827; x_wconf 77' lang='lat' dir='ltr'><strong>caritativus</strong></span> <span class='ocrx_word' id='word_1_98' title='bbox 1848 772 1880 827; x_wconf 92' lang='lat' dir='ltr'><strong>et</strong></span> <span class='ocrx_word' id='word_1_99' title='bbox 1899 764 1981 825; x_wconf 86' lang='lat' dir='ltr'><strong>libc-</strong></span> 
     </span>
     <span class='ocr_line' id='line_1_15' title="bbox 1232 861 1980 944; baseline -0.003 -20"><span class='ocrx_word' id='word_1_100' title='bbox 1232 862 1318 939; x_wconf 94' lang='lat' dir='ltr'><strong>ralis,</strong></span> <span class='ocrx_word' id='word_1_101' title='bbox 1326 882 1421 944; x_wconf 89' lang='lat' dir='ltr'><strong>quam</strong></span> <span class='ocrx_word' id='word_1_102' title='bbox 1436 861 1654 943; x_wconf 90' lang='lat' dir='ltr'><strong>compassivus</strong></span> <span class='ocrx_word' id='word_1_103' title='bbox 1669 870 1701 923; x_wconf 91' lang='lat' dir='ltr'><strong>et</strong></span> <span class='ocrx_word' id='word_1_104' title='bbox 1715 861 1914 944; x_wconf 85' lang='lat' dir='ltr'><strong>sapientialis</strong></span> <span class='ocrx_word' id='word_1_105' title='bbox 1929 870 1980 923; x_wconf 90' lang='grc'><strong>661</strong></span> 
     </span>
     <span class='ocr_line' id='line_1_16' title="bbox 1231 960 1981 1041; baseline -0.001 -20"><span class='ocrx_word' id='word_1_106' title='bbox 1231 961 1374 1023; x_wconf 84' lang='grc'><strong>16661666</strong></span> <span class='ocrx_word' id='word_1_107' title='bbox 1389 960 1469 1022; x_wconf 88' lang='grc'><strong>16161</strong></span> <span class='ocrx_word' id='word_1_108' title='bbox 1486 978 1581 1040; x_wconf 87' lang='lat' dir='ltr'><strong>quarn</strong></span> <span class='ocrx_word' id='word_1_109' title='bbox 1601 960 1799 1023; x_wconf 88' lang='lat' dir='ltr'><strong>admirabilis</strong></span> <span class='ocrx_word' id='word_1_110' title='bbox 1818 968 1850 1022; x_wconf 89' lang='grc'><strong>61</strong></span> <span class='ocrx_word' id='word_1_111' title='bbox 1869 979 1981 1041; x_wconf 87' lang='lat' dir='ltr'><strong>super-</strong></span> 
     </span>
     <span class='ocr_line' id='line_1_17' title="bbox 1232 1057 1980 1139; baseline -0.003 -19"><span class='ocrx_word' id='word_1_112' title='bbox 1232 1057 1429 1139; x_wconf 83' lang='lat' dir='ltr'><strong>largissimus</strong></span> <span class='ocrx_word' id='word_1_113' title='bbox 1444 1066 1492 1120; x_wconf 90' lang='grc'><strong>661</strong></span> <span class='ocrx_word' id='word_1_114' title='bbox 1506 1057 1558 1119; x_wconf 91' lang='grc'><strong>1116</strong></span> <span class='ocrx_word' id='word_1_115' title='bbox 1578 1057 1704 1138; x_wconf 84' lang='lat' dir='ltr'><strong>hospes,</strong></span> <span class='ocrx_word' id='word_1_116' title='bbox 1721 1057 1775 1138; x_wconf 91' lang='lat' dir='ltr'><strong>qui</strong></span> <span class='ocrx_word' id='word_1_117' title='bbox 1795 1058 1938 1120; x_wconf 86' lang='lat' dir='ltr'><strong>invitatis</strong></span> <span class='ocrx_word' id='word_1_118' title='bbox 1959 1076 1980 1119; x_wconf 85' lang='lat' dir='ltr'><strong>a</strong></span> 
     </span>
     <span class='ocr_line' id='line_1_18' title="bbox 1231 1155 1980 1238; baseline 0.003 -23"><span class='ocrx_word' id='word_1_119' title='bbox 1231 1174 1264 1216; x_wconf 91' lang='lat' dir='ltr'><strong>se</strong></span> <span class='ocrx_word' id='word_1_120' title='bbox 1284 1174 1317 1217; x_wconf 89' lang='grc'><strong>66</strong></span> <span class='ocrx_word' id='word_1_121' title='bbox 1337 1156 1442 1237; x_wconf 93' lang='lat' dir='ltr'><strong>ipsum</strong></span> <span class='ocrx_word' id='word_1_122' title='bbox 1461 1155 1595 1237; x_wconf 85' lang='lat' dir='ltr'><strong>porrigit</strong></span> <span class='ocrx_word' id='word_1_123' title='bbox 1613 1163 1645 1217; x_wconf 91' lang='lat' dir='ltr'><strong>et</strong></span> <span class='ocrx_word' id='word_1_124' title='bbox 1662 1155 1812 1238; x_wconf 89' lang='lat' dir='ltr'><strong>proponit</strong></span> <span class='ocrx_word' id='word_1_125' title='bbox 1836 1155 1869 1217; x_wconf 94' lang='lat' dir='ltr'><strong>in</strong></span> <span class='ocrx_word' id='word_1_126' title='bbox 1894 1155 1980 1217; x_wconf 88' lang='lat' dir='ltr'><strong>salu-</strong></span> 
     </span>
     <span class='ocr_line' id='line_1_19' title="bbox 1232 1252 1688 1315; baseline 0 -1"><span class='ocrx_word' id='word_1_127' title='bbox 1232 1252 1400 1314; x_wconf 86' lang='lat' dir='ltr'><strong>berrimam</strong></span> <span class='ocrx_word' id='word_1_128' title='bbox 1423 1253 1539 1315; x_wconf 88' lang='lat' dir='ltr'><strong>mentis</strong></span> <span class='ocrx_word' id='word_1_129' title='bbox 1561 1260 1688 1314; x_wconf 88' lang='lat' dir='ltr'><strong>escaml</strong></span> 
     </span>
    </p>

    <p class='ocr_par' dir='ltr' id='par_1_5' title="bbox 1228 1350 1977 1823">
     <span class='ocr_line' id='line_1_20' title="bbox 1269 1350 1977 1433; baseline 0.001 -22"><span class='ocrx_word' id='word_1_130' title='bbox 1269 1350 1374 1411; x_wconf 88' lang='lat' dir='ltr'><strong>Simus</strong></span> <span class='ocrx_word' id='word_1_131' title='bbox 1393 1369 1468 1431; x_wconf 81' lang='lat' dir='ltr'><strong>ergo</strong></span> <span class='ocrx_word' id='word_1_132' title='bbox 1493 1350 1567 1413; x_wconf 90' lang='lat' dir='ltr'><strong>totis</strong></span> <span class='ocrx_word' id='word_1_133' title='bbox 1587 1350 1708 1411; x_wconf 89' lang='lat' dir='ltr'><strong>viribus</strong></span> <span class='ocrx_word' id='word_1_134' title='bbox 1727 1350 1756 1412; x_wconf 90' lang='grc'><strong>61</strong></span> <span class='ocrx_word' id='word_1_135' title='bbox 1776 1350 1856 1431; x_wconf 78' lang='lat' dir='ltr'><strong>grati</strong></span> <span class='ocrx_word' id='word_1_136' title='bbox 1871 1374 1878 1429; x_wconf 70' lang='grc' dir='ltr'><strong>ς</strong></span> <span class='ocrx_word' id='word_1_137' title='bbox 1895 1370 1977 1433; x_wconf 85' lang='lat' dir='ltr'><strong>pura</strong></span> 
     </span>
     <span class='ocr_line' id='line_1_21' title="bbox 1230 1447 1977 1529; baseline 0.005 -22"><span class='ocrx_word' id='word_1_138' title='bbox 1230 1464 1265 1507; x_wconf 94' lang='lat' dir='ltr'><strong>ac</strong></span> <span class='ocrx_word' id='word_1_139' title='bbox 1291 1447 1455 1528; x_wconf 89' lang='lat' dir='ltr'><strong>splendida</strong></span> <span class='ocrx_word' id='word_1_140' title='bbox 1483 1447 1512 1509; x_wconf 92' lang='lat' dir='ltr'><strong>ei</strong></span> <span class='ocrx_word' id='word_1_141' title='bbox 1541 1447 1747 1510; x_wconf 82' lang='lat' dir='ltr'><strong>exhibeamus</strong></span> <span class='ocrx_word' id='word_1_142' title='bbox 1775 1449 1977 1529; x_wconf 84' lang='lat' dir='ltr'><strong>receptacula</strong></span> 
     </span>
     <span class='ocr_line' id='line_1_22' title="bbox 1229 1545 1976 1627; baseline 0.003 -22"><span class='ocrx_word' id='word_1_143' title='bbox 1229 1545 1324 1606; x_wconf 89' lang='lat' dir='ltr'><strong>corda</strong></span> <span class='ocrx_word' id='word_1_144' title='bbox 1348 1555 1475 1622; x_wconf 80' lang='lat' dir='ltr'><strong>nostra3</strong></span> <span class='ocrx_word' id='word_1_145' title='bbox 1492 1563 1548 1607; x_wconf 90' lang='lat' dir='ltr'><strong>ora</strong></span> <span class='ocrx_word' id='word_1_146' title='bbox 1571 1564 1709 1626; x_wconf 88' lang='lat' dir='ltr'><strong>qnoque,</strong></span> <span class='ocrx_word' id='word_1_147' title='bbox 1726 1564 1784 1627; x_wconf 89' lang='lat' dir='ltr'><strong>per</strong></span> <span class='ocrx_word' id='word_1_148' title='bbox 1801 1565 1872 1627; x_wconf 84' lang='lat' dir='ltr'><strong>quae</strong></span> <span class='ocrx_word' id='word_1_149' title='bbox 1891 1555 1923 1607; x_wconf 91' lang='lat' dir='ltr'><strong>et</strong></span> <span class='ocrx_word' id='word_1_150' title='bbox 1942 1546 1976 1608; x_wconf 92' lang='lat' dir='ltr'><strong>in</strong></span> 
     </span>
     <span class='ocr_line' id='line_1_23' title="bbox 1228 1642 1977 1724; baseline 0.003 -21"><span class='ocrx_word' id='word_1_151' title='bbox 1228 1642 1344 1722; x_wconf 90' lang='lat' dir='ltr'><strong>quibus</strong></span> <span class='ocrx_word' id='word_1_152' title='bbox 1358 1642 1551 1724; x_wconf 90' lang='lat' dir='ltr'><strong>suscipimus</strong></span> <span class='ocrx_word' id='word_1_153' title='bbox 1566 1662 1650 1719; x_wconf 91' lang='lat' dir='ltr'><strong>cum,</strong></span> <span class='ocrx_word' id='word_1_154' title='bbox 1668 1642 1708 1704; x_wconf 89' lang='lat' dir='ltr'><strong>ab</strong></span> <span class='ocrx_word' id='word_1_155' title='bbox 1727 1643 1814 1705; x_wconf 95' lang='lat' dir='ltr'><strong>omni</strong></span> <span class='ocrx_word' id='word_1_156' title='bbox 1835 1643 1977 1724; x_wconf 88' lang='lat' dir='ltr'><strong>loquaci-</strong></span> 
     </span>
     <span class='ocr_line' id='line_1_24' title="bbox 1228 1740 1975 1823; baseline 0.004 -23"><span class='ocrx_word' id='word_1_157' title='bbox 1228 1748 1290 1802; x_wconf 87' lang='lat' dir='ltr'><strong>tate</strong></span> <span class='ocrx_word' id='word_1_158' title='bbox 1312 1760 1349 1802; x_wconf 89' lang='lat' dir='ltr'><strong>ac</strong></span> <span class='ocrx_word' id='word_1_159' title='bbox 1369 1740 1540 1803; x_wconf 88' lang='lat' dir='ltr'><strong>voracitate</strong></span> <span class='ocrx_word' id='word_1_160' title='bbox 1556 1740 1782 1819; x_wconf 86' lang='lat' dir='ltr'><strong>custodiamus,</strong></span> <span class='ocrx_word' id='word_1_161' title='bbox 1799 1742 1975 1823; x_wconf 75' lang='lat' dir='ltr'><strong>prasertim</strong></span> 
     </span>
    </p>
   </div>
   <div class='ocr_carea' id='block_1_5' title="bbox 425 1836 1975 1921">
    <p class='ocr_par' dir='ltr' id='par_1_6' title="bbox 425 1836 1975 1921">
     <span class='ocr_line' id='line_1_25' title="bbox 425 1836 1975 1921; baseline -0.005 -12"><span class='ocrx_word' id='word_1_162' title='bbox 425 1846 594 1909; x_wconf 89' lang='lat' dir='ltr'><strong>oblationis</strong></span> <span class='ocrx_word' id='word_1_163' title='bbox 619 1844 732 1908; x_wconf 86' lang='lat' dir='ltr'><strong>Christi</strong></span> <span class='ocrx_word' id='word_1_164' title='bbox 751 1845 784 1906; x_wconf 93' lang='lat' dir='ltr'><strong>in</strong></span> <span class='ocrx_word' id='word_1_165' title='bbox 805 1863 899 1906; x_wconf 90' lang='lat' dir='ltr'><strong>cruce</strong></span> <span class='ocrx_word' id='word_1_166' title='bbox 917 1866 923 1905; x_wconf 93' lang='lat'><strong>:</strong></span> <span class='ocrx_word' id='word_1_167' title='bbox 942 1836 1469 1921; x_wconf 64' lang='grc'><strong>166666166666661166161116,</strong></span> <span class='ocrx_word' id='word_1_168' title='bbox 1487 1839 1711 1921; x_wconf 86' lang='lat' dir='ltr'><strong>provocativis,</strong></span> <span class='ocrx_word' id='word_1_169' title='bbox 1729 1840 1915 1921; x_wconf 78' lang='lat' dir='ltr'><strong>pungitiviS,</strong></span> <span class='ocrx_word' id='word_1_170' title='bbox 1934 1842 1975 1903; x_wconf 93' lang='grc'><strong>11-</strong></span> 
     </span>
    </p>
   </div>
   <div class='ocr_carea' id='block_1_6' title="bbox 268 1944 1172 3002">
    <p class='ocr_par' dir='ltr' id='par_1_7' title="bbox 268 1944 1172 3002">
     <span class='ocr_line' id='line_1_26' title="bbox 424 1944 1172 2025; baseline -0.008 -20"><span class='ocrx_word' id='word_1_171' title='bbox 424 1944 565 2025; x_wconf 89' lang='lat' dir='ltr'><strong>impleta‚</strong></span> <span class='ocrx_word' id='word_1_172' title='bbox 583 1962 706 2005; x_wconf 87' lang='lat' dir='ltr'><strong>cessare</strong></span> <span class='ocrx_word' id='word_1_173' title='bbox 721 1949 896 2024; x_wconf 89' lang='lat' dir='ltr'><strong>coeperunt,</strong></span> <span class='ocrx_word' id='word_1_174' title='bbox 912 1948 948 2003; x_wconf 92' lang='lat' dir='ltr'><strong>ut</strong></span> <span class='ocrx_word' id='word_1_175' title='bbox 966 1958 1062 2021; x_wconf 88' lang='lat' dir='ltr'><strong>super</strong></span> <span class='ocrx_word' id='word_1_176' title='bbox 1078 1957 1172 2019; x_wconf 86' lang='lat' dir='ltr'><strong>quar-</strong></span> 
     </span>
     <span class='ocr_line' id='line_1_27' title="bbox 278 2038 1169 2120; baseline -0.011 -13"><span class='ocrx_word' id='word_1_177' title='bbox 278 2050 410 2107; x_wconf 70' lang='lat' dir='ltr'><strong>Cfffllll.</strong></span> <span class='ocrx_word' id='word_1_178' title='bbox 425 2050 492 2104; x_wconf 90' lang='lat' dir='ltr'><strong>tum</strong></span> <span class='ocrx_word' id='word_1_179' title='bbox 508 2040 740 2103; x_wconf 89' lang='lat' dir='ltr'><strong>Sententiarum</strong></span> <span class='ocrx_word' id='word_1_180' title='bbox 752 2038 904 2101; x_wconf 89' lang='lat' dir='ltr'><strong>diffusius</strong></span> <span class='ocrx_word' id='word_1_181' title='bbox 915 2045 963 2100; x_wconf 92' lang='lat' dir='ltr'><strong>est</strong></span> <span class='ocrx_word' id='word_1_182' title='bbox 973 2056 1169 2120; x_wconf 86' lang='lat' dir='ltr'><strong>expressum.</strong></span> 
     </span>
     <span class='ocr_line' id='line_1_28' title="bbox 276 2113 1172 2216; baseline -0.011 -13"><span class='ocrx_word' id='word_1_183' title='bbox 276 2117 326 2169; x_wconf 56' lang='grc' dir='ltr'><strong>Μ’</strong></span> <span class='ocrx_word' id='word_1_184' title='bbox 336 2113 410 2160; x_wconf 57' lang='grc' dir='ltr'><strong>Μ’·</strong></span> <span class='ocrx_word' id='word_1_185' title='bbox 423 2143 563 2202; x_wconf 86' lang='lat' dir='ltr'><strong>Proestet</strong></span> <span class='ocrx_word' id='word_1_186' title='bbox 577 2142 658 2216; x_wconf 78' lang='lat' dir='ltr'><strong>fides</strong></span> <span class='ocrx_word' id='word_1_187' title='bbox 671 2142 929 2215; x_wconf 81' lang='lat' dir='ltr'><strong>supplementum</strong></span> <span class='ocrx_word' id='word_1_188' title='bbox 949 2156 1101 2195; x_wconf 82' lang='lat' dir='ltr'><strong>sensuum</strong></span> <span class='ocrx_word' id='word_1_189' title='bbox 1120 2138 1172 2193; x_wconf 84' lang='lat' dir='ltr'><strong>de-</strong></span> 
     </span>
     <span class='ocr_line' id='line_1_29' title="bbox 422 2232 1169 2315; baseline -0.005 -18"><span class='ocrx_word' id='word_1_190' title='bbox 422 2240 528 2314; x_wconf 76' lang='lat' dir='ltr'><strong>fectui</strong></span> <span class='ocrx_word' id='word_1_191' title='bbox 547 2258 558 2296; x_wconf 91' lang='lat'><strong>.·</strong></span> <span class='ocrx_word' id='word_1_192' title='bbox 579 2237 610 2298; x_wconf 92' lang='lat' dir='ltr'><strong>id</strong></span> <span class='ocrx_word' id='word_1_193' title='bbox 636 2244 694 2312; x_wconf 89' lang='lat' dir='ltr'><strong>est,</strong></span> <span class='ocrx_word' id='word_1_194' title='bbox 722 2236 805 2315; x_wconf 89' lang='lat' dir='ltr'><strong>quod</strong></span> <span class='ocrx_word' id='word_1_195' title='bbox 832 2254 927 2297; x_wconf 84' lang='lat' dir='ltr'><strong>sensu</strong></span> <span class='ocrx_word' id='word_1_196' title='bbox 951 2242 983 2296; x_wconf 87' lang='grc'><strong>61</strong></span> <span class='ocrx_word' id='word_1_197' title='bbox 1006 2232 1169 2295; x_wconf 86' lang='grc'><strong>1616116616</strong></span> 
     </span>
     <span class='ocr_line' id='line_1_30' title="bbox 423 2330 1170 2416; baseline -0.009 -19"><span class='ocrx_word' id='word_1_198' title='bbox 423 2353 535 2416; x_wconf 88' lang='lat' dir='ltr'><strong>capere</strong></span> <span class='ocrx_word' id='word_1_199' title='bbox 550 2354 614 2397; x_wconf 94' lang='lat' dir='ltr'><strong>non</strong></span> <span class='ocrx_word' id='word_1_200' title='bbox 630 2332 857 2413; x_wconf 88' lang='lat' dir='ltr'><strong>valemus,fide</strong></span> <span class='ocrx_word' id='word_1_201' title='bbox 873 2350 1035 2395; x_wconf 88' lang='lat' dir='ltr'><strong>servemus</strong></span> <span class='ocrx_word' id='word_1_202' title='bbox 1050 2330 1170 2392; x_wconf 90' lang='lat' dir='ltr'><strong>firmis-</strong></span> 
     </span>
     <span class='ocr_line' id='line_1_31' title="bbox 422 2429 1169 2514; baseline -0.007 -19"><span class='ocrx_word' id='word_1_203' title='bbox 422 2433 513 2513; x_wconf 87' lang='lat' dir='ltr'><strong>sima,</strong></span> <span class='ocrx_word' id='word_1_204' title='bbox 530 2442 624 2514; x_wconf 88' lang='lat' dir='ltr'><strong>atque</strong></span> <span class='ocrx_word' id='word_1_205' title='bbox 649 2432 826 2495; x_wconf 88' lang='lat' dir='ltr'><strong>certissima</strong></span> <span class='ocrx_word' id='word_1_206' title='bbox 851 2431 1041 2493; x_wconf 89' lang='lat' dir='ltr'><strong>certitudine</strong></span> <span class='ocrx_word' id='word_1_207' title='bbox 1065 2429 1169 2491; x_wconf 81' lang='lat' dir='ltr'><strong>adhae-</strong></span> 
     </span>
     <span class='ocr_line' id='line_1_32' title="bbox 421 2528 1169 2611; baseline -0.007 -18"><span class='ocrx_word' id='word_1_208' title='bbox 421 2531 542 2607; x_wconf 77' lang='lat' dir='ltr'><strong>realia,</strong></span> <span class='ocrx_word' id='word_1_209' title='bbox 563 2549 628 2593; x_wconf 91' lang='lat' dir='ltr'><strong>non</strong></span> <span class='ocrx_word' id='word_1_210' title='bbox 653 2531 831 2607; x_wconf 69' lang='lat' dir='ltr'><strong>evidentiae,</strong></span> <span class='ocrx_word' id='word_1_211' title='bbox 847 2528 998 2611; x_wconf 87' lang='lat' dir='ltr'><strong>quoniam</strong></span> <span class='ocrx_word' id='word_1_212' title='bbox 1018 2528 1101 2590; x_wconf 86' lang='lat' dir='ltr'><strong>Deus</strong></span> <span class='ocrx_word' id='word_1_213' title='bbox 1120 2546 1169 2588; x_wconf 93' lang='lat' dir='ltr'><strong>es-</strong></span> 
     </span>
     <span class='ocr_line' id='line_1_33' title="bbox 420 2626 1167 2705; baseline -0.005 -15"><span class='ocrx_word' id='word_1_214' title='bbox 420 2628 596 2691; x_wconf 90' lang='lat' dir='ltr'><strong>sentialiter</strong></span> <span class='ocrx_word' id='word_1_215' title='bbox 607 2648 700 2691; x_wconf 88' lang='lat' dir='ltr'><strong>verus</strong></span> <span class='ocrx_word' id='word_1_216' title='bbox 715 2648 751 2690; x_wconf 92' lang='lat' dir='ltr'><strong>ac</strong></span> <span class='ocrx_word' id='word_1_217' title='bbox 766 2627 893 2705; x_wconf 87' lang='lat' dir='ltr'><strong>veritas,</strong></span> <span class='ocrx_word' id='word_1_218' title='bbox 903 2635 1012 2688; x_wconf 88' lang='lat' dir='ltr'><strong>auctor</strong></span> <span class='ocrx_word' id='word_1_219' title='bbox 1027 2645 1063 2687; x_wconf 89' lang='lat' dir='ltr'><strong>ac</strong></span> <span class='ocrx_word' id='word_1_220' title='bbox 1079 2626 1167 2687; x_wconf 90' lang='lat' dir='ltr'><strong>lestis</strong></span> 
     </span>
     <span class='ocr_line' id='line_1_34' title="bbox 419 2724 937 2805; baseline -0.002 -19"><span class='ocrx_word' id='word_1_221' title='bbox 419 2732 467 2787; x_wconf 88' lang='lat' dir='ltr'><strong>est</strong></span> <span class='ocrx_word' id='word_1_222' title='bbox 489 2725 708 2788; x_wconf 76' lang='lat' dir='ltr'><strong>sacratissima</strong></span> <span class='ocrx_word' id='word_1_223' title='bbox 730 2724 808 2786; x_wconf 90' lang='lat' dir='ltr'><strong>fidei</strong></span> <span class='ocrx_word' id='word_1_224' title='bbox 829 2724 937 2805; x_wconf 81' lang='lat' dir='ltr'><strong>hujus.</strong></span> 
     </span>
     <span class='ocr_line' id='line_1_35' title="bbox 333 2821 1166 2901; baseline -0.008 -13"><span class='ocrx_word' id='word_1_225' title='bbox 333 2832 352 2888; x_wconf 89' lang='grc'><strong>6</strong></span> <span class='ocrx_word' id='word_1_226' title='bbox 461 2826 611 2885; x_wconf 83' lang='lat' dir='ltr'><strong>Genitori</strong></span> <span class='ocrx_word' id='word_1_227' title='bbox 627 2825 815 2901; x_wconf 83' lang='lat' dir='ltr'><strong>Genitoque,</strong></span> <span class='ocrx_word' id='word_1_228' title='bbox 831 2830 890 2884; x_wconf 84' lang='lat' dir='ltr'><strong>etc.</strong></span> <span class='ocrx_word' id='word_1_229' title='bbox 913 2821 1030 2883; x_wconf 88' lang='lat' dir='ltr'><strong>Sensus</strong></span> <span class='ocrx_word' id='word_1_230' title='bbox 1056 2839 1166 2883; x_wconf 90' lang='lat' dir='ltr'><strong>versus</strong></span> 
     </span>
     <span class='ocr_line' id='line_1_36' title="bbox 268 2919 891 3002; baseline 0.005 -23"><span class='ocrx_word' id='word_1_231' title='bbox 268 2934 304 2990; x_wconf 73' lang='lat' dir='ltr'><strong>cs.</strong></span> <span class='ocrx_word' id='word_1_232' title='bbox 316 2950 337 2991; x_wconf 78' lang='lat' dir='ltr'><strong>p.</strong></span> <span class='ocrx_word' id='word_1_233' title='bbox 350 2936 403 2981; x_wconf 76' lang='lat' dir='ltr'><strong>aas.</strong></span> <span class='ocrx_word' id='word_1_234' title='bbox 419 2919 510 2982; x_wconf 89' lang='lat' dir='ltr'><strong>istius</strong></span> <span class='ocrx_word' id='word_1_235' title='bbox 532 2938 570 2983; x_wconf 88' lang='grc'><strong>611</strong></span> <span class='ocrx_word' id='word_1_236' title='bbox 591 2919 773 3002; x_wconf 75' lang='lat' dir='ltr'><strong>praehabitis</strong></span> <span class='ocrx_word' id='word_1_237' title='bbox 795 2928 891 3002; x_wconf 88' lang='lat' dir='ltr'><strong>patet.</strong></span> 
     </span>
    </p>
   </div>
   <div class='ocr_carea' id='block_1_7' title="bbox 416 3116 1164 4177">
    <p class='ocr_par' dir='ltr' id='par_1_8' title="bbox 416 3116 1164 4177">
     <span class='ocr_line' id='line_1_37' title="bbox 457 3116 1164 3198; baseline 0 -21"><span class='ocrx_word' id='word_1_238' title='bbox 457 3117 564 3197; x_wconf 89' lang='lat' dir='ltr'><strong>ltaque</strong></span> <span class='ocrx_word' id='word_1_239' title='bbox 579 3117 732 3198; x_wconf 86' lang='lat' dir='ltr'><strong>hymnum</strong></span> <span class='ocrx_word' id='word_1_240' title='bbox 749 3116 844 3178; x_wconf 89' lang='lat' dir='ltr'><strong>istum</strong></span> <span class='ocrx_word' id='word_1_241' title='bbox 865 3134 937 3178; x_wconf 89' lang='lat' dir='ltr'><strong>curn</strong></span> <span class='ocrx_word' id='word_1_242' title='bbox 956 3116 1044 3179; x_wconf 92' lang='lat' dir='ltr'><strong>omni</strong></span> <span class='ocrx_word' id='word_1_243' title='bbox 1064 3116 1164 3179; x_wconf 88' lang='lat' dir='ltr'><strong>recol-</strong></span> 
     </span>
     <span class='ocr_line' id='line_1_38' title="bbox 417 3214 1164 3292; baseline 0 -16"><span class='ocrx_word' id='word_1_244' title='bbox 417 3214 554 3278; x_wconf 88' lang='lat' dir='ltr'><strong>lectione</strong></span> <span class='ocrx_word' id='word_1_245' title='bbox 575 3222 607 3277; x_wconf 88' lang='lat' dir='ltr'><strong>et</strong></span> <span class='ocrx_word' id='word_1_246' title='bbox 626 3214 786 3278; x_wconf 84' lang='lat' dir='ltr'><strong>alacritate</strong></span> <span class='ocrx_word' id='word_1_247' title='bbox 811 3223 986 3292; x_wconf 87' lang='lat' dir='ltr'><strong>cantemus,</strong></span> <span class='ocrx_word' id='word_1_248' title='bbox 1003 3234 1076 3277; x_wconf 91' lang='lat' dir='ltr'><strong>eum</strong></span> <span class='ocrx_word' id='word_1_249' title='bbox 1102 3214 1164 3276; x_wconf 88' lang='lat' dir='ltr'><strong>fer-</strong></span> 
     </span>
     <span class='ocr_line' id='line_1_39' title="bbox 416 3313 1162 3376; baseline 0.003 -2"><span class='ocrx_word' id='word_1_250' title='bbox 416 3314 503 3375; x_wconf 86' lang='lat' dir='ltr'><strong>venti</strong></span> <span class='ocrx_word' id='word_1_251' title='bbox 519 3313 673 3376; x_wconf 88' lang='lat' dir='ltr'><strong>memoria</strong></span> <span class='ocrx_word' id='word_1_252' title='bbox 687 3313 867 3376; x_wconf 77' lang='lat' dir='ltr'><strong>novissimae</strong></span> <span class='ocrx_word' id='word_1_253' title='bbox 883 3332 981 3376; x_wconf 85' lang='lat' dir='ltr'><strong>eoenae</strong></span> <span class='ocrx_word' id='word_1_254' title='bbox 996 3313 1111 3375; x_wconf 88' lang='lat' dir='ltr'><strong>Christi</strong></span> <span class='ocrx_word' id='word_1_255' title='bbox 1126 3333 1162 3376; x_wconf 87' lang='lat' dir='ltr'><strong>ac</strong></span> 
     </span>
     <span class='ocr_line' id='line_1_40' title="bbox 417 3409 1162 3489; baseline -0.001 -16"><span class='ocrx_word' id='word_1_256' title='bbox 417 3409 626 3474; x_wconf 90' lang='lat' dir='ltr'><strong>institutionis</strong></span> <span class='ocrx_word' id='word_1_257' title='bbox 661 3412 849 3474; x_wconf 88' lang='lat' dir='ltr'><strong>sacramenti</strong></span> <span class='ocrx_word' id='word_1_258' title='bbox 885 3412 987 3489; x_wconf 88' lang='lat' dir='ltr'><strong>istius,</strong></span> <span class='ocrx_word' id='word_1_259' title='bbox 1018 3411 1162 3474; x_wconf 91' lang='lat' dir='ltr'><strong>omnium</strong></span> 
     </span>
     <span class='ocr_line' id='line_1_41' title="bbox 418 3510 1163 3591; baseline 0.003 -20"><span class='ocrx_word' id='word_1_260' title='bbox 418 3518 686 3573; x_wconf 89' lang='lat' dir='ltr'><strong>sacramentorum</strong></span> <span class='ocrx_word' id='word_1_261' title='bbox 712 3510 820 3573; x_wconf 91' lang='lat' dir='ltr'><strong>finalis</strong></span> <span class='ocrx_word' id='word_1_262' title='bbox 847 3529 884 3572; x_wconf 91' lang='lat' dir='ltr'><strong>ac</strong></span> <span class='ocrx_word' id='word_1_263' title='bbox 914 3512 1042 3589; x_wconf 92' lang='lat' dir='ltr'><strong>summi,</strong></span> <span class='ocrx_word' id='word_1_264' title='bbox 1069 3519 1163 3591; x_wconf 88' lang='lat' dir='ltr'><strong>atque</strong></span> 
     </span>
     <span class='ocr_line' id='line_1_42' title="bbox 417 3607 1164 3690; baseline 0 -19"><span class='ocrx_word' id='word_1_265' title='bbox 417 3607 513 3671; x_wconf 87' lang='lat' dir='ltr'><strong>totius</strong></span> <span class='ocrx_word' id='word_1_266' title='bbox 533 3608 673 3671; x_wconf 88' lang='lat' dir='ltr'><strong>caritatis</strong></span> <span class='ocrx_word' id='word_1_267' title='bbox 689 3628 725 3671; x_wconf 90' lang='lat' dir='ltr'><strong>ac</strong></span> <span class='ocrx_word' id='word_1_268' title='bbox 741 3609 938 3672; x_wconf 87' lang='lat' dir='ltr'><strong>liberalitatis</strong></span> <span class='ocrx_word' id='word_1_269' title='bbox 960 3628 1038 3690; x_wconf 89' lang='lat' dir='ltr'><strong>quas</strong></span> <span class='ocrx_word' id='word_1_270' title='bbox 1059 3609 1164 3672; x_wconf 88' lang='lat' dir='ltr'><strong>Domi-</strong></span> 
     </span>
     <span class='ocr_line' id='line_1_43' title="bbox 416 3707 1161 3785; baseline 0.003 -17"><span class='ocrx_word' id='word_1_271' title='bbox 416 3726 477 3769; x_wconf 89' lang='lat' dir='ltr'><strong>nus</strong></span> <span class='ocrx_word' id='word_1_272' title='bbox 501 3714 533 3769; x_wconf 90' lang='lat' dir='ltr'><strong>et</strong></span> <span class='ocrx_word' id='word_1_273' title='bbox 558 3708 700 3770; x_wconf 87' lang='lat' dir='ltr'><strong>Salvator</strong></span> <span class='ocrx_word' id='word_1_274' title='bbox 725 3707 818 3771; x_wconf 91' lang='lat' dir='ltr'><strong>nobis</strong></span> <span class='ocrx_word' id='word_1_275' title='bbox 843 3708 875 3770; x_wconf 93' lang='lat' dir='ltr'><strong>in</strong></span> <span class='ocrx_word' id='word_1_276' title='bbox 900 3727 938 3771; x_wconf 91' lang='lat' dir='ltr'><strong>eo</strong></span> <span class='ocrx_word' id='word_1_277' title='bbox 963 3708 1161 3785; x_wconf 87' lang='lat' dir='ltr'><strong>monstravit,</strong></span> 
     </span>
     <span class='ocr_line' id='line_1_44' title="bbox 416 3804 1164 3869; baseline 0.001 -3"><span class='ocrx_word' id='word_1_278' title='bbox 416 3804 481 3867; x_wconf 93' lang='lat' dir='ltr'><strong>imo</strong></span> <span class='ocrx_word' id='word_1_279' title='bbox 496 3804 712 3867; x_wconf 90' lang='lat' dir='ltr'><strong>indesinenter</strong></span> <span class='ocrx_word' id='word_1_280' title='bbox 727 3806 931 3868; x_wconf 89' lang='lat' dir='ltr'><strong>demonstrat.</strong></span> <span class='ocrx_word' id='word_1_281' title='bbox 948 3804 1059 3869; x_wconf 89' lang='lat' dir='ltr'><strong>Nonne</strong></span> <span class='ocrx_word' id='word_1_282' title='bbox 1079 3826 1164 3867; x_wconf 92' lang='lat' dir='ltr'><strong>suru-</strong></span> 
     </span>
     <span class='ocr_line' id='line_1_45' title="bbox 416 3902 1161 3982; baseline 0.003 -19"><span class='ocrx_word' id='word_1_283' title='bbox 416 3922 468 3964; x_wconf 90' lang='lat' dir='ltr'><strong>ma</strong></span> <span class='ocrx_word' id='word_1_284' title='bbox 491 3902 620 3966; x_wconf 89' lang='lat' dir='ltr'><strong>dilectio</strong></span> <span class='ocrx_word' id='word_1_285' title='bbox 644 3910 676 3965; x_wconf 90' lang='lat' dir='ltr'><strong>et</strong></span> <span class='ocrx_word' id='word_1_286' title='bbox 699 3903 923 3966; x_wconf 81' lang='lat' dir='ltr'><strong>munificentia</strong></span> <span class='ocrx_word' id='word_1_287' title='bbox 945 3905 1082 3966; x_wconf 89' lang='lat' dir='ltr'><strong>maxima</strong></span> <span class='ocrx_word' id='word_1_288' title='bbox 1103 3914 1161 3982; x_wconf 90' lang='lat' dir='ltr'><strong>est,</strong></span> 
     </span>
     <span class='ocr_line' id='line_1_46' title="bbox 416 4000 1164 4084; baseline 0.001 -22"><span class='ocrx_word' id='word_1_289' title='bbox 416 4002 492 4062; x_wconf 90' lang='lat' dir='ltr'><strong>dum</strong></span> <span class='ocrx_word' id='word_1_290' title='bbox 514 4000 586 4081; x_wconf 89' lang='lat' dir='ltr'><strong>quis</strong></span> <span class='ocrx_word' id='word_1_291' title='bbox 605 4000 732 4063; x_wconf 88' lang='lat' dir='ltr'><strong>realiter</strong></span> <span class='ocrx_word' id='word_1_292' title='bbox 756 4021 789 4063; x_wconf 93' lang='lat' dir='ltr'><strong>se</strong></span> <span class='ocrx_word' id='word_1_293' title='bbox 814 4002 918 4083; x_wconf 93' lang='lat' dir='ltr'><strong>ipsum</strong></span> <span class='ocrx_word' id='word_1_294' title='bbox 940 4002 1030 4065; x_wconf 90' lang='lat' dir='ltr'><strong>alteri</strong></span> <span class='ocrx_word' id='word_1_295' title='bbox 1050 4003 1164 4084; x_wconf 84' lang='lat' dir='ltr'><strong>elargi-</strong></span> 
     </span>
     <span class='ocr_line' id='line_1_47' title="bbox 417 4099 1162 4177; baseline 0.004 -17"><span class='ocrx_word' id='word_1_296' title='bbox 417 4106 477 4177; x_wconf 91' lang='lat' dir='ltr'><strong>tur,</strong></span> <span class='ocrx_word' id='word_1_297' title='bbox 507 4107 539 4160; x_wconf 91' lang='lat' dir='ltr'><strong>et</strong></span> <span class='ocrx_word' id='word_1_298' title='bbox 574 4118 662 4160; x_wconf 90' lang='lat' dir='ltr'><strong>suam</strong></span> <span class='ocrx_word' id='word_1_299' title='bbox 692 4099 861 4161; x_wconf 90' lang='lat' dir='ltr'><strong>essentiam</strong></span> <span class='ocrx_word' id='word_1_300' title='bbox 891 4100 936 4161; x_wconf 95' lang='lat' dir='ltr'><strong>illi</strong></span> <span class='ocrx_word' id='word_1_301' title='bbox 966 4100 1099 4163; x_wconf 88' lang='lat' dir='ltr'><strong>conficit</strong></span> <span class='ocrx_word' id='word_1_302' title='bbox 1125 4120 1162 4163; x_wconf 88' lang='lat' dir='ltr'><strong>ac</strong></span> 
     </span>
    </p>
   </div>
   <div class='ocr_carea' id='block_1_8' title="bbox 1225 1937 1974 2119">
    <p class='ocr_par' dir='ltr' id='par_1_9' title="bbox 1225 1937 1974 2119">
     <span class='ocr_line' id='line_1_48' title="bbox 1227 1937 1974 2001; baseline 0.004 -3"><span class='ocrx_word' id='word_1_303' title='bbox 1227 1937 1349 2000; x_wconf 90' lang='lat' dir='ltr'><strong>risoriis</strong></span> <span class='ocrx_word' id='word_1_304' title='bbox 1371 1945 1402 1999; x_wconf 93' lang='lat' dir='ltr'><strong>et</strong></span> <span class='ocrx_word' id='word_1_305' title='bbox 1420 1938 1588 2001; x_wconf 78' lang='lat' dir='ltr'><strong>discordia</strong></span> <span class='ocrx_word' id='word_1_306' title='bbox 1612 1938 1877 2001; x_wconf 87' lang='lat' dir='ltr'><strong>disseminatoriis</strong></span> <span class='ocrx_word' id='word_1_307' title='bbox 1903 1959 1974 2001; x_wconf 86' lang='lat' dir='ltr'><strong>ver—</strong></span> 
     </span>
     <span class='ocr_line' id='line_1_49' title="bbox 1225 2035 1973 2119; baseline 0.004 -23"><span class='ocrx_word' id='word_1_308' title='bbox 1225 2035 1285 2097; x_wconf 92' lang='lat' dir='ltr'><strong>bis.</strong></span> <span class='ocrx_word' id='word_1_309' title='bbox 1314 2036 1381 2099; x_wconf 92' lang='lat' dir='ltr'><strong>lmo</strong></span> <span class='ocrx_word' id='word_1_310' title='bbox 1409 2036 1487 2097; x_wconf 90' lang='lat' dir='ltr'><strong>illud</strong></span> <span class='ocrx_word' id='word_1_311' title='bbox 1515 2035 1688 2098; x_wconf 82' lang='lat' dir='ltr'><strong>Psalnristae</strong></span> <span class='ocrx_word' id='word_1_312' title='bbox 1717 2036 1848 2119; x_wconf 88' lang='lat' dir='ltr'><strong>impleat</strong></span> <span class='ocrx_word' id='word_1_313' title='bbox 1874 2056 1973 2099; x_wconf 92' lang='lat' dir='ltr'><strong>nnus-</strong></span> 
     </span>
    </p>
   </div>
   <div class='ocr_carea' id='block_1_9' title="bbox 1225 2134 2106 2314">
    <p class='ocr_par' dir='ltr' id='par_1_10' title="bbox 1225 2134 2106 2314">
     <span class='ocr_line' id='line_1_50' title="bbox 1225 2134 2106 2215; baseline 0.008 -21"><span class='ocrx_word' id='word_1_314' title='bbox 1225 2134 1359 2215; x_wconf 88' lang='lat' dir='ltr'><strong>quisque</strong></span> <span class='ocrx_word' id='word_1_315' title='bbox 1386 2158 1393 2195; x_wconf 89' lang='lat'><strong>:</strong></span> <span class='ocrx_word' id='word_1_316' title='bbox 1419 2134 1608 2196; x_wconf 87' lang='lat' dir='ltr'><strong>Benedicam</strong></span> <span class='ocrx_word' id='word_1_317' title='bbox 1633 2134 1802 2197; x_wconf 87' lang='lat' dir='ltr'><strong>Dominum</strong></span> <span class='ocrx_word' id='word_1_318' title='bbox 1825 2135 1858 2197; x_wconf 90' lang='lat' dir='ltr'><strong>in</strong></span> <span class='ocrx_word' id='word_1_319' title='bbox 1882 2136 1970 2198; x_wconf 89' lang='lat' dir='ltr'><strong>omni</strong></span> <span class='ocrx_word' id='word_1_320' title='bbox 1988 2158 2106 2205; x_wconf 62' lang='lat' dir='ltr'><strong>namu.</strong></span> 
     </span>
     <span class='ocr_line' id='line_1_51' title="bbox 1225 2222 2010 2314; baseline 0.003 -21"><span class='ocrx_word' id='word_1_321' title='bbox 1225 2240 1376 2313; x_wconf 87' lang='lat' dir='ltr'><strong>tempore,</strong></span> <span class='ocrx_word' id='word_1_322' title='bbox 1395 2252 1520 2314; x_wconf 90' lang='lat' dir='ltr'><strong>semper</strong></span> <span class='ocrx_word' id='word_1_323' title='bbox 1535 2233 1603 2294; x_wconf 91' lang='lat' dir='ltr'><strong>laus</strong></span> <span class='ocrx_word' id='word_1_324' title='bbox 1618 2232 1688 2312; x_wconf 84' lang='lat' dir='ltr'><strong>ejus</strong></span> <span class='ocrx_word' id='word_1_325' title='bbox 1711 2233 1743 2293; x_wconf 93' lang='lat' dir='ltr'><strong>in</strong></span> <span class='ocrx_word' id='word_1_326' title='bbox 1763 2251 1818 2295; x_wconf 88' lang='grc'><strong>616</strong></span> <span class='ocrx_word' id='word_1_327' title='bbox 1837 2252 1918 2296; x_wconf 89' lang='grc'><strong>1666.</strong></span> <span class='ocrx_word' id='word_1_328' title='bbox 1936 2233 1970 2295; x_wconf 91' lang='grc'><strong>16</strong></span> <span class='ocrx_word' id='word_1_329' title='bbox 1987 2222 2010 2262; x_wconf 79' lang='lat'><strong>²·</strong></span> 
     </span>
    </p>
   </div>
   <div class='ocr_carea' id='block_1_10' title="bbox 1222 2330 1973 3002">
    <p class='ocr_par' dir='ltr' id='par_1_11' title="bbox 1222 2330 1973 3002">
     <span class='ocr_line' id='line_1_52' title="bbox 1224 2330 1971 2412; baseline 0.004 -22"><span class='ocrx_word' id='word_1_330' title='bbox 1224 2330 1402 2393; x_wconf 84' lang='lat' dir='ltr'><strong>inviolabili</strong></span> <span class='ocrx_word' id='word_1_331' title='bbox 1425 2350 1460 2393; x_wconf 91' lang='lat' dir='ltr'><strong>ac</strong></span> <span class='ocrx_word' id='word_1_332' title='bbox 1481 2331 1686 2411; x_wconf 83' lang='lat' dir='ltr'><strong>integerrima</strong></span> <span class='ocrx_word' id='word_1_333' title='bbox 1711 2330 1778 2393; x_wconf 82' lang='lat' dir='ltr'><strong>fide</strong></span> <span class='ocrx_word' id='word_1_334' title='bbox 1802 2332 1899 2412; x_wconf 84' lang='lat' dir='ltr'><strong>hujus</strong></span> <span class='ocrx_word' id='word_1_335' title='bbox 1923 2332 1971 2393; x_wconf 93' lang='lat' dir='ltr'><strong>di-</strong></span> 
     </span>
     <span class='ocr_line' id='line_1_53' title="bbox 1223 2428 1973 2511; baseline 0.004 -22"><span class='ocrx_word' id='word_1_336' title='bbox 1223 2428 1368 2508; x_wconf 81' lang='lat' dir='ltr'><strong>gnissimi</strong></span> <span class='ocrx_word' id='word_1_337' title='bbox 1385 2428 1573 2491; x_wconf 90' lang='lat' dir='ltr'><strong>sacramenti</strong></span> <span class='ocrx_word' id='word_1_338' title='bbox 1591 2430 1690 2491; x_wconf 92' lang='lat' dir='ltr'><strong>simus</strong></span> <span class='ocrx_word' id='word_1_339' title='bbox 1705 2448 1831 2511; x_wconf 90' lang='lat' dir='ltr'><strong>semper</strong></span> <span class='ocrx_word' id='word_1_340' title='bbox 1852 2429 1973 2493; x_wconf 88' lang='lat' dir='ltr'><strong>firmis-</strong></span> 
     </span>
     <span class='ocr_line' id='line_1_54' title="bbox 1223 2525 1971 2607; baseline 0.007 -22"><span class='ocrx_word' id='word_1_341' title='bbox 1223 2525 1348 2603; x_wconf 92' lang='lat' dir='ltr'><strong>simi,in</strong></span> <span class='ocrx_word' id='word_1_342' title='bbox 1364 2526 1457 2607; x_wconf 83' lang='lat' dir='ltr'><strong>cujus</strong></span> <span class='ocrx_word' id='word_1_343' title='bbox 1472 2525 1537 2589; x_wconf 86' lang='lat' dir='ltr'><strong>fide</strong></span> <span class='ocrx_word' id='word_1_344' title='bbox 1553 2526 1695 2590; x_wconf 87' lang='lat' dir='ltr'><strong>defuncti</strong></span> <span class='ocrx_word' id='word_1_345' title='bbox 1711 2536 1785 2589; x_wconf 91' lang='lat' dir='ltr'><strong>sunt</strong></span> <span class='ocrx_word' id='word_1_346' title='bbox 1800 2537 1861 2589; x_wconf 88' lang='lat' dir='ltr'><strong>tarn</strong></span> <span class='ocrx_word' id='word_1_347' title='bbox 1878 2527 1971 2590; x_wconf 93' lang='lat' dir='ltr'><strong>innu-</strong></span> 
     </span>
     <span class='ocr_line' id='line_1_55' title="bbox 1223 2624 1968 2707; baseline 0.005 -23"><span class='ocrx_word' id='word_1_348' title='bbox 1223 2624 1387 2687; x_wconf 89' lang='lat' dir='ltr'><strong>merabilia</strong></span> <span class='ocrx_word' id='word_1_349' title='bbox 1399 2624 1500 2686; x_wconf 92' lang='lat' dir='ltr'><strong>millia</strong></span> <span class='ocrx_word' id='word_1_350' title='bbox 1511 2624 1767 2687; x_wconf 89' lang='lat' dir='ltr'><strong>beatissimorum</strong></span> <span class='ocrx_word' id='word_1_351' title='bbox 1783 2634 1968 2707; x_wconf 84' lang='lat' dir='ltr'><strong>martyrum,</strong></span> 
     </span>
     <span class='ocr_line' id='line_1_56' title="bbox 1222 2721 1970 2804; baseline 0.004 -21"><span class='ocrx_word' id='word_1_352' title='bbox 1222 2721 1440 2784; x_wconf 88' lang='lat' dir='ltr'><strong>confessorum</strong></span> <span class='ocrx_word' id='word_1_353' title='bbox 1456 2742 1492 2785; x_wconf 89' lang='lat' dir='ltr'><strong>ac</strong></span> <span class='ocrx_word' id='word_1_354' title='bbox 1508 2722 1681 2804; x_wconf 84' lang='lat' dir='ltr'><strong>virginum,</strong></span> <span class='ocrx_word' id='word_1_355' title='bbox 1698 2732 1879 2786; x_wconf 90' lang='lat' dir='ltr'><strong>sanctorum</strong></span> <span class='ocrx_word' id='word_1_356' title='bbox 1895 2744 1970 2786; x_wconf 87' lang='lat' dir='ltr'><strong>ana-</strong></span> 
     </span>
     <span class='ocr_line' id='line_1_57' title="bbox 1222 2820 1968 2901; baseline 0.004 -20"><span class='ocrx_word' id='word_1_357' title='bbox 1222 2820 1421 2884; x_wconf 89' lang='lat' dir='ltr'><strong>choretarum</strong></span> <span class='ocrx_word' id='word_1_358' title='bbox 1449 2830 1481 2882; x_wconf 88' lang='lat' dir='ltr'><strong>et</strong></span> <span class='ocrx_word' id='word_1_359' title='bbox 1508 2822 1723 2901; x_wconf 89' lang='lat' dir='ltr'><strong>eremitarum,</strong></span> <span class='ocrx_word' id='word_1_360' title='bbox 1754 2822 1968 2886; x_wconf 88' lang='lat' dir='ltr'><strong>solitariorum</strong></span> 
     </span>
     <span class='ocr_line' id='line_1_58' title="bbox 1222 2920 1969 3002; baseline 0.004 -21"><span class='ocrx_word' id='word_1_361' title='bbox 1222 2927 1253 2981; x_wconf 98' lang='grc'><strong>61</strong></span> <span class='ocrx_word' id='word_1_362' title='bbox 1267 2920 1507 2998; x_wconf 75' lang='lat' dir='ltr'><strong>coenobitarum,</strong></span> <span class='ocrx_word' id='word_1_363' title='bbox 1522 2940 1655 3002; x_wconf 87' lang='lat' dir='ltr'><strong>quorum</strong></span> <span class='ocrx_word' id='word_1_364' title='bbox 1671 2941 1753 2983; x_wconf 91' lang='lat' dir='ltr'><strong>unus</strong></span> <span class='ocrx_word' id='word_1_365' title='bbox 1769 2921 1860 2984; x_wconf 93' lang='lat' dir='ltr'><strong>nobis</strong></span> <span class='ocrx_word' id='word_1_366' title='bbox 1876 2921 1969 2984; x_wconf 91' lang='lat' dir='ltr'><strong>suffi-</strong></span> 
     </span>
    </p>
   </div>
   <div class='ocr_carea' id='block_1_11' title="bbox 1179 3019 1965 3101">
    <p class='ocr_par' dir='ltr' id='par_1_12' title="bbox 1179 3019 1965 3101">
     <span class='ocr_line' id='line_1_59' title="bbox 1179 3019 1965 3101; baseline 0 -19"><span class='ocrx_word' id='word_1_367' title='bbox 1179 3019 1200 3082; x_wconf 87' lang='lat' dir='ltr'>C</span> <span class='ocrx_word' id='word_1_368' title='bbox 1223 3037 1294 3081; x_wconf 88' lang='grc'><strong>6616</strong></span> <span class='ocrx_word' id='word_1_369' title='bbox 1308 3028 1414 3101; x_wconf 89' lang='lat' dir='ltr'><strong>posset</strong></span> <span class='ocrx_word' id='word_1_370' title='bbox 1428 3020 1466 3081; x_wconf 98' lang='lat' dir='ltr'><strong>ad</strong></span> <span class='ocrx_word' id='word_1_371' title='bbox 1482 3028 1597 3083; x_wconf 78' lang='lat' dir='ltr'><strong>nostrae</strong></span> <span class='ocrx_word' id='word_1_372' title='bbox 1617 3020 1694 3083; x_wconf 93' lang='lat' dir='ltr'><strong>fidei</strong></span> <span class='ocrx_word' id='word_1_373' title='bbox 1714 3020 1965 3098; x_wconf 89' lang='lat' dir='ltr'><strong>firmamentum,</strong></span> 
     </span>
    </p>
   </div>
   <div class='ocr_carea' id='block_1_12' title="bbox 1218 3117 1967 4179">
    <p class='ocr_par' dir='ltr' id='par_1_13' title="bbox 1218 3117 1967 4179">
     <span class='ocr_line' id='line_1_60' title="bbox 1222 3117 1967 3199; baseline 0.004 -21"><span class='ocrx_word' id='word_1_374' title='bbox 1222 3136 1295 3179; x_wconf 91' lang='lat' dir='ltr'><strong>cum</strong></span> <span class='ocrx_word' id='word_1_375' title='bbox 1320 3117 1385 3179; x_wconf 88' lang='lat' dir='ltr'><strong>suis</strong></span> <span class='ocrx_word' id='word_1_376' title='bbox 1411 3118 1584 3196; x_wconf 88' lang='lat' dir='ltr'><strong>miraculis,</strong></span> <span class='ocrx_word' id='word_1_377' title='bbox 1608 3118 1773 3199; x_wconf 83' lang='lat' dir='ltr'><strong>prodigiis,</strong></span> <span class='ocrx_word' id='word_1_378' title='bbox 1796 3118 1967 3181; x_wconf 88' lang='lat' dir='ltr'><strong>virtutibus</strong></span> 
     </span>
     <span class='ocr_line' id='line_1_61' title="bbox 1220 3215 1967 3297; baseline 0.003 -20"><span class='ocrx_word' id='word_1_379' title='bbox 1220 3215 1441 3296; x_wconf 84' lang='lat' dir='ltr'><strong>exercitiisque</strong></span> <span class='ocrx_word' id='word_1_380' title='bbox 1461 3216 1651 3297; x_wconf 90' lang='lat' dir='ltr'><strong>purissimis.</strong></span> <span class='ocrx_word' id='word_1_381' title='bbox 1668 3216 1736 3279; x_wconf 86' lang='lat' dir='ltr'><strong>Non</strong></span> <span class='ocrx_word' id='word_1_382' title='bbox 1762 3234 1837 3297; x_wconf 78' lang='lat' dir='ltr'><strong>ergo</strong></span> <span class='ocrx_word' id='word_1_383' title='bbox 1861 3217 1967 3279; x_wconf 89' lang='lat' dir='ltr'><strong>discu-</strong></span> 
     </span>
     <span class='ocr_line' id='line_1_62' title="bbox 1220 3313 1967 3397; baseline 0.001 -22"><span class='ocrx_word' id='word_1_384' title='bbox 1220 3313 1335 3375; x_wconf 89' lang='lat' dir='ltr'><strong>tiamus</strong></span> <span class='ocrx_word' id='word_1_385' title='bbox 1361 3314 1394 3375; x_wconf 88' lang='lat' dir='ltr'><strong>in</strong></span> <span class='ocrx_word' id='word_1_386' title='bbox 1418 3315 1512 3376; x_wconf 90' lang='lat' dir='ltr'><strong>hlissa</strong></span> <span class='ocrx_word' id='word_1_387' title='bbox 1536 3333 1595 3377; x_wconf 88' lang='grc'><strong>666</strong></span> <span class='ocrx_word' id='word_1_388' title='bbox 1615 3313 1694 3376; x_wconf 88' lang='grc'><strong>61166</strong></span> <span class='ocrx_word' id='word_1_389' title='bbox 1720 3315 1845 3379; x_wconf 88' lang='grc'><strong>6611666</strong></span> <span class='ocrx_word' id='word_1_390' title='bbox 1866 3315 1967 3397; x_wconf 87' lang='lat' dir='ltr'><strong>qnali-</strong></span> 
     </span>
     <span class='ocr_line' id='line_1_63' title="bbox 1220 3413 1967 3478; baseline 0.001 -4"><span class='ocrx_word' id='word_1_391' title='bbox 1220 3422 1267 3475; x_wconf 88' lang='lat' dir='ltr'><strong>ter</strong></span> <span class='ocrx_word' id='word_1_392' title='bbox 1285 3413 1426 3475; x_wconf 90' lang='lat' dir='ltr'><strong>Christus</strong></span> <span class='ocrx_word' id='word_1_393' title='bbox 1446 3413 1479 3474; x_wconf 90' lang='lat' dir='ltr'><strong>in</strong></span> <span class='ocrx_word' id='word_1_394' title='bbox 1501 3414 1705 3478; x_wconf 81' lang='lat' dir='ltr'><strong>Sacramenta</strong></span> <span class='ocrx_word' id='word_1_395' title='bbox 1725 3413 1771 3476; x_wconf 92' lang='lat' dir='ltr'><strong>sic</strong></span> <span class='ocrx_word' id='word_1_396' title='bbox 1793 3414 1896 3475; x_wconf 90' lang='lat' dir='ltr'><strong>valeat</strong></span> <span class='ocrx_word' id='word_1_397' title='bbox 1918 3433 1967 3476; x_wconf 88' lang='lat' dir='ltr'><strong>es-</strong></span> 
     </span>
     <span class='ocr_line' id='line_1_64' title="bbox 1219 3511 1966 3588; baseline 0.001 -15"><span class='ocrx_word' id='word_1_398' title='bbox 1219 3530 1269 3588; x_wconf 80' lang='lat' dir='ltr'><strong>se3</strong></span> <span class='ocrx_word' id='word_1_399' title='bbox 1286 3512 1339 3574; x_wconf 90' lang='lat' dir='ltr'><strong>sed</strong></span> <span class='ocrx_word' id='word_1_400' title='bbox 1361 3511 1538 3573; x_wconf 90' lang='lat' dir='ltr'><strong>certissime</strong></span> <span class='ocrx_word' id='word_1_401' title='bbox 1561 3512 1593 3572; x_wconf 92' lang='lat' dir='ltr'><strong>in</strong></span> <span class='ocrx_word' id='word_1_402' title='bbox 1613 3511 1679 3573; x_wconf 91' lang='lat' dir='ltr'><strong>fide</strong></span> <span class='ocrx_word' id='word_1_403' title='bbox 1701 3512 1796 3574; x_wconf 90' lang='lat' dir='ltr'><strong>totius</strong></span> <span class='ocrx_word' id='word_1_404' title='bbox 1815 3511 1966 3574; x_wconf 78' lang='lat' dir='ltr'><strong>Ecclesia</strong></span> 
     </span>
     <span class='ocr_line' id='line_1_65' title="bbox 1219 3609 1963 3691; baseline 0.001 -20"><span class='ocrx_word' id='word_1_405' title='bbox 1219 3619 1498 3691; x_wconf 85' lang='lat' dir='ltr'><strong>praesupponentcs</strong></span> <span class='ocrx_word' id='word_1_406' title='bbox 1528 3611 1612 3691; x_wconf 89' lang='lat' dir='ltr'><strong>quod</strong></span> <span class='ocrx_word' id='word_1_407' title='bbox 1637 3609 1804 3671; x_wconf 91' lang='lat' dir='ltr'><strong>verissime</strong></span> <span class='ocrx_word' id='word_1_408' title='bbox 1836 3609 1880 3671; x_wconf 90' lang='lat' dir='ltr'><strong>ihi</strong></span> <span class='ocrx_word' id='word_1_409' title='bbox 1911 3611 1963 3688; x_wconf 89' lang='lat' dir='ltr'><strong>sit,</strong></span> 
     </span>
     <span class='ocr_line' id='line_1_66' title="bbox 1219 3707 1963 3789; baseline 0.001 -21"><span class='ocrx_word' id='word_1_410' title='bbox 1219 3716 1337 3769; x_wconf 89' lang='lat' dir='ltr'><strong>tantam</strong></span> <span class='ocrx_word' id='word_1_411' title='bbox 1359 3708 1428 3789; x_wconf 90' lang='lat' dir='ltr'><strong>ejus</strong></span> <span class='ocrx_word' id='word_1_412' title='bbox 1449 3709 1486 3769; x_wconf 89' lang='lat' dir='ltr'><strong>ad</strong></span> <span class='ocrx_word' id='word_1_413' title='bbox 1503 3728 1561 3771; x_wconf 91' lang='lat' dir='ltr'><strong>nos</strong></span> <span class='ocrx_word' id='word_1_414' title='bbox 1581 3708 1755 3784; x_wconf 88' lang='lat' dir='ltr'><strong>caritatem,</strong></span> <span class='ocrx_word' id='word_1_415' title='bbox 1773 3707 1963 3788; x_wconf 82' lang='lat' dir='ltr'><strong>largitatem,</strong></span> 
     </span>
     <span class='ocr_line' id='line_1_67' title="bbox 1218 3806 1967 3889; baseline 0 -20"><span class='ocrx_word' id='word_1_416' title='bbox 1218 3808 1434 3889; x_wconf 83' lang='lat' dir='ltr'><strong>dignationem</strong></span> <span class='ocrx_word' id='word_1_417' title='bbox 1460 3806 1623 3885; x_wconf 88' lang='lat' dir='ltr'><strong>miremur,</strong></span> <span class='ocrx_word' id='word_1_418' title='bbox 1643 3806 1788 3869; x_wconf 87' lang='lat' dir='ltr'><strong>mirando</strong></span> <span class='ocrx_word' id='word_1_419' title='bbox 1812 3808 1967 3869; x_wconf 88' lang='lat' dir='ltr'><strong>accenda-</strong></span> 
     </span>
     <span class='ocr_line' id='line_1_68' title="bbox 1218 3905 1967 3986; baseline 0 -19"><span class='ocrx_word' id='word_1_420' title='bbox 1218 3926 1300 3983; x_wconf 90' lang='lat' dir='ltr'><strong>mur,</strong></span> <span class='ocrx_word' id='word_1_421' title='bbox 1318 3906 1520 3968; x_wconf 90' lang='lat' dir='ltr'><strong>accendendo</strong></span> <span class='ocrx_word' id='word_1_422' title='bbox 1546 3905 1765 3986; x_wconf 80' lang='lat' dir='ltr'><strong>regratiamur,</strong></span> <span class='ocrx_word' id='word_1_423' title='bbox 1792 3924 1829 3967; x_wconf 91' lang='lat' dir='ltr'><strong>ac</strong></span> <span class='ocrx_word' id='word_1_424' title='bbox 1861 3924 1967 3986; x_wconf 81' lang='lat' dir='ltr'><strong>regra-</strong></span> 
     </span>
     <span class='ocr_line' id='line_1_69' title="bbox 1219 4002 1966 4084; baseline -0.001 -18"><span class='ocrx_word' id='word_1_425' title='bbox 1219 4004 1327 4067; x_wconf 90' lang='lat' dir='ltr'><strong>tiando</strong></span> <span class='ocrx_word' id='word_1_426' title='bbox 1359 4003 1547 4065; x_wconf 89' lang='lat' dir='ltr'><strong>fidelissime</strong></span> <span class='ocrx_word' id='word_1_427' title='bbox 1580 4002 1793 4083; x_wconf 91' lang='lat' dir='ltr'><strong>obsequamur</strong></span> <span class='ocrx_word' id='word_1_428' title='bbox 1820 4003 1853 4064; x_wconf 89' lang='lat' dir='ltr'><strong>io</strong></span> <span class='ocrx_word' id='word_1_429' title='bbox 1886 4022 1966 4084; x_wconf 77' lang='lat' dir='ltr'><strong>prae-</strong></span> 
     </span>
     <span class='ocr_line' id='line_1_70' title="bbox 1219 4100 1967 4179; baseline -0.004 -14"><span class='ocrx_word' id='word_1_430' title='bbox 1219 4103 1310 4165; x_wconf 86' lang='lat' dir='ltr'><strong>tactis</strong></span> <span class='ocrx_word' id='word_1_431' title='bbox 1340 4102 1520 4179; x_wconf 88' lang='lat' dir='ltr'><strong>virtutibus,</strong></span> <span class='ocrx_word' id='word_1_432' title='bbox 1554 4110 1586 4164; x_wconf 89' lang='grc'><strong>61</strong></span> <span class='ocrx_word' id='word_1_433' title='bbox 1619 4101 1652 4162; x_wconf 91' lang='grc'><strong>16</strong></span> <span class='ocrx_word' id='word_1_434' title='bbox 1681 4100 1768 4163; x_wconf 89' lang='grc'><strong>61661</strong></span> <span class='ocrx_word' id='word_1_435' title='bbox 1802 4100 1967 4162; x_wconf 83' lang='grc'><strong>1166111116-</strong></span> 
     </span>
    </p>
   </div>
   <div class='ocr_carea' id='block_1_13' title="bbox 416 4194 1964 4282">
    <p class='ocr_par' dir='ltr' id='par_1_14' title="bbox 416 4194 1964 4282">
     <span class='ocr_line' id='line_1_71' title="bbox 416 4194 1964 4282; baseline 0.001 -24"><span class='ocrx_word' id='word_1_436' title='bbox 416 4196 576 4258; x_wconf 90' lang='lat' dir='ltr'><strong>ministrat</strong></span> <span class='ocrx_word' id='word_1_437' title='bbox 591 4196 624 4257; x_wconf 90' lang='lat' dir='ltr'><strong>in</strong></span> <span class='ocrx_word' id='word_1_438' title='bbox 639 4196 921 4260; x_wconf 82' lang='lat' dir='ltr'><strong>medicinamlSie</strong></span> <span class='ocrx_word' id='word_1_439' title='bbox 938 4206 969 4260; x_wconf 90' lang='lat' dir='ltr'><strong>et</strong></span> <span class='ocrx_word' id='word_1_440' title='bbox 984 4194 1262 4280; x_wconf 85' lang='lat' dir='ltr'><strong>misericor-Dte,</strong></span> <span class='ocrx_word' id='word_1_441' title='bbox 1295 4199 1458 4282; x_wconf 90' lang='lat' dir='ltr'><strong>patientia,</strong></span> <span class='ocrx_word' id='word_1_442' title='bbox 1493 4199 1674 4262; x_wconf 89' lang='lat' dir='ltr'><strong>obedientia</strong></span> <span class='ocrx_word' id='word_1_443' title='bbox 1708 4199 1858 4261; x_wconf 88' lang='lat' dir='ltr'><strong>sectando</strong></span> <span class='ocrx_word' id='word_1_444' title='bbox 1892 4199 1964 4279; x_wconf 83' lang='lat' dir='ltr'><strong>ejus</strong></span> 
     </span>
    </p>
   </div>
   <div class='ocr_carea' id='block_1_14' title="bbox 415 4296 1163 4380">
    <p class='ocr_par' dir='ltr' id='par_1_15' title="bbox 415 4296 1163 4380">
     <span class='ocr_line' id='line_1_72' title="bbox 415 4296 1163 4380; baseline 0.004 -23"><span class='ocrx_word' id='word_1_445' title='bbox 415 4296 468 4357; x_wconf 90' lang='lat' dir='ltr'><strong>dia</strong></span> <span class='ocrx_word' id='word_1_446' title='bbox 482 4314 607 4357; x_wconf 88' lang='lat' dir='ltr'><strong>summa</strong></span> <span class='ocrx_word' id='word_1_447' title='bbox 621 4303 678 4373; x_wconf 88' lang='lat' dir='ltr'><strong>cst,</strong></span> <span class='ocrx_word' id='word_1_448' title='bbox 697 4315 729 4359; x_wconf 93' lang='lat' dir='ltr'><strong>se</strong></span> <span class='ocrx_word' id='word_1_449' title='bbox 749 4296 854 4378; x_wconf 93' lang='lat' dir='ltr'><strong>ipsum</strong></span> <span class='ocrx_word' id='word_1_450' title='bbox 875 4297 965 4359; x_wconf 89' lang='lat' dir='ltr'><strong>alteri</strong></span> <span class='ocrx_word' id='word_1_451' title='bbox 986 4316 1163 4380; x_wconf 76' lang='lat' dir='ltr'><strong>preparare</strong></span> 
     </span>
    </p>
   </div>
   <div class='ocr_carea' id='block_1_15' title="bbox 1222 4298 1366 4379">
    <p class='ocr_par' dir='ltr' id='par_1_16' title="bbox 1222 4298 1366 4379">
     <span class='ocr_line' id='line_1_73' title="bbox 1222 4298 1366 4379; baseline 0 -18"><span class='ocrx_word' id='word_1_452' title='bbox 1222 4298 1366 4379; x_wconf 79' lang='lat' dir='ltr'><strong>vestigia.</strong></span> 
     </span>
    </p>
   </div>
   <div class='ocr_carea' id='block_1_16' title="bbox 0 0 2160 6259">
    <p class='ocr_par' dir='ltr' id='par_1_17' title="bbox 0 0 2160 6259">
     <span class='ocr_line' id='line_1_74' title="bbox 0 0 2160 6259; baseline 0 7"><span class='ocrx_word' id='word_1_453' title='bbox 0 0 2160 6259; x_wconf 95' lang='lat' dir='ltr'><strong> </strong></span> 
     </span>
    </p>
   </div>
  </div>
 </body>
</html>
